{"host":"gsgpu9obojnqwpp0","time":1609394810,"event":{"mods":["AchievementEnabler","BaseMod","Block Reminder","DeckTracker","Minty Spire (QoL Compilation)","Permanent Neow"],"gold_per_floor":[111,36,51,66,84,84,98,98,122,122,139,154,154,154,154,259,259,278,238,250,250,300,300,300,300,300,330,330,330],"floor_reached":28,"playtime":752,"items_purged":["Strike_P"],"score":292,"play_id":"44dd8ce1-a70f-45b3-86f8-6af6bf7d4fa6","local_time":"20201231010650","is_ascension_mode":true,"campfire_choices":[{"data":"FlurryOfBlows","floor":6,"key":"SMITH"},{"data":"Conclude","floor":10,"key":"SMITH"},{"data":"Eruption","floor":13,"key":"SMITH"},{"floor":15,"key":"REST"},{"data":"LikeWater","floor":23,"key":"SMITH"},{"data":"ClearTheMind","floor":25,"key":"SMITH"}],"circlet_count":0,"master_deck":["Strike_P","Strike_P","Defend_P","Defend_P","Defend_P","Eruption+1","Vigilance","FlurryOfBlows+1","Conclude+1","Halt","EmptyBody","EmptyMind","ClearTheMind+1","LikeWater+1","Study"],"relics":["Busted Crown","Tiny Chest","Sozu","Nunchaku","Oddly Smooth Stone","Eternal Feather","PreservedInsect"],"acts_visited":["Exordium","TheCity"],"potions_floor_usage":[12,16,20],"damage_taken":[{"damage":0,"enemies":"Cultist","floor":1,"turns":2},{"damage":0,"enemies":"2 Louse","floor":3,"turns":2},{"damage":5,"enemies":"Small Slimes","floor":4,"turns":3},{"damage":2,"enemies":"Blue Slaver","floor":5,"turns":2},{"damage":0,"enemies":"3 Louse","floor":7,"turns":2},{"damage":0,"enemies":"Exordium Thugs","floor":11,"turns":2},{"damage":0,"enemies":"Exordium Wildlife","floor":12,"turns":2},{"damage":0,"enemies":"Slime Boss","floor":16,"turns":6},{"damage":0,"enemies":"3 Byrds","floor":18,"turns":5},{"damage":0,"enemies":"Spheric Guardian","floor":20,"turns":3},{"damage":41,"enemies":"Book of Stabbing","floor":27,"turns":7},{"damage":32,"enemies":"Snake Plant","floor":28,"turns":2}],"seed_played":"-2290243336464363085","potions_obtained":[{"floor":3,"key":"FearPotion"},{"floor":4,"key":"SneckoOil"},{"floor":5,"key":"AttackPotion"},{"floor":11,"key":"AttackPotion"}],"is_trial":false,"path_per_floor":["M","$","M","M","M","R","M","?","T","R","M","M","R","?","R","B",null,"M","$","M","?","T","R","?","R","T","E","M"],"character_chosen":"WATCHER","items_purchased":["LikeWater"],"campfire_rested":1,"item_purchase_floors":[19],"current_hp_per_floor":[72,72,72,67,65,65,65,65,65,65,65,65,65,58,72,72,72,72,72,72,72,72,72,72,72,72,31,0,0],"gold":330,"neow_bonus":"BOSS_RELIC","is_daily":false,"chose_seed":false,"campfire_upgraded":5,"win_rate":0.0,"timestamp":1609394810,"path_taken":["M","$","M","M","M","R","M","?","T","R","?","M","R","?","R","BOSS","M","$","M","?","?","R","?","R","T","E","M"],"items_purchased_type":["Card"],"build_version":"2020-12-22","purchased_purges":1,"victory":false,"max_hp_per_floor":[72,72,72,72,72,72,72,72,72,72,72,72,72,72,72,72,72,72,72,72,72,72,72,72,72,72,72,72,72],"card_choices":[{"not_picked":[],"picked":"FlurryOfBlows","floor":1},{"not_picked":[],"picked":"Conclude","floor":3},{"not_picked":["Tantrum"],"picked":"SKIP","floor":4},{"not_picked":[],"picked":"Halt","floor":5},{"not_picked":[],"picked":"EmptyBody","floor":7},{"not_picked":["WheelKick"],"picked":"SKIP","floor":11},{"not_picked":[],"picked":"EmptyMind","floor":12},{"not_picked":[],"picked":"ClearTheMind","floor":18},{"not_picked":["EmptyBody"],"picked":"SKIP","floor":20},{"not_picked":[],"picked":"Study","floor":27}],"player_experience":243522,"relics_obtained":[{"floor":9,"key":"Tiny Chest"},{"floor":22,"key":"Oddly Smooth Stone"},{"floor":26,"key":"Eternal Feather"},{"floor":27,"key":"PreservedInsect"}],"event_choices":[{"cards_removed":["Strike_P"],"damage_healed":0,"gold_gain":0,"player_choice":"Offered Basic","damage_taken":0,"max_hp_gain":0,"max_hp_loss":0,"event_name":"Bonfire Elementals","floor":8,"gold_loss":0},{"cards_removed":["Defend_P"],"damage_healed":0,"gold_gain":0,"player_choice":"Card Removal","damage_taken":7,"max_hp_gain":0,"max_hp_loss":0,"event_name":"Golden Wing","floor":14,"gold_loss":0},{"damage_healed":0,"gold_gain":0,"player_choice":"Opened","damage_taken":0,"relics_obtained":["Nunchaku"],"max_hp_gain":0,"max_hp_loss":0,"event_name":"The Mausoleum","floor":21,"gold_loss":0},{"damage_healed":0,"gold_gain":0,"player_choice":"Ignored","damage_taken":0,"max_hp_gain":0,"max_hp_loss":0,"event_name":"Vampires","floor":24,"gold_loss":0}],"is_beta":false,"boss_relics":[{"not_picked":["SlaversCollar","Velvet Choker"],"picked":"Sozu"}],"items_purged_floors":[2],"is_endless":false,"potions_floor_spawned":[3,4,5,11,27],"killed_by":"Snake Plant","ascension_level":1}}