{"host":"nzq3d31h1j2g5t95","time":1609442058,"event":{"mods":["BaseMod","Hubris","KinomotoSakuraMod(Ä¾Ö®±¾Ó£)","Minty Spire (QoL Compilation)","StSLib","[IsaacMod]ÒÔÈö¼âËþ"],"gold_per_floor":[119,119,194,194,4,38,50,0,68,85,102,29,29,69,69,199,199,214,235,235,60,60,45,45,77,77,111,111,146,113,413,424,424,434,453,488,498,525,525,525,538,553,581,596,596,693,693,712,712,712,712,712,738,738,764,839,858,886,937,971,990,990,990],"floor_reached":51,"playtime":4359,"items_purged":["Regret","Strike_R","Defend_R","Strike_R","Strike_R","Defend_R"],"score":1954,"play_id":"81ec2208-755a-4838-b6bf-de91f4e70a57","local_time":"20210101031418","is_ascension_mode":true,"campfire_choices":[{"data":"Inflame","floor":15.0,"key":"SMITH"},{"data":"Heavy Blade","floor":24.0,"key":"SMITH"},{"data":"Fiend Fire","floor":28.0,"key":"SMITH"},{"floor":32,"key":"DIG"},{"floor":49,"key":"DIG"}],"circlet_count":4,"master_deck":["Strike_R","Strike_R+1","Defend_R","Defend_R","Bash+1","Feel No Pain","Inflame+1","Shockwave","Pummel","Ghostly Armor","Fiend Fire+1","hubris:StunningStrike","Body Slam+1","Heavy Blade+1","Armaments","Power Through","Evolve+1","Apotheosis","Good Instincts","hubris:DuctTapeCard","Forethought+1","Fiend Fire+1","Power Through+1"],"relics":["Burning Blood","HushsDoor","GuppysTail","NeowsBlessing","BookOfRevelations","hubris:Icosahedron","SteamSale","hubris:SlimyHat","Self Forming Clay","hubris:EmptyBottle","Bloody Idol","WingedGreaves","SacredBark","JudasShadow","GuppysCollar","hubris:Towel","ClockworkSouvenir","hubris:MysteriousPyramids","Leech","Mango","The Courier","Chemical X","SteamSale","hubris:Reverence","Bag of Marbles","hubris:SphereOfDissonance","Bronze Scales","TheBean","Pantograph","DeathBook","Whetstone","White Beast Statue","Torii","Peace Pipe","hubris:ToyBattleship","Magic Flower","Pocketwatch","Orichalcum","hubris:Zylophone","Red Skull","hubris:CrystalStatue","Singing Bowl","Question Card","TuHaoJin","Potion Belt","Lantern","hubris:ChampionShield","BelialBook","Happy Flower","Shuriken","Kunai","hubris:Metronome","Pen Nib","Void","D6","PreservedInsect","Art of War","Blood Vial","Vajra","hubris:TenFootPole","BloodBag","SharpPlug","Pear","Nunchaku","TungstenRod","Dream Catcher","Oddly Smooth Stone","MealTicket","Sundial","InkBottle","Juzu Bracelet","Thread and Needle","BlankCard","hubris:DuctTape","Omamori","Mummified Hand","Strawberry","Bag of Preparation","TheBible","Boot","hubris:DeckOfHolding","SalivaCoin","GuppysPaw","Toy Ornithopter","DeadEye","Blue Candle","Anchor","hubris:TinFlute","Tiny Chest","Mercury Hourglass","GnawedLeaf","hubris:Teleporter","hubris:PeanutButter","DoctorsRemote","hubris:AstralHammer","UnicornStump","HowToJump","Gremlin Horn","Molten Egg 2","hubris:DisguiseKit","AnarchistCookbook","Ornamental Fan","Calipers","Shovel","HornCleat","PillsDrop","Darkstone Periapt","hubris:IronBody","Meat on the Bone","Toxic Egg 2","Sling","StoneCalendar","hubris:MedicalManual","hubris:Spice","Eternal Feather","YumHeart","SatanicBible","Gambling Chip","hubris:Potato","EdensBlessing","Circlet","Black Star","GuppysCollar"],"acts_visited":["TheCity","TheBeyond"],"potions_floor_usage":[21,21,21,21,31,31,50,50,50,50,50,50,50,50,50,50],"damage_taken":[{"damage":0.0,"enemies":"Jaw Worm","floor":1.0,"turns":1.0},{"damage":0.0,"enemies":"Lagavulin","floor":6.0,"turns":1.0},{"damage":0.0,"enemies":"2 Louse","floor":7.0,"turns":1.0},{"damage":14.0,"enemies":"Small Slimes","floor":10.0,"turns":4.0},{"damage":16.0,"enemies":"3 Louse","floor":11.0,"turns":5.0},{"damage":8.0,"enemies":"Gremlin Nob","floor":14.0,"turns":3.0},{"damage":0.0,"enemies":"Hexaghost","floor":16.0,"turns":8.0},{"damage":17.0,"enemies":"Spheric Guardian","floor":18.0,"turns":4.0},{"damage":12.0,"enemies":"Chosen","floor":19.0,"turns":5.0},{"damage":25.0,"enemies":"Book of Stabbing","floor":23.0,"turns":4.0},{"damage":0.0,"enemies":"Gremlin Leader","floor":25.0,"turns":3.0},{"damage":7.0,"enemies":"Slavers","floor":27.0,"turns":5.0},{"damage":0.0,"enemies":"Gremlin Leader","floor":29.0,"turns":2.0},{"damage":0,"enemies":"3 Byrds","floor":18,"turns":1},{"damage":0,"enemies":"Shell Parasite","floor":20,"turns":1},{"damage":0,"enemies":"Centurion and Healer","floor":21,"turns":1},{"damage":0,"enemies":"Book of Stabbing","floor":23,"turns":1},{"damage":0,"enemies":"Snake Plant","floor":24,"turns":1},{"damage":0,"enemies":"Gremlin Leader","floor":25,"turns":1},{"damage":0,"enemies":"Shelled Parasite and Fungi","floor":28,"turns":2},{"damage":0,"enemies":"Cultist and Chosen","floor":29,"turns":1},{"damage":0,"enemies":"Slavers","floor":30,"turns":2},{"damage":0,"enemies":"Snake Plant","floor":31,"turns":1},{"damage":0,"enemies":"hubris:MusketHawk","floor":33,"turns":1},{"damage":0,"enemies":"Orb Walker","floor":35,"turns":1},{"damage":0,"enemies":"Reptomancer","floor":40,"turns":1},{"damage":0,"enemies":"Nemesis","floor":42,"turns":1},{"damage":0,"enemies":"3 Darklings","floor":44,"turns":1},{"damage":0,"enemies":"Giant Head","floor":45,"turns":1},{"damage":0,"enemies":"2 Orb Walkers","floor":46,"turns":1},{"damage":0,"enemies":"Nemesis","floor":47,"turns":1},{"damage":0,"enemies":"Maw","floor":48,"turns":1},{"damage":0,"enemies":"Donu and Deca","floor":50,"turns":3}],"seed_played":"7834783091329045464","potions_obtained":[{"floor":1.0,"key":"PowerPotion"},{"floor":7.0,"key":"GamblersBrew"},{"floor":16.0,"key":"Regen Potion"},{"floor":18.0,"key":"Strength Potion"},{"floor":20,"key":"Fruit Juice"},{"floor":21,"key":"HeartOfIron"},{"floor":23,"key":"GamblersBrew"},{"floor":24,"key":"CultistPotion"},{"floor":30,"key":"Fruit Juice"},{"floor":31,"key":"Strength Potion"}],"is_trial":false,"path_per_floor":["M","?","?","?","$","E","M","$","T","M","M","$","?","E","R","B",null,"M","M","?","$","?","E","R","E","T","E","R","E","$","?","M","$","M","M","E","M","E","T","$","M","M","E","M","R","B",null,"M","?","?","T","?","E","?","E","T","M","E","?","E","M","R","B",null],"character_chosen":"IRONCLAD","items_purchased":["SteamSale","hubris:EmptyBottle","JudasShadow","GuppysCollar","HeartOfIron","hubris:StunningStrike","ClockworkSouvenir","Inflame","Chemical X","hubris:Reverence","Bag of Marbles","hubris:SphereOfDissonance","BloodDonationMachine","Bronze Scales","TheBean","Pantograph","BookofShadows","DeathBook","Whetstone","White Beast Statue","Torii","Peace Pipe","hubris:ToyBattleship","Magic Flower","Pocketwatch","Orichalcum","hubris:Zylophone","Red Skull","hubris:CrystalStatue","Singing Bowl","Question Card","TuHaoJin","Potion Belt","DuplicationPotion","PowerPotion","Apotheosis","Lantern","Good Instincts","hubris:ChampionShield","BelialBook","Happy Flower","Shuriken","Kunai","hubris:Metronome","Pen Nib","Void","D6","PreservedInsect","Art of War","Blood Vial","Vajra","hubris:TenFootPole","SharpPlug","Pear","Nunchaku","TungstenRod","Dream Catcher","Oddly Smooth Stone","MealTicket","Sundial","InkBottle","Juzu Bracelet","Thread and Needle","BlankCard","hubris:DuctTape","Omamori","Mummified Hand","Strawberry","Bag of Preparation","ForgetMeNow","TheBible","Boot","hubris:DeckOfHolding","SalivaCoin","GuppysPaw","Toy Ornithopter","DeadEye","Blue Candle","Anchor","hubris:TinFlute","Tiny Chest","Mercury Hourglass","GnawedLeaf","hubris:Teleporter","hubris:PeanutButter","DoctorsRemote","hubris:AstralHammer","UnicornStump","HowToJump","Gremlin Horn","Molten Egg 2","hubris:DisguiseKit","AnarchistCookbook","Ornamental Fan","Calipers","Shovel","HornCleat","PillsDrop","Darkstone Periapt","hubris:IronBody","Meat on the Bone","Toxic Egg 2","EssenceOfSteel","Fruit Juice","Sling","StoneCalendar","hubris:MedicalManual","hubris:Spice","hubris:Spice","hubris:Spice","hubris:Spice","hubris:Spice","hubris:Spice","hubris:Spice","Eternal Feather","YumHeart","SatanicBible","Gambling Chip","Forethought+1","hubris:Spice","hubris:Spice","hubris:Spice","hubris:Spice","hubris:Spice","EdensBlessing","hubris:Spice","GuppysCollar"],"campfire_rested":0,"item_purchase_floors":[5,12,17,17,17,17,21,21,30,30,30,30,30,30,30,30,30,30,30,30,30,30,30,30,30,30,30,30,30,30,30,30,30,30,30,30,30,30,30,30,30,30,30,30,30,30,30,30,30,30,30,30,30,30,30,30,30,30,30,30,30,30,30,30,30,30,30,30,30,30,30,30,30,30,30,30,30,30,30,30,30,30,30,30,30,30,30,30,30,30,30,30,30,30,30,30,30,30,30,30,30,30,30,30,19,19,19,19,19,19,19,19,19,19,19,19,19,19,19,27,27,27,27,27,27,27,34],"current_hp_per_floor":[78,78,67,67,67,73,79,79,79,71,61,61,41,39,39,45,41,30,24,24,24,24,1,1,1,15,15,15,15,39,39,41,17,19,61,55,57,59,51,3,5,7,3,25,30,32,19,21,21,21,13,13,3,5,3,1,3,8,15,14,16,8,8],"gold":990,"neow_bonus":"THREE_ENEMY_KILL","is_daily":false,"chose_seed":false,"campfire_upgraded":3,"win_rate":0.0,"timestamp":1609442058,"path_taken":["M","?","?","?","$","E","M","$","T","M","?","$","?","E","R","BOSS","M","M","?","$","?","E","R","E","T","E","R","E","$","?","M","$","M","M","E","M","E","T","$","M","M","E","M","R","BOSS","M","?","?","?","?","E","?","E","T","M","E","?","E","M","R","BOSS"],"items_purchased_type":["Relic","Relic","Relic","Relic","Potion","Card","Relic","Card","Relic","Relic","Relic","Relic","Relic","Relic","Relic","Relic","Relic","Relic","Relic","Relic","Relic","Relic","Relic","Relic","Relic","Relic","Relic","Relic","Relic","Relic","Relic","Relic","Relic","Potion","Potion","Card","Relic","Card","Relic","Relic","Relic","Relic","Relic","Relic","Relic","Card","Relic","Relic","Relic","Relic","Relic","Relic","Relic","Relic","Relic","Relic","Relic","Relic","Relic","Relic","Relic","Relic","Relic","Relic","Relic","Relic","Relic","Relic","Relic","Relic","Relic","Relic","Relic","Relic","Relic","Relic","Relic","Relic","Relic","Relic","Relic","Relic","Relic","Relic","Relic","Relic","Relic","Relic","Relic","Relic","Relic","Relic","Relic","Relic","Relic","Relic","Relic","Relic","Relic","Relic","Relic","Relic","Potion","Potion","Relic","Relic","Relic","Relic","Relic","Relic","Relic","Relic","Relic","Relic","Relic","Relic","Relic","Relic","Card","Relic","Relic","Relic","Relic","Relic","Relic","Relic","Relic"],"build_version":"2020-12-22","purchased_purges":6,"victory":true,"max_hp_per_floor":[80,80,80,80,80,80,80,80,80,80,80,80,80,80,80,80,41,41,41,41,41,41,1,1,1,15,15,15,15,39,39,41,17,19,61,55,57,59,51,3,5,7,3,25,30,32,19,21,21,21,13,13,3,5,3,1,3,8,15,14,16,8,8],"card_choices":[{"not_picked":["Rupture","Searing Blow"],"picked":"Feel No Pain","floor":1.0},{"not_picked":["Twin Strike","Warcry","Feel No Pain"],"picked":"SKIP","floor":6.0},{"not_picked":["Iron Wave","Thunderclap"],"picked":"Inflame","floor":7.0},{"not_picked":["hubris:ReadiedAction","Headbutt"],"picked":"Shockwave","floor":10.0},{"not_picked":["Searing Blow","hubris:SharpeningStone"],"picked":"Pummel","floor":11.0},{"not_picked":["Havoc","True Grit"],"picked":"Ghostly Armor","floor":14.0},{"not_picked":["Feed","Bludgeon"],"picked":"Fiend Fire","floor":16.0},{"not_picked":["Havoc","Second Wind"],"picked":"Body Slam+1","floor":18.0},{"not_picked":["Havoc","Pommel Strike+1"],"picked":"Heavy Blade","floor":19.0},{"not_picked":["Twin Strike","Armaments+1"],"picked":"Flex","floor":23.0},{"not_picked":["Uppercut","Reaper"],"picked":"Armaments","floor":25.0},{"not_picked":["Body Slam","Seeing Red"],"picked":"Power Through","floor":27.0},{"not_picked":["Rage","Twin Strike+1"],"picked":"Evolve+1","floor":29.0},{"not_picked":["Armaments+1","Pommel Strike+1","Clothesline+1","hubris:ReadiedAction+1","Dagger Spray"],"picked":"Singing Bowl","floor":18},{"not_picked":["Perfected Strike+1","hubris:SpiceAddiction","hubris:SpiceAddiction","Twin Strike+1","Skewer"],"picked":"Singing Bowl","floor":20},{"not_picked":["hubris:SpiceAddiction","hubris:SpiceAddiction","Seeing Red+1","Wild Strike+1","Cloak And Dagger"],"picked":"Singing Bowl","floor":21},{"not_picked":["Headbutt+1","Heavy Blade+1","Dual Wield+1","hubris:SpiceAddiction","Underhanded Strike"],"picked":"Singing Bowl","floor":23},{"not_picked":["hubris:SpiceAddiction","Searing Blow+1","Spot Weakness+1","Second Wind+1","Footwork"],"picked":"Singing Bowl","floor":24},{"not_picked":["Dark Embrace+1","Twin Strike+1","Inflame","Warcry+1","Blade Dance"],"picked":"Singing Bowl","floor":25},{"not_picked":["Rampage+1","Clothesline+1","Body Slam+1","Clash+1","Blur"],"picked":"Singing Bowl","floor":28},{"not_picked":["Infernal Blade+1","True Grit+1","Reckless Charge+1","Body Slam+1","Blur"],"picked":"Singing Bowl","floor":29},{"not_picked":["Wild Strike+1","Infernal Blade+1","hubris:ReadiedAction+1","Sword Boomerang+1","Dodge and Roll"],"picked":"Singing Bowl","floor":30},{"not_picked":["hubris:SpiceAddiction","Flex+1","Heavy Blade+1","Whirlwind+1","Prepared"],"picked":"Singing Bowl","floor":31},{"not_picked":["Offering+1","Juggernaut","hubris:SpiceAddiction","Immolate+1","Glass Knife"],"picked":"Singing Bowl","floor":33},{"not_picked":["Pommel Strike+1","Twin Strike+1","Clothesline+1","Anger+1","Flechettes"],"picked":"Singing Bowl","floor":35},{"not_picked":["Headbutt+1","Power Through+1","Armaments+1","Heavy Blade+1","Bane"],"picked":"Singing Bowl","floor":40},{"not_picked":["Deep Breath+1","Bandage Up+1","EpicFetus","Panacea+1"],"picked":"Singing Bowl","floor":41},{"not_picked":["Body Slam+1","Thunderclap+1","Twin Strike+1","hubris:SpiceAddiction","Dagger Spray"],"picked":"Singing Bowl","floor":42},{"not_picked":["Twin Strike+1","hubris:SpiceAddiction","Headbutt+1","Blood for Blood+1","Dagger Spray"],"picked":"Singing Bowl","floor":44},{"not_picked":["hubris:SpiceAddiction","Barricade","hubris:SpiceAddiction","hubris:SpiceAddiction","Deadly Poison"],"picked":"Singing Bowl","floor":45},{"not_picked":["Clothesline+1","Cleave+1","Battle Trance+1","Infernal Blade+1","Underhanded Strike"],"picked":"Singing Bowl","floor":46},{"not_picked":["Juggernaut","Dual Wield+1","Clash+1","Pommel Strike+1","Terror"],"picked":"Singing Bowl","floor":47},{"not_picked":["Havoc+1","Cleave+1","hubris:ReadiedAction+1","Limit Break+1","Deadly Poison"],"picked":"Singing Bowl","floor":48}],"player_experience":153057,"relics_obtained":[{"floor":6.0,"key":"hubris:SlimyHat"},{"floor":9.0,"key":"Self Forming Clay"},{"floor":14.0,"key":"WingedGreaves"},{"floor":23.0,"key":"hubris:MysteriousPyramids"},{"floor":25.0,"key":"Leech"},{"floor":26.0,"key":"Mango"},{"floor":27.0,"key":"The Courier"},{"floor":29.0,"key":"Diplopia"},{"floor":23,"key":"hubris:Spice"},{"floor":25,"key":"hubris:Potato"},{"floor":26,"key":"hubris:Spice"},{"floor":30,"key":"hubris:Spice"},{"floor":32,"key":"Circlet"},{"floor":38,"key":"hubris:Spice"},{"floor":40,"key":"hubris:Spice"},{"floor":40,"key":"hubris:Spice"},{"floor":42,"key":"hubris:Spice"},{"floor":42,"key":"hubris:Spice"},{"floor":43,"key":"hubris:Spice"},{"floor":45,"key":"hubris:Spice"},{"floor":45,"key":"Circlet"},{"floor":46,"key":"Circlet"},{"floor":47,"key":"hubris:Spice"},{"floor":47,"key":"Circlet"},{"floor":49,"key":"hubris:Spice"}],"event_choices":[{"damage_healed":0.0,"max_hp_gain":0.0,"max_hp_loss":0.0,"gold_gain":0.0,"event_name":"Big Fish","player_choice":"Box","floor":2.0,"gold_loss":0.0,"damage_taken":0.0,"relics_obtained":["BookOfRevelations"],"cards_obtained":["Regret"]},{"damage_healed":0.0,"max_hp_gain":0.0,"max_hp_loss":0.0,"gold_gain":75.0,"event_name":"World of Goop","player_choice":"Gather Gold","floor":3.0,"gold_loss":0.0,"damage_taken":11.0},{"damage_healed":0.0,"max_hp_gain":0.0,"max_hp_loss":0.0,"gold_gain":0.0,"event_name":"Golden Idol","player_choice":"Take Damage","floor":13.0,"gold_loss":0.0,"damage_taken":20.0,"relics_obtained":["Golden Idol"]},{"damage_healed":0.0,"max_hp_gain":0.0,"max_hp_loss":0.0,"gold_gain":0.0,"event_name":"Forgotten Altar","player_choice":"Gave Idol","floor":22.0,"relics_lost":["Golden Idol"],"gold_loss":0.0,"damage_taken":0.0,"relics_obtained":["Bloody Idol"]},{"damage_healed":0,"gold_gain":0,"player_choice":"Copied","damage_taken":0,"max_hp_gain":0,"max_hp_loss":0,"event_name":"Duplicator","floor":36,"gold_loss":0,"cards_obtained":["Fiend Fire"]},{"damage_healed":0,"gold_gain":0,"player_choice":"0 cards matched","damage_taken":0,"max_hp_gain":0,"max_hp_loss":0,"event_name":"Match and Keep!","floor":39,"gold_loss":0,"cards_obtained":[]},{"damage_healed":0,"gold_gain":0,"player_choice":"Memory 1","damage_taken":0,"max_hp_gain":0,"max_hp_loss":0,"event_name":"SensoryStone","floor":41,"gold_loss":0},{"damage_healed":0,"gold_gain":0,"player_choice":"Fight","damage_taken":0,"max_hp_gain":0,"max_hp_loss":0,"event_name":"Mysterious Sphere","floor":46,"gold_loss":0}],"is_beta":false,"boss_relics":[{"not_picked":["ChampionBelt","Runic Cube"],"picked":"SacredBark"},{"not_picked":[]},{"not_picked":["hubris:Spice","hubris:Spice"],"picked":"Black Star"},{"not_picked":[]}],"items_purged_floors":[5,8,17,21,30,27],"is_endless":false,"potions_floor_spawned":[1,7,16,18,29,18,20,21,23,24,25,28,29,30,31,33,35,40,44,45,46,47,48],"ascension_level":8}}