{"host":"wonp23fsqqcu31ie","time":1609413494,"event":{"mods":["2.2 Compatiblity","AchievementEnabler","Aspiration","BaseMod","Bestiary","Better Altar","Better Match","Better Sensory Stone","Better Skull","Better Third Choice","BetterRewards","Block Reminder","Colored Map","Colored Powertips","Conspire","Curses Come First","DeckTracker","Displayed Cursed Tome","Downfall","Hermit","Highlight Path","Hubris","Marisa????????","Minty Spire (QoL Compilation)","Permanent Neow","Quick Restart","Rare Cards Sparkle","Relic Stats","Replay The Spire","Robot Space Explorer","Shade Mod","Shop Mod","StSLib","SuperFastMode","The Animator","The Cursed","The Gatherer","The Marked","The Necromancer","The Runesmith","The Servant 0.9.4"],"gold_per_floor":[117,117,135,135,154,154,181,181,230,230,245,49,49,49,49,154,154,165,165,177,177,177],"floor_reached":21,"playtime":676,"items_purged":[],"score":177,"play_id":"82a51799-88f7-47b1-a649-099c5b4f2bba","local_time":"20201231221814","is_ascension_mode":false,"campfire_choices":[{"floor":6,"key":"REST"},{"floor":8,"key":"RECALL"},{"floor":10,"key":"REST"},{"data":"theMarked:SoldierForm","floor":13,"key":"SMITH"},{"floor":15,"key":"DIG"}],"circlet_count":0,"master_deck":["theMarked:Strike","theMarked:Strike","theMarked:Strike","theMarked:Strike","theMarked:Defend","theMarked:Defend","theMarked:Defend","theMarked:Defend","theMarked:SoldierOfQuellstein","theMarked:Parry+1","theMarked:EnhancedHearing","theMarked:Parkour","theMarked:SoldierForm+1","theMarked:DispelDoubt","theMarked:StartUp","theMarked:RogueSparks","theMarked:Static+1","theMarked:BindingBlade","theMarked:ChainLightning+1","theMarked:Aftermath"],"relics":["theMarked:ArtifactOfAir","aspiration:HatOfInfinitePower","conspire:GlowingRock","Vajra","hubris:Towel","Mercury Hourglass","hubris:TenFootPole","MerchantsRug","Kunai","Replay:Bronze Core","hubris:BottledRain"],"acts_visited":["Exordium","TheCity"],"potions_floor_usage":[16,18,18],"damage_taken":[{"damage":7,"enemies":"Jaw Worm","floor":1,"turns":4},{"damage":0,"enemies":"2 Louse","floor":3,"turns":2},{"damage":2,"enemies":"Cultist","floor":5,"turns":4},{"damage":12,"enemies":"Gremlin Nob","floor":7,"turns":4},{"damage":9,"enemies":"Large Slime","floor":11,"turns":4},{"damage":26,"enemies":"Fading Forest","floor":16,"turns":11},{"damage":16,"enemies":"2 Thieves","floor":18,"turns":5},{"damage":46,"enemies":"conspire:FuzzyDice","floor":20,"turns":4},{"damage":10,"enemies":"Centurion and Healer","floor":21,"turns":1}],"seed_played":"585774000604186134","potions_obtained":[{"floor":5,"key":"Milkshake"},{"floor":7,"key":"sneckomod:MuddlingPotion"},{"floor":11,"key":"Swift Potion"},{"floor":16,"key":"GamblersBrew"},{"floor":18,"key":"SkillPotion"},{"floor":20,"key":"SteroidPotion"}],"is_trial":false,"path_per_floor":["M","?","M","?","M","R","E","R","T","R","M","$","R","?","R_BF","B",null,"M","?","M","M"],"character_chosen":"THE_DEFAULT","items_purchased":["aspiration:HatOfInfinitePower","Vajra","theMarked:Parry+1","theMarked:EnhancedHearing","MerchantsRug","theMarked:Static+1"],"campfire_rested":2,"item_purchase_floors":[0,0,0,0,12,12],"current_hp_per_floor":[31,31,31,31,29,50,38,38,38,59,50,50,50,50,50,40,70,54,54,8,0,0],"gold":177,"neow_bonus":"","is_daily":false,"chose_seed":false,"campfire_upgraded":1,"win_rate":0.0,"timestamp":1609413494,"path_taken":["M","?","M","?","M","R","E","R","T","R","?","$","R","?","R_BF","BOSS","M","?","?","M"],"items_purchased_type":["Relic","Relic","Card","Card","Relic","Card"],"build_version":"2020-12-22","purchased_purges":0,"victory":false,"max_hp_per_floor":[70,70,70,70,70,70,70,70,70,70,70,70,70,70,70,70,70,70,70,70,70,70],"relic_stats":{"counters":[88,434],"Kunai":[6],"obtain_stats":[{"Ice Cream":12,"Calipers":0,"Vajra":0,"Boot":53,"Old Coin":40,"Ring of Searing":19,"conspire:GlowingRock":0,"HornCleat":11,"FaceOfCleric":19,"Replay:Bronze Core":17,"Philosopher\u0027s Stone":34,"MealTicket":9,"Kunai":15,"TheCursedMod:BlackMagic101":0,"MerchantsRug":20,"construct:RocketBooster":45,"Letter Opener":14,"aspiration:HiddenCompartment":23,"aspiration:FrozenJewel":25,"OrangePellets":13,"Replay:Baseball":20,"conspire:GiftBox":0,"ReplayTheSpireMod:Shallot":26,"Shuriken":44,"Molten Egg 2":9,"conspire:BottledYoYo":42,"hubris:TenFootPole":9,"Kintsugi":34,"StrikeDummy":20,"aspiration:HatOfInfinitePower":0,"Meat on the Bone":28,"TheCursedMod:SoulVessel":44,"Pocketwatch":0,"aspiration:Lifesprig":40,"Singing Bowl":26,"Replay:Multitool":0,"conspire:InfiniteJournal":0,"Replay:Rubber Ducky":7,"Dream Catcher":28,"Red Mask":30,"hubris:GlazedTorus":54,"Lee\u0027s Waffle":20,"Runesmith:Nanobots":45,"aspiration:FetidBarrel":47,"Golden Idol":2,"Omamori":42,"TheCursedMod:MagicCandle":39,"Orichalcum":9,"hubris:Towel":2,"Medical Kit":0,"Replay:Arrowhead":39,"Mercury Hourglass":2,"Peace Pipe":10,"sneckomod:BabySnecko":21,"Busted Crown":17,"TheCursedMod:OminousMark":34,"Ornamental Fan":43,"hubris:Spice":27,"Ring of Misfortune":19,"ChewingGum":17,"Bag of Marbles":48,"Durian":26,"Bottled Lightning":6,"Runesmith:AutoHammer":45,"hexamod:BolsterEngine":24,"hubris:BottledRain":19},{"Ice Cream":6,"Calipers":0,"Vajra":79,"Boot":51,"Old Coin":21,"Ring of Searing":36,"conspire:GlowingRock":79,"HornCleat":5,"FaceOfCleric":62,"Replay:Bronze Core":85,"Philosopher\u0027s Stone":17,"MealTicket":32,"Kunai":84,"TheCursedMod:BlackMagic101":0,"MerchantsRug":36,"construct:RocketBooster":23,"Letter Opener":7,"aspiration:HiddenCompartment":39,"aspiration:FrozenJewel":40,"OrangePellets":6,"Replay:Baseball":36,"conspire:GiftBox":53,"ReplayTheSpireMod:Shallot":66,"Shuriken":22,"Molten Egg 2":4,"conspire:BottledYoYo":76,"hubris:TenFootPole":83,"Kintsugi":70,"StrikeDummy":10,"aspiration:HatOfInfinitePower":79,"Meat on the Bone":13,"TheCursedMod:SoulVessel":22,"Pocketwatch":53,"aspiration:Lifesprig":74,"Singing Bowl":11,"Replay:Multitool":26,"conspire:InfiniteJournal":26,"Replay:Rubber Ducky":55,"Dream Catcher":41,"Red Mask":15,"hubris:GlazedTorus":52,"Lee\u0027s Waffle":36,"Runesmith:Nanobots":49,"aspiration:FetidBarrel":50,"Golden Idol":54,"Omamori":48,"TheCursedMod:MagicCandle":46,"Orichalcum":56,"hubris:Towel":80,"Medical Kit":53,"Replay:Arrowhead":73,"Mercury Hourglass":1,"Peace Pipe":56,"sneckomod:BabySnecko":10,"Busted Crown":8,"TheCursedMod:OminousMark":43,"Ornamental Fan":22,"hubris:Spice":40,"Ring of Misfortune":36,"ChewingGum":61,"Bag of Marbles":25,"Durian":40,"Bottled Lightning":30,"Runesmith:AutoHammer":77,"hexamod:BolsterEngine":65,"hubris:BottledRain":86},{"Ice Cream":22,"Calipers":0,"Vajra":396,"Boot":219,"Old Coin":89,"Ring of Searing":159,"conspire:GlowingRock":396,"HornCleat":17,"FaceOfCleric":273,"Replay:Bronze Core":425,"Philosopher\u0027s Stone":70,"MealTicket":136,"Kunai":414,"TheCursedMod:BlackMagic101":0,"MerchantsRug":159,"construct:RocketBooster":97,"Letter Opener":27,"aspiration:HiddenCompartment":168,"aspiration:FrozenJewel":172,"OrangePellets":22,"Replay:Baseball":159,"conspire:GiftBox":228,"ReplayTheSpireMod:Shallot":297,"Shuriken":92,"Molten Egg 2":14,"conspire:BottledYoYo":368,"hubris:TenFootPole":410,"Kintsugi":329,"StrikeDummy":45,"aspiration:HatOfInfinitePower":396,"Meat on the Bone":55,"TheCursedMod:SoulVessel":92,"Pocketwatch":228,"aspiration:Lifesprig":354,"Singing Bowl":47,"Replay:Multitool":118,"conspire:InfiniteJournal":118,"Replay:Rubber Ducky":240,"Dream Catcher":175,"Red Mask":61,"hubris:GlazedTorus":223,"Lee\u0027s Waffle":159,"Runesmith:Nanobots":210,"aspiration:FetidBarrel":213,"Golden Idol":234,"Omamori":206,"TheCursedMod:MagicCandle":196,"Orichalcum":243,"hubris:Towel":400,"Medical Kit":228,"Replay:Arrowhead":346,"Mercury Hourglass":3,"Peace Pipe":243,"sneckomod:BabySnecko":45,"Busted Crown":37,"TheCursedMod:OminousMark":184,"Ornamental Fan":92,"hubris:Spice":172,"Ring of Misfortune":159,"ChewingGum":268,"Bag of Marbles":107,"Durian":172,"Bottled Lightning":131,"Runesmith:AutoHammer":376,"hexamod:BolsterEngine":293,"hubris:BottledRain":429}],"Mercury Hourglass":[144]},"card_choices":[{"not_picked":["theMarked:WastefulAttack","theMarked:Parry"],"picked":"theMarked:Parkour","floor":1},{"not_picked":["theMarked:EnhanceMovement","theMarked:Parkour"],"picked":"theMarked:SoldierForm","floor":3},{"not_picked":["theMarked:ElementalBlade","theMarked:EnhancedHearing"],"picked":"theMarked:DispelDoubt","floor":5},{"not_picked":["theMarked:ContemptForTheProud","theMarked:PowerFlow"],"picked":"theMarked:StartUp","floor":7},{"not_picked":["theMarked:WastefulAttack","theMarked:Opportunist"],"picked":"theMarked:RogueSparks","floor":11},{"not_picked":["theMarked:MuscleMemory","theMarked:Snap"],"picked":"theMarked:BindingBlade","floor":16},{"not_picked":["theMarked:Reabsorb+1","theMarked:Parkour"],"picked":"theMarked:ChainLightning+1","floor":18},{"not_picked":["theMarked:WastefulDefense","theMarked:Electrify"],"picked":"theMarked:Aftermath","floor":20}],"player_experience":427106,"relics_obtained":[{"floor":7,"key":"Mercury Hourglass"},{"floor":9,"key":"hubris:TenFootPole"},{"floor":15,"key":"Kunai"}],"event_choices":[{"cards_removed":["theMarked:Strike"],"damage_healed":0,"gold_gain":0,"player_choice":"Offered Basic","damage_taken":0,"max_hp_gain":0,"max_hp_loss":0,"event_name":"Bonfire Elementals","floor":4,"gold_loss":0},{"damage_healed":0,"gold_gain":0,"player_choice":"Ignored","damage_taken":0,"max_hp_gain":0,"max_hp_loss":0,"event_name":"NoteForYourself","floor":14,"gold_loss":0},{"damage_healed":0,"gold_gain":0,"player_choice":"Gave Potion","damage_taken":0,"relics_obtained":["hubris:BottledRain"],"max_hp_gain":0,"max_hp_loss":0,"event_name":"WeMeetAgain","floor":19,"gold_loss":0}],"is_beta":false,"boss_relics":[{"not_picked":["hubris:HollowSoul","conspire:SlowCooker"],"picked":"Replay:Bronze Core"}],"items_purged_floors":[],"is_endless":false,"potions_floor_spawned":[5,7,11,16,18,20],"killed_by":"Centurion and Healer","ascension_level":0}}