{"host":"cyiefo55v5hz1ih5","time":1609442458,"event":{"mods":["2.2 Compatiblity","AchievementEnabler","Arknights The Spire","BaseMod","GifTheSpireLib","Hubris","Minty Spire (QoL Compilation)","Replay The Spire","Robot Space Explorer","Spicy Shops","StSLib","The Marked"],"gold_per_floor":[115,65,65,91,101,132,132,158,158,158,158,172,172,182,182,279,279,296,296,308,223,233,233,233],"floor_reached":23,"playtime":2926,"items_purged":[],"score":209,"play_id":"7256b6bb-0886-41db-9e4b-92bdf11849dc","local_time":"20201231142058","is_ascension_mode":true,"campfire_choices":[{"data":"RobotSpaceExplorer:Ammunition","floor":7,"key":"SMITH"},{"floor":10,"key":"REST"},{"data":"RobotSpaceExplorer:RigExplosive","floor":13,"key":"SMITH"},{"floor":15,"key":"RECALL"}],"circlet_count":0,"master_deck":["RobotSpaceExplorer:Strike+1","RobotSpaceExplorer:Defend","RobotSpaceExplorer:Defend","RobotSpaceExplorer:Defend","RobotSpaceExplorer:Defend","RobotSpaceExplorer:Scan+1","RobotSpaceExplorer:MiniLasers","RobotSpaceExplorer:ScrapMissile+1","RobotSpaceExplorer:Ammunition+1","RobotSpaceExplorer:GearShield","RobotSpaceExplorer:RigExplosive+1","RobotSpaceExplorer:ShockMissile","RobotSpaceExplorer:GearShield","RobotSpaceExplorer:FrostMissile","RobotSpaceExplorer:PlasmaMissile"],"relics":["Honey Jar","Replay:Wax Seal","ats:Originium","Ancient Tea Set","hubris:SlimyHat","InkBottle","Ring of Chaos","Enchiridion","Sundial"],"acts_visited":["Exordium","TheCity"],"potions_floor_usage":[8,14,16,18,20,22,23,23],"damage_taken":[{"damage":6,"enemies":"Jaw Worm","floor":1,"turns":5},{"damage":0,"enemies":"2 Louse","floor":5,"turns":2},{"damage":5,"enemies":"Replay:BlueRogue","floor":6,"turns":7},{"damage":19,"enemies":"Gremlin Nob","floor":8,"turns":5},{"damage":0,"enemies":"Small Slimes","floor":12,"turns":3},{"damage":0,"enemies":"Looter","floor":14,"turns":2},{"damage":40,"enemies":"Slime Boss","floor":16,"turns":15},{"damage":7,"enemies":"Shell Parasite","floor":18,"turns":5},{"damage":0,"enemies":"Spheric Guardian","floor":20,"turns":4},{"damage":7,"enemies":"Shelled Parasite and Fungi","floor":22,"turns":5},{"damage":51,"enemies":"Gremlin Leader","floor":23,"turns":10}],"seed_played":"1560228199112158831","potions_obtained":[{"floor":5,"key":"SteroidPotion"},{"floor":6,"key":"Regen Potion"},{"floor":16,"key":"Block Potion"}],"is_trial":false,"path_per_floor":["M","?","?","T","M","E","R","E","T","R","?","M","R","M","R","B",null,"M","?","M","?","M","E"],"character_chosen":"RobotSpaceExplorer","items_purchased":[],"campfire_rested":1,"item_purchase_floors":[],"current_hp_per_floor":[69,69,69,69,69,64,64,45,45,67,52,52,52,57,57,17,75,68,52,52,52,45,0,0],"gold":233,"neow_bonus":"BOSS_RELIC","is_daily":false,"chose_seed":false,"campfire_upgraded":2,"win_rate":0.0,"timestamp":1609442458,"path_taken":["M","?","?","?","M","E","R","E","T","R","?","M","R","?","R","BOSS","M","?","M","?","M","E"],"items_purchased_type":[],"build_version":"2020-12-22","purchased_purges":0,"victory":false,"max_hp_per_floor":[75,75,75,75,75,75,75,75,75,75,75,75,75,75,75,75,75,75,75,75,75,75,75,75],"card_choices":[{"not_picked":["RobotSpaceExplorer:Pulsar","RobotSpaceExplorer:ImprovisedAttack","RobotSpaceExplorer:ExhaustFan"],"picked":"RobotSpaceExplorer:ScrapMissile","floor":1},{"not_picked":["RobotSpaceExplorer:MiniDrones","RobotSpaceExplorer:LuckyStrike","RobotSpaceExplorer:MetalStrike"],"picked":"RobotSpaceExplorer:Ammunition","floor":5},{"not_picked":["RobotSpaceExplorer:Probe","RobotSpaceExplorer:MetalStrike","RobotSpaceExplorer:StarLightning"],"picked":"RobotSpaceExplorer:GearShield","floor":6},{"not_picked":["RobotSpaceExplorer:StarDust","RobotSpaceExplorer:Pulsar","RobotSpaceExplorer:JunkDive"],"picked":"RobotSpaceExplorer:RigExplosive","floor":8},{"not_picked":["RobotSpaceExplorer:MetalStrike","RobotSpaceExplorer:Calculate","RobotSpaceExplorer:ScrapMissile"],"picked":"RobotSpaceExplorer:ShockMissile","floor":12},{"not_picked":["RobotSpaceExplorer:Probe","RobotSpaceExplorer:MiniDrones","RobotSpaceExplorer:ScrapMissile"],"picked":"RobotSpaceExplorer:GearShield","floor":14},{"not_picked":["RobotSpaceExplorer:Accelerator","RobotSpaceExplorer:BlastShield","RobotSpaceExplorer:HighVoltage"],"picked":"RobotSpaceExplorer:Wormhole","floor":16},{"not_picked":["RobotSpaceExplorer:FranticSearch","RobotSpaceExplorer:Ammunition","RobotSpaceExplorer:ExhaustFan"],"picked":"RobotSpaceExplorer:FrostMissile","floor":18},{"not_picked":["RobotSpaceExplorer:StarDust+1","RobotSpaceExplorer:FranticSearch","RobotSpaceExplorer:Calculate"],"picked":"RobotSpaceExplorer:PlasmaMissile","floor":20},{"not_picked":["RobotSpaceExplorer:FranticSearch","RobotSpaceExplorer:ShovelStrike","RobotSpaceExplorer:Ammunition+1"],"picked":"RobotSpaceExplorer:Wormhole","floor":22}],"player_experience":689249,"relics_obtained":[{"floor":4,"key":"Replay:Wax Seal"},{"floor":6,"key":"ats:Originium"},{"floor":6,"key":"Ancient Tea Set"},{"floor":8,"key":"ats:Originium"},{"floor":8,"key":"hubris:SlimyHat"},{"floor":9,"key":"InkBottle"},{"floor":19,"key":"Enchiridion"}],"event_choices":[{"cards_removed":["RobotSpaceExplorer:Strike"],"damage_healed":0,"gold_gain":0,"player_choice":"Card Removal","damage_taken":0,"max_hp_gain":0,"max_hp_loss":0,"event_name":"The Cleric","floor":2,"gold_loss":50},{"damage_healed":0,"gold_gain":0,"player_choice":"Entered Light","damage_taken":15,"max_hp_gain":0,"max_hp_loss":0,"event_name":"Shining Light","floor":11,"gold_loss":0,"cards_upgraded":["RobotSpaceExplorer:ScrapMissile","RobotSpaceExplorer:Strike"]},{"damage_healed":0,"gold_gain":0,"player_choice":"Obtained Book","damage_taken":16,"max_hp_gain":0,"max_hp_loss":0,"event_name":"Cursed Tome","floor":19,"gold_loss":0},{"damage_healed":0,"gold_gain":0,"player_choice":"Obtained Relic","damage_taken":0,"relics_obtained":["Sundial"],"max_hp_gain":0,"max_hp_loss":0,"event_name":"Addict","floor":21,"gold_loss":85}],"is_beta":false,"boss_relics":[{"not_picked":["hubris:HollowSoul","Runic Pyramid"],"picked":"Ring of Chaos"}],"items_purged_floors":[],"is_endless":false,"potions_floor_spawned":[5,6,16],"killed_by":"Gremlin Leader","ascension_level":1}}