{"host":"pe2q1tocp309rrg9","time":1609416980,"event":{"mods":["2.2 Compatiblity","BaseMod","BetterRewards","Downfall","Ekko","Gremlin Mod","Hermit","Jorbs\u0027s Wanderer Trilogy","Minty Spire (QoL Compilation)","Quick Restart","Rare Cards Sparkle","Replay The Spire","StSLib","The Blue Laboratory","The Construct","The Hierophant","Uncapped"],"gold_per_floor":[113,213,20,35,55,85,99,115,141,174,174,202,202,232,232,346,346,374,408,464,44,44,44,91,91,139,171,15,15,67,67,67,186,186,224,240,240,272,292,292,313,313,313,338,368,393,66,92,92,104,104],"floor_reached":50,"playtime":2022,"items_purged":[],"score":623,"play_id":"ca27f0c2-22cb-4eb9-9ed0-e500a74866ec","local_time":"20201231061620","is_ascension_mode":true,"campfire_choices":[{"floor":15.0,"key":"REST"},{"floor":23.0,"key":"REST"},{"floor":25.0,"key":"REST"},{"data":"Echo Form","floor":29.0,"key":"SMITH"},{"floor":32.0,"key":"REST"},{"floor":40,"key":"REST"},{"data":"Defragment","floor":42,"key":"SMITH"},{"floor":49,"key":"REST"}],"circlet_count":0,"master_deck":["Strike_B","Strike_B+1","Strike_B","Strike_B","Defend_B","Defend_B+1","Defend_B","Defend_B","Zap","Dualcast","Echo Form+1","Scrape","Defragment+1","Steam","Skim","Redo","Turbo","Thunder Strike","Lockon","Rebound","Melter","White Noise","Scrape","Rainbow","Turbo+1","Double Energy","ReplayTheSpireMod:Splinters","Conserve Battery+1","Thunder Strike+1","Heatsinks","Storm","Defragment","Pot Of Greed","Pot Of Greed","Pot Of Greed","Auto Shields","Amplify","Stack+1","Stack+1","Pot Of Greed","Echo Form+1","Meteor Strike","Stack+1","Conserve Battery+1","Parasite","Thunder Strike","Steam+1","Aggregate+1","Tempest","Echo Form"],"relics":["Cracked Core","Meat on the Bone","Replay:Bandana","Pen Nib","Thread and Needle","expansioncontent:StudyCardRelic","Simple Rune","Iron Hammer","Lantern","Pet Ghost","Replay:Baseball","Grinning Jar","Ring of Chaos","Cables","construct:FoamFinger"],"acts_visited":["Exordium","TheCity","TheBeyond"],"potions_floor_usage":[39,39,50],"damage_taken":[{"damage":6.0,"enemies":"Jaw Worm","floor":1.0,"turns":4.0},{"damage":1.0,"enemies":"Cultist","floor":4.0,"turns":4.0},{"damage":7.0,"enemies":"2 Louse","floor":5.0,"turns":3.0},{"damage":11.0,"enemies":"3 Sentries","floor":6.0,"turns":6.0},{"damage":5.0,"enemies":"Looter","floor":7.0,"turns":3.0},{"damage":3.0,"enemies":"Blue Slaver","floor":8.0,"turns":3.0},{"damage":29.0,"enemies":"Lagavulin","floor":10.0,"turns":6.0},{"damage":9.0,"enemies":"Large Slime","floor":12.0,"turns":6.0},{"damage":0.0,"enemies":"Gremlin Gang","floor":14.0,"turns":4.0},{"damage":40.0,"enemies":"Slime Boss","floor":16.0,"turns":7.0},{"damage":10.0,"enemies":"Spheric Guardian","floor":18.0,"turns":4.0},{"damage":16.0,"enemies":"3 Byrds","floor":19.0,"turns":4.0},{"damage":26.0,"enemies":"Book of Stabbing","floor":24.0,"turns":4.0},{"damage":0.0,"enemies":"Cultist and Chosen","floor":27.0,"turns":4.0},{"damage":16.0,"enemies":"Gremlin Leader","floor":30.0,"turns":4.0},{"damage":30,"enemies":"Pondfish","floor":33,"turns":6},{"damage":23,"enemies":"3 Darklings","floor":35,"turns":4},{"damage":0,"enemies":"Orb Walker","floor":36,"turns":2},{"damage":15,"enemies":"Maw","floor":38,"turns":7},{"damage":15,"enemies":"3 Darklings","floor":39,"turns":7},{"damage":2,"enemies":"4 Shapes","floor":41,"turns":6},{"damage":8,"enemies":"Writhing Mass","floor":44,"turns":7},{"damage":26,"enemies":"3 Darklings","floor":45,"turns":5},{"damage":0,"enemies":"Transient","floor":46,"turns":5},{"damage":5,"enemies":"4 Shapes","floor":48,"turns":4},{"damage":84,"enemies":"Awakened One","floor":50,"turns":3}],"seed_played":"1386855857665729523","potions_obtained":[{"floor":1.0,"key":"blueLaboratory:LouseDecoction"},{"floor":6.0,"key":"DuplicationPotion"},{"floor":7.0,"key":"champ:CounterPotion"},{"floor":16.0,"key":"Languid Potion"},{"floor":18.0,"key":"ColorlessPotion"},{"floor":20.0,"key":"Elixir"},{"floor":20.0,"key":"blueLaboratory:PlasmaFuel"},{"floor":33,"key":"Dexterity Potion"},{"floor":44,"key":"blueLaboratory:PolymorphPotion"},{"floor":48,"key":"blueLaboratory:FruitPreserves"}],"is_trial":false,"path_per_floor":["M","?","$","M","M","E","M","M","T","E","T","M","?","M","R","B",null,"M","M","?","$","?","R","E","R","T","M","$","R","E","?","R","B",null,"M","M","?","M","M","R","M","R","T","M","M","M","$","M","R","B"],"character_chosen":"DEFECT","items_purchased":["Defragment","Steam","Skim","Thunder Strike","Iron Hammer","Heatsinks","Replay:Baseball","Tempest","construct:FoamFinger"],"campfire_rested":6,"item_purchase_floors":[3,3,3,21,21,21,28,47,47],"current_hp_per_floor":[69,69,69,68,61,50,45,42,42,25,25,28,28,40,62,34,75,65,49,49,49,49,71,45,67,67,67,67,67,51,51,73,43,75,52,52,52,49,46,68,66,66,66,58,44,44,44,39,61,0,0],"gold":104,"neow_bonus":"ONE_RANDOM_RARE_CARD","is_daily":false,"chose_seed":false,"campfire_upgraded":2,"win_rate":0.0,"timestamp":1609416980,"path_taken":["M","?","$","?","M","E","M","M","T","E","?","?","?","M","R","BOSS","M","M","?","$","?","R","E","R","T","M","$","R","E","?","R","BOSS","M","?","?","?","M","R","M","R","T","M","M","M","$","M","R","BOSS"],"items_purchased_type":["Card","Card","Card","Card","Relic","Card","Relic","Card","Relic"],"build_version":"2020-12-22","purchased_purges":0,"victory":false,"max_hp_per_floor":[75,75,75,75,75,75,75,75,75,75,75,75,75,75,75,75,75,75,75,75,75,75,75,75,75,75,75,75,75,75,75,75,75,75,75,75,75,75,75,75,75,75,75,75,75,75,75,75,75,75,75],"card_choices":[{"not_picked":["Undo","Cold Snap"],"picked":"Scrape","floor":1.0},{"not_picked":["Rebound","Tempest"],"picked":"Redo","floor":4.0},{"not_picked":["Time Bomb","Coolheaded"],"picked":"Turbo","floor":5.0},{"not_picked":["Cold Snap","Darkness"],"picked":"Thunder Strike","floor":6.0},{"not_picked":["Stack","Compile Driver"],"picked":"Lockon","floor":7.0},{"not_picked":["Sweeping Beam","Steam"],"picked":"Rebound","floor":8.0},{"not_picked":["Blizzard","Fusion"],"picked":"Melter","floor":10.0},{"not_picked":["Barrage","Sweeping Beam"],"picked":"White Noise","floor":12.0},{"not_picked":["Blizzard","Redo"],"picked":"Scrape","floor":14.0},{"not_picked":["ReplayRNGCard","Meteor Strike"],"picked":"Rainbow","floor":16.0},{"not_picked":["Stack","BasicCrystalCard"],"picked":"Turbo+1","floor":18.0},{"not_picked":["Heatsinks","Gash"],"picked":"Double Energy","floor":19.0},{"not_picked":["Fusion","Streamline"],"picked":"Conserve Battery+1","floor":20.0},{"not_picked":["FIFO Queue","Coolheaded+1"],"picked":"Storm","floor":24.0},{"not_picked":["Time Bomb","Ball Lightning"],"picked":"Defragment","floor":27.0},{"not_picked":["Conserve Battery","Darkness"],"picked":"Auto Shields","floor":30.0},{"not_picked":["Buffer","ReplayTheSpireMod:Omega Cannon"],"picked":"Amplify","floor":33},{"not_picked":["Leap","ReplayGash+1"],"picked":"Stack+1","floor":35},{"not_picked":["Force Field","Turbo+1"],"picked":"Stack+1","floor":36},{"not_picked":["Blizzard","Rip and Tear"],"picked":"Meteor Strike","floor":38},{"not_picked":["Conserve Battery+1","Cold Snap+1"],"picked":"Stack+1","floor":39},{"not_picked":["Barrage+1","ReplaySort"],"picked":"Conserve Battery+1","floor":41},{"not_picked":["Scrape+1","Gash+1"],"picked":"Thunder Strike","floor":44},{"not_picked":["Storm","Beam Cell+1"],"picked":"Steam+1","floor":45},{"not_picked":["Double Energy","Chaos+1"],"picked":"Aggregate+1","floor":46},{"not_picked":["Beam Cell+1","Steam"],"picked":"Echo Form","floor":48}],"player_experience":684767,"relics_obtained":[{"floor":6.0,"key":"Meat on the Bone"},{"floor":9.0,"key":"Replay:Bandana"},{"floor":10.0,"key":"Pen Nib"},{"floor":11.0,"key":"Thread and Needle"},{"floor":20.0,"key":"Simple Rune"},{"floor":24.0,"key":"Lantern"},{"floor":26.0,"key":"Pet Ghost"},{"floor":30.0,"key":"Grinning Jar"},{"floor":43,"key":"Cables"}],"event_choices":[{"damage_healed":0.0,"max_hp_gain":0.0,"max_hp_loss":0.0,"gold_gain":100.0,"event_name":"Golden Shrine","player_choice":"Pray","floor":2.0,"gold_loss":0.0,"damage_taken":0.0},{"damage_healed":0.0,"max_hp_gain":0.0,"max_hp_loss":0.0,"gold_gain":0.0,"event_name":"Ghosts","player_choice":"Ignored","floor":22.0,"gold_loss":0.0,"damage_taken":0.0},{"damage_healed":0.0,"max_hp_gain":0.0,"max_hp_loss":0.0,"gold_gain":0.0,"event_name":"Upgrade Shrine","player_choice":"Upgraded","floor":31.0,"gold_loss":0.0,"damage_taken":0.0,"cards_upgraded":["Thunder Strike"]},{"damage_healed":0,"gold_gain":0,"player_choice":"Copied","damage_taken":0,"max_hp_gain":0,"max_hp_loss":0,"event_name":"Duplicator","floor":37,"gold_loss":0,"cards_obtained":["Echo Form"]}],"is_beta":false,"boss_relics":[{"not_picked":["Replay:Wanted Poster","Runic Dome"],"picked":"expansioncontent:StudyCardRelic"},{"not_picked":["Replay:Bronze Core","Velvet Choker"],"picked":"Ring of Chaos"}],"items_purged_floors":[],"is_endless":false,"potions_floor_spawned":[1,6,7,12,16,18,33,36,38,44,48],"killed_by":"Awakened One","ascension_level":1}}