{"host":"x4d6lk1isuf99bn5","time":1609414163,"event":{"mods":["Act Like it!","BaseMod","Chen","Colored Powertips","Defuse TimeMaze Blight","Gensokyo","Highlight Path","Koishi","Minty Spire (QoL Compilation)","Quick Restart","Reimu£¨²©ÀöÁéÃÎ£©","Remilia£¨ÀÙÃ×ÀòÑÇ£©","Replay The Spire","RumiaBox-Â¶Ã×æ«µÄÉñÃØºÐ×Ó","Shop Mod","StSLib","The Administrix","The Servant 0.9.4","Waifu the Spire","Yakumo Yukari mod","Youmu£¨»êÆÇÑýÃÎ£©","Yuyuko"],"gold_per_floor":[110,110,130,146,146,177,177,177,177,205,205,219,219,219],"floor_reached":13,"playtime":614,"items_purged":[],"score":93,"play_id":"c91042f7-0fb7-4087-bd70-c83a50a43227","local_time":"20201231192923","daily_mods":["Vintage","Heirloom","Flight"],"is_ascension_mode":false,"campfire_choices":[{"data":"Koishi:CatchAndRose","floor":8,"key":"SMITH"},{"data":"Koishi:Provoke","floor":11,"key":"SMITH"}],"circlet_count":0,"master_deck":["Koishi:BasicStrike","Koishi:BasicStrike","Koishi:BasicStrike","Koishi:BasicStrike","Koishi:BasicDefend","Koishi:BasicDefend","Koishi:BasicDefend","Koishi:BasicDefend","Koishi:Provoke+1","Koishi:HauntingSlash+1","Koishi:CatchAndRose+1"],"relics":["Koishi:ImaginaryFriend","Ice Cream","Centennial Puzzle","Baka","Replay:Bottled Flurry","SecretRecord","SecretRecord","GodSword7","ReplayFunnel","Golden Egg","ReplayTheSpireMod:TigerMarble","Tiny Chest"],"acts_visited":["Exordium"],"potions_floor_usage":[],"damage_taken":[{"damage":1,"enemies":"Cultist","floor":1,"turns":6},{"damage":1,"enemies":"Small Slimes","floor":3,"turns":3},{"damage":2,"enemies":"2 Louse","floor":4,"turns":3},{"damage":5,"enemies":"Gremlin Nob","floor":6,"turns":7},{"damage":32,"enemies":"Lagavulin","floor":10,"turns":7},{"damage":2,"enemies":"Red Slaver","floor":12,"turns":4},{"damage":0,"enemies":"Gremlin Nob","floor":13,"turns":1}],"seed_played":"2049284290887519805","potions_obtained":[{"floor":10,"key":"SkillPotion"}],"is_trial":true,"path_per_floor":["M","?","M","M","?","E","?","R","T","E","R","M","E"],"character_chosen":"KOISHI","items_purchased":[],"campfire_rested":0,"item_purchase_floors":[],"current_hp_per_floor":[60,60,60,60,65,65,65,65,65,49,49,51,51,51],"gold":219,"neow_bonus":"","is_daily":false,"chose_seed":false,"campfire_upgraded":2,"win_rate":0.0,"timestamp":1609414163,"path_taken":["M","?","M","M","?","E","?","R","T","E","R","?","E"],"items_purchased_type":[],"build_version":"2020-12-22","purchased_purges":0,"victory":false,"max_hp_per_floor":[60,60,60,60,65,65,65,65,65,65,65,65,65,65],"card_choices":[{"not_picked":["Koishi:ReflexRadar","Koishi:StingingMind"],"picked":"Koishi:CatchAndRose","floor":6},{"not_picked":["Koishi:ApparitionsStalkTheNight","Koishi:HeartfeltFancy","Koishi:ReflexRadar"],"picked":"SKIP","floor":10}],"player_experience":68862,"relics_obtained":[{"floor":1,"key":"Centennial Puzzle"},{"floor":1,"key":"Baka"},{"floor":3,"key":"Replay:Bottled Flurry"},{"floor":3,"key":"SecretRecord"},{"floor":3,"key":"SecretRecord"},{"floor":4,"key":"GodSword7"},{"floor":6,"key":"ReplayFunnel"},{"floor":9,"key":"Golden Egg"},{"floor":10,"key":"ReplayTheSpireMod:TigerMarble"},{"floor":12,"key":"Tiny Chest"}],"event_choices":[{"damage_healed":0,"gold_gain":0,"player_choice":"Donut","damage_taken":0,"max_hp_gain":5,"max_hp_loss":0,"event_name":"Big Fish","floor":5,"gold_loss":0},{"damage_healed":0,"gold_gain":0,"player_choice":"Ignored","damage_taken":0,"max_hp_gain":0,"max_hp_loss":0,"event_name":"NoteForYourself","floor":7,"gold_loss":0}],"is_beta":false,"boss_relics":[],"items_purged_floors":[],"is_endless":false,"potions_floor_spawned":[10],"killed_by":"Gremlin Nob","ascension_level":0}}