{"host":"12lnwhc48gjtaggg","time":1609413032,"event":{"mods":["Aspiration","BaseMod","BetterRewards","Gold Saver","GungeonMod","Infinite Spire","Minty Spire (QoL Compilation)","Remove Card Discount Mod","Shop Mod","StSLib","Trackpad","[IsaacMod]????"],"gold_per_floor":[719,732,744,578,592,619,619,645,645,645,645,662,662,662,662,764,764,782,553,553,567,579,611,611,639,662,662,673,673,684,704,704,803,803,821,821,837,837,837,871,871,882,882,882,914,924,808,808,808,808],"floor_reached":51,"playtime":2278,"items_purged":["Defend_R","Strike_R","Demon Form","Strike_R","Iron Wave"],"score":1000,"play_id":"74e0822b-ed9e-483d-a1b3-401d2e0798b4","local_time":"20201231111032","is_ascension_mode":true,"campfire_choices":[{"data":"Shockwave","floor":7,"key":"SMITH"},{"data":"Rampage","floor":13,"key":"SMITH"},{"data":"Bash","floor":15,"key":"SMITH"},{"data":"Flame Barrier","floor":24,"key":"SMITH"},{"data":"Twin Strike","floor":29,"key":"SMITH"},{"data":"Thunderclap","floor":32,"key":"SMITH"},{"data":"Violence","floor":41,"key":"SMITH"},{"data":"Shrug It Off","floor":49,"key":"SMITH"}],"circlet_count":0,"master_deck":["Strike_R","Strike_R","Defend_R","Defend_R","Defend_R","Bash+1","Shrug It Off+1","Thunderclap+1","Twin Strike+1","Rampage+1","Shockwave+1","Cleave+1","Clothesline+1","Dropkick+1","Cleave+1","Flame Barrier+1","Dropkick+1","Clash+1","Sword Boomerang+1","Rampage+1","Reaper+1","Burning Pact+1","Violence+1","Anger+1","Pommel Strike+1","Double Tap","Clash+1","Disarm+1","Cleave+1","Perfected Strike+1","Disarm+1"],"relics":["Burning Blood","HushsDoor","SteamSale","ClockworkSouvenir","Turnip","ForgetMeNow","Molten Egg 2","TuHaoJin","infinitespire:Lucky Rock","Akabeko","Sozu","Shuriken","White Beast Statue","infinitespire:PuzzleCube","aspiration:Lifesprig","Snecko Eye","Busted Crown","BookofShadows","trackpad:AdjectivePendant","Question Card","infinitespire:Beetle Shell","Orrery"],"acts_visited":["Exordium","TheCity","TheBeyond"],"potions_floor_usage":[6,8,33,50],"damage_taken":[{"damage":0,"enemies":"2 Louse","floor":1,"turns":3},{"damage":0,"enemies":"Cultist","floor":2,"turns":3},{"damage":2,"enemies":"Small Slimes","floor":3,"turns":3},{"damage":6,"enemies":"2 Fungi Beasts","floor":5,"turns":3},{"damage":9,"enemies":"Gremlin Nob","floor":6,"turns":3},{"damage":16,"enemies":"3 Sentries","floor":8,"turns":4},{"damage":5,"enemies":"Large Slime","floor":12,"turns":5},{"damage":49,"enemies":"Hexaghost","floor":16,"turns":10},{"damage":24,"enemies":"2 Thieves","floor":18,"turns":4},{"damage":0,"enemies":"Chosen","floor":21,"turns":3},{"damage":0,"enemies":"Sentry and Sphere","floor":22,"turns":4},{"damage":18,"enemies":"Slavers","floor":23,"turns":3},{"damage":8,"enemies":"Book of Stabbing","floor":25,"turns":3},{"damage":0,"enemies":"Cultist and Chosen","floor":28,"turns":3},{"damage":0,"enemies":"Shelled Parasite and Fungi","floor":30,"turns":1},{"damage":0,"enemies":"3 Cultists","floor":31,"turns":3},{"damage":56,"enemies":"Automaton","floor":33,"turns":7},{"damage":2,"enemies":"Orb Walker","floor":35,"turns":2},{"damage":10,"enemies":"3 Shapes","floor":37,"turns":3},{"damage":13,"enemies":"Reptomancer","floor":40,"turns":3},{"damage":0,"enemies":"Transient","floor":42,"turns":5},{"damage":4,"enemies":"Nemesis","floor":45,"turns":5},{"damage":0,"enemies":"Spire Growth","floor":46,"turns":3},{"damage":72,"enemies":"infinitespire:MassOfShapes","floor":50,"turns":7}],"seed_played":"-1509800112563997164","potions_obtained":[{"floor":1,"key":"DistilledChaos"},{"floor":3,"key":"Strength Potion"},{"floor":6,"key":"PowerPotion"},{"floor":12,"key":"Ancient Potion"}],"is_trial":false,"path_per_floor":["M","M","M","$","M","E","R","E","T","?","?","M","R","?","R","B",null,"M","$","?","M","M","E","R","E","T","?","M","R","M","M","R","B",null,"M","AVR","M","?","?","E","R","M","T","?","E","M","$","?","R","B",null],"character_chosen":"IRONCLAD","items_purchased":["ClockworkSouvenir","Shrug It Off","Thunderclap","Twin Strike","Molten Egg 2","Shockwave","Shuriken","Cleave+1","Flame Barrier","Dropkick+1","Double Tap","Orrery"],"campfire_rested":0,"item_purchase_floors":[0,0,0,0,4,4,19,19,19,19,47,47],"current_hp_per_floor":[70,76,80,80,80,77,77,67,67,67,67,68,68,68,68,25,80,62,62,62,68,74,62,62,60,60,60,66,66,72,78,78,28,80,80,80,76,76,76,73,73,80,80,80,80,80,80,80,80,37],"gold":808,"neow_bonus":"","is_daily":false,"chose_seed":false,"campfire_upgraded":8,"win_rate":0.0,"timestamp":1609413032,"path_taken":["M","M","M","$","M","E","R","E","T","?","?","M","R","?","R","BOSS","M","$","?","M","M","E","R","E","T","?","?","R","M","M","R","BOSS","M","AVR","M","?","?","E","R","M","T","?","E","M","$","?","R","BOSS"],"items_purchased_type":["Relic","Card","Card","Card","Relic","Card","Relic","Card","Card","Card","Card","Relic"],"build_version":"2020-12-22","purchased_purges":5,"victory":true,"max_hp_per_floor":[80,80,80,80,80,80,80,80,80,80,80,80,80,80,80,80,80,80,80,80,80,80,80,80,80,80,80,80,80,80,80,80,80,80,80,80,80,80,80,80,80,80,80,80,80,80,80,80,80,80],"card_choices":[{"not_picked":["Disarm","Power Through"],"picked":"Rampage","floor":1},{"not_picked":["Thunderclap","Feel No Pain","Headbutt"],"picked":"SKIP","floor":2},{"not_picked":["Evolve","Sentinel"],"picked":"Iron Wave","floor":3},{"not_picked":["Sword Boomerang+1","Anger+1"],"picked":"Cleave+1","floor":5},{"not_picked":["Thunderclap+1","True Grit","Juggernaut"],"picked":"SKIP","floor":6},{"not_picked":["Reckless Charge+1","Clash+1","Warcry"],"picked":"SKIP","floor":8},{"not_picked":["Clash+1","Flex"],"picked":"Clothesline+1","floor":12},{"not_picked":["Corruption","Impervious"],"picked":"Demon Form","floor":16},{"not_picked":["Clothesline+1","Reckless Charge+1"],"picked":"Dropkick+1","floor":18},{"not_picked":["Pommel Strike+1","Seeing Red+1"],"picked":"Clash+1","floor":21},{"not_picked":["Dark Embrace","DemoMod:BlackBlade+1"],"picked":"Sword Boomerang+1","floor":22},{"not_picked":["Pummel+1","Twin Strike+1"],"picked":"Rampage+1","floor":23},{"not_picked":["Havoc","infinitespire:OneForAll+1","Clothesline+1"],"picked":"SKIP","floor":25},{"not_picked":["Hemokinesis+1","Thunderclap+1","Bludgeon+1"],"picked":"SKIP","floor":28},{"not_picked":["Sword Boomerang+1","Wild Strike+1","Reckless Charge+1"],"picked":"SKIP","floor":30},{"not_picked":["Iron Wave+1","Armaments","Sword Boomerang+1"],"picked":"SKIP","floor":31},{"not_picked":["Exhume","Fiend Fire+1"],"picked":"Reaper+1","floor":33},{"not_picked":["Headbutt+1","Heavy Blade+1","Warcry"],"picked":"SKIP","floor":35},{"not_picked":[],"picked":"Burning Pact+1","floor":37},{"not_picked":[],"picked":"Violence","floor":38},{"not_picked":["Shockwave+1"],"picked":"SKIP","floor":40},{"not_picked":["Rage"],"picked":"SKIP","floor":42},{"not_picked":["Heavy Blade+1"],"picked":"Anger+1","floor":45},{"not_picked":["Wild Strike+1"],"picked":"Pommel Strike+1","floor":46},{"not_picked":["Brutality"],"picked":"Clash+1","floor":47},{"not_picked":["Power Through"],"picked":"Disarm+1","floor":47},{"not_picked":["Evolve+1"],"picked":"Cleave+1","floor":47},{"not_picked":["Pommel Strike+1"],"picked":"Perfected Strike+1","floor":47}],"player_experience":347051,"relics_obtained":[{"floor":6,"key":"TuHaoJin"},{"floor":8,"key":"infinitespire:Lucky Rock"},{"floor":9,"key":"Akabeko"},{"floor":23,"key":"infinitespire:PuzzleCube"},{"floor":25,"key":"aspiration:Lifesprig"},{"floor":40,"key":"trackpad:AdjectivePendant"},{"floor":43,"key":"Question Card"},{"floor":45,"key":"infinitespire:Beetle Shell"}],"event_choices":[{"damage_healed":0,"gold_gain":0,"player_choice":"Opened","damage_taken":0,"relics_obtained":["White Beast Statue"],"max_hp_gain":0,"max_hp_loss":0,"event_name":"The Mausoleum","floor":20,"gold_loss":0},{"cards_removed":["Strike_R"],"damage_healed":0,"gold_gain":0,"player_choice":"Elegance","damage_taken":0,"max_hp_gain":0,"max_hp_loss":0,"event_name":"Back to Basics","floor":27,"gold_loss":0},{"damage_healed":0,"gold_gain":0,"player_choice":"Memory 1","damage_taken":0,"max_hp_gain":0,"max_hp_loss":0,"event_name":"SensoryStone","floor":38,"gold_loss":0},{"damage_healed":0,"gold_gain":0,"player_choice":"Copied","damage_taken":0,"max_hp_gain":0,"max_hp_loss":0,"event_name":"Duplicator","floor":48,"gold_loss":0,"cards_obtained":["Disarm"]}],"is_beta":false,"boss_relics":[{"not_picked":["trackpad:Coffee","Empty Cage"],"picked":"Sozu"},{"not_picked":[]},{"not_picked":["aspiration:SilentSkillbook","Pandora\u0027s Box"],"picked":"Snecko Eye"},{"not_picked":[]}],"items_purged_floors":[4,19,19,19,19],"is_endless":false,"potions_floor_spawned":[1,3,6,12,21,22,23,28,30,31,33,35,37,40,42,45,46],"ascension_level":1}}