{"host":"vs449n3fto5g3ggm","time":1609454201,"event":{"mods":["BaseMod","Better Note","Better Third Choice","Better Vampires","Hermit","Highlight Path","JesterMod","Minty Spire (QoL Compilation)","Rare Cards Sparkle","Relic Stats","Robot Space Explorer","Somnambulant","Spicy Shops","StSLib","The Blackbeard","The Cursed","The Disciple","The Dragon Tamer","The Hierophant","The Servant 0.9.4","The Witch","TheFirefly"],"gold_per_floor":[118,118,134,134,35,35,67,32,32,32,46,71,85,103,103,206,206,218,218,143,143,143,143,156,156,156,190,190,209,244,244,244,341,341,356,356,131,145,160,160,10,10,58,58,58,70,85,95,95,95],"floor_reached":51,"playtime":4621,"items_purged":["thefirefly:Strike","thefirefly:Strike","thefirefly:Defend","Writhe"],"score":668,"play_id":"8c4654aa-d992-4245-ae1e-a167c7b45f7e","local_time":"20201231143641","is_ascension_mode":false,"campfire_choices":[{"data":"thefirefly:StealthMode","floor":6,"key":"SMITH"},{"data":"Flame Barrier","floor":10,"key":"SMITH"},{"data":"thefirefly:EnergyShield","floor":15,"key":"SMITH"},{"data":"thefirefly:FlareScreen","floor":23,"key":"SMITH"},{"data":"thefirefly:PhotonBlast","floor":28,"key":"SMITH"},{"floor":32,"key":"REST"},{"data":"thefirefly:IonizedBarrier","floor":40,"key":"SMITH"},{"data":"thefirefly:CoveringFire","floor":42,"key":"SMITH"},{"data":"thefirefly:ArtillleryBeam","floor":44,"key":"SMITH"},{"floor":49,"key":"REST"}],"circlet_count":0,"master_deck":["thefirefly:Strike","thefirefly:Strike","thefirefly:Defend","thefirefly:Defend","thefirefly:StealthMode+1","thefirefly:PhotonBlast+1","thefirefly:ArtillleryBeam+1","Flame Barrier+1","thefirefly:Pacify","thefirefly:CoveringFire","thefirefly:Prominence","thefirefly:ShieldGenerator","thefirefly:CoveringFire+1","thefirefly:EnergyShield+1","thefirefly:HyperspaceAssault+1","thefirefly:FlareScreen+1","thefirefly:Flight","thefirefly:Preload+1","thefirefly:Boost","thefirefly:AuroralDischarge","thefirefly:InterceptingShot+1","thefirefly:IonizedBarrier+1","thefirefly:FullProjection"],"relics":["thefirefly:StealthSystem","Lee\u0027s Waffle","Bag of Preparation","Sundial","Regal Pillow","Velvet Choker","Orichalcum","Prayer Wheel","Toy Ornithopter","Mercury Hourglass","jesterMod:MachoBrace","Lantern"],"acts_visited":["Exordium","TheCity","TheBeyond"],"potions_floor_usage":[16,27,29,50,50,50,50,50],"damage_taken":[{"damage":2,"enemies":"Jaw Worm","floor":1,"turns":5},{"damage":0,"enemies":"2 Louse","floor":3,"turns":3},{"damage":33,"enemies":"Gremlin Nob","floor":7,"turns":6},{"damage":0,"enemies":"Small Slimes","floor":11,"turns":4},{"damage":0,"enemies":"Lagavulin","floor":12,"turns":9},{"damage":0,"enemies":"Blue Slaver","floor":13,"turns":4},{"damage":0,"enemies":"Gremlin Gang","floor":14,"turns":2},{"damage":23,"enemies":"Slime Boss","floor":16,"turns":15},{"damage":0,"enemies":"3 Byrds","floor":18,"turns":4},{"damage":4,"enemies":"Spheric Guardian","floor":24,"turns":5},{"damage":21,"enemies":"Slavers","floor":27,"turns":9},{"damage":4,"enemies":"Centurion and Healer","floor":29,"turns":10},{"damage":7,"enemies":"Book of Stabbing","floor":30,"turns":7},{"damage":52,"enemies":"Collector","floor":33,"turns":14},{"damage":6,"enemies":"Orb Walker","floor":35,"turns":6},{"damage":0,"enemies":"3 Darklings","floor":38,"turns":7},{"damage":16,"enemies":"Maw","floor":39,"turns":10},{"damage":0,"enemies":"Jaw Worm Horde","floor":46,"turns":4},{"damage":15,"enemies":"Spire Growth","floor":47,"turns":6},{"damage":15,"enemies":"3 Darklings","floor":48,"turns":6},{"damage":59,"enemies":"Time Eater","floor":50,"turns":12}],"seed_played":"-773453699190381919","potions_obtained":[{"floor":11,"key":"SteroidPotion"},{"floor":13,"key":"Fire Potion"},{"floor":14,"key":"ColorlessPotion"},{"floor":16,"key":"PowerPotion"},{"floor":33,"key":"SpeedPotion"},{"floor":39,"key":"Dexterity Potion"},{"floor":46,"key":"EntropicBrew"},{"floor":48,"key":"Fire Potion"}],"is_trial":false,"path_per_floor":["M","?","M","?","$","R","E","?","T","R","M","E","M","M","R","B",null,"M","?","$","?","?","R","M","?","T","E","R","M","E","?","R","B",null,"M","?","$","M","M","R","$","R","T","R","?","M","M","M","R","B",null],"character_chosen":"THE_FIREFLY","items_purchased":["thefirefly:CoveringFire","Lee\u0027s Waffle"],"campfire_rested":2,"item_purchase_floors":[5,5],"current_hp_per_floor":[58,44,44,44,67,67,34,50,50,50,50,50,50,50,50,27,67,67,67,67,67,67,67,63,63,63,42,42,43,36,36,67,15,67,61,61,61,61,45,45,45,45,45,45,45,45,30,15,50,16],"gold":95,"neow_bonus":"TEN_PERCENT_HP_BONUS","is_daily":false,"chose_seed":false,"campfire_upgraded":8,"win_rate":0.0,"timestamp":1609454201,"path_taken":["M","?","M","?","$","R","E","?","T","R","M","E","M","M","R","BOSS","M","?","$","?","?","R","?","?","T","E","R","M","E","?","R","BOSS","M","?","$","?","M","R","$","R","T","R","?","M","M","M","R","BOSS"],"items_purchased_type":["Card","Relic"],"build_version":"2020-12-22","purchased_purges":4,"victory":true,"max_hp_per_floor":[60,60,60,60,67,67,67,67,67,67,67,67,67,67,67,67,67,67,67,67,67,67,67,67,67,67,67,67,67,67,67,67,67,67,67,67,67,67,67,67,67,67,67,67,67,67,67,67,67,67],"relic_stats":{"Lee\u0027s Waffle":23,"Regal Pillow":26,"counters":[21,146],"Sundial":[20],"Prayer Wheel":7,"Bag of Preparation":[36],"Orichalcum":[48],"obtain_stats":[{"thefirefly:StealthSystem":0,"Lee\u0027s Waffle":5,"Regal Pillow":12,"Lantern":43,"Sundial":9,"jesterMod:MachoBrace":34,"Velvet Choker":17,"Prayer Wheel":26,"Bag of Preparation":7,"Orichalcum":22,"Toy Ornithopter":27,"Mercury Hourglass":30},{"thefirefly:StealthSystem":0,"Lee\u0027s Waffle":2,"Regal Pillow":5,"Lantern":17,"Sundial":3,"jesterMod:MachoBrace":14,"Velvet Choker":8,"Prayer Wheel":10,"Bag of Preparation":3,"Orichalcum":9,"Toy Ornithopter":11,"Mercury Hourglass":13},{"thefirefly:StealthSystem":0,"Lee\u0027s Waffle":8,"Regal Pillow":27,"Lantern":118,"Sundial":14,"jesterMod:MachoBrace":97,"Velvet Choker":48,"Prayer Wheel":57,"Bag of Preparation":14,"Orichalcum":52,"Toy Ornithopter":66,"Mercury Hourglass":83}],"Toy Ornithopter":30,"Mercury Hourglass":[202]},"card_choices":[{"not_picked":["thefirefly:StoredPower","thefirefly:RollBack"],"picked":"thefirefly:ArtillleryBeam","floor":1},{"not_picked":["thefirefly:Preload","thefirefly:AutoTargeting"],"picked":"thefirefly:Pacify","floor":3},{"not_picked":["thefirefly:Distort","thefirefly:Boost"],"picked":"thefirefly:Prominence","floor":7},{"not_picked":["thefirefly:QuantumTunneling","thefirefly:Rend"],"picked":"thefirefly:ShieldGenerator","floor":11},{"not_picked":["thefirefly:EvasiveManeuver","thefirefly:AutoTargeting"],"picked":"thefirefly:CoveringFire","floor":12},{"not_picked":["thefirefly:SearingEnigma","thefirefly:QuantumTunneling"],"picked":"thefirefly:EnergyShield","floor":13},{"not_picked":["thefirefly:FlareScreen","thefirefly:Reposition","thefirefly:Bombardment"],"picked":"SKIP","floor":14},{"not_picked":["thefirefly:Unweft","thefirefly:LustForEternity"],"picked":"thefirefly:HyperspaceAssault","floor":16},{"not_picked":["thefirefly:EvasiveManeuver","thefirefly:IonizedBarrier+1"],"picked":"thefirefly:FlareScreen","floor":18},{"not_picked":["thefirefly:StoredPower","thefirefly:Distort+1","thefirefly:Exile"],"picked":"SKIP","floor":24},{"not_picked":["thefirefly:ParadoxEngine","thefirefly:FullProjection"],"picked":"thefirefly:Preload+1","floor":27},{"not_picked":["thefirefly:SteadyAim+1","thefirefly:StoredPower"],"picked":"thefirefly:Boost","floor":29},{"not_picked":["thefirefly:EvasiveManeuver+1","thefirefly:Boost"],"picked":"thefirefly:AuroralDischarge","floor":29},{"not_picked":["thefirefly:Exile","thefirefly:EnergyShield","thefirefly:Bombardment"],"picked":"SKIP","floor":30},{"not_picked":["thefirefly:RecollectionSubroutine","thefirefly:ArtillleryBeam+1"],"picked":"thefirefly:InterceptingShot+1","floor":35},{"not_picked":["thefirefly:FullProjection","thefirefly:ReverseEngine+1","thefirefly:SteadyAim"],"picked":"SKIP","floor":35},{"not_picked":["thefirefly:FullProjection+1","thefirefly:Rend"],"picked":"thefirefly:IonizedBarrier","floor":38},{"not_picked":["thefirefly:Boost+1","thefirefly:ChargedLaser+1","thefirefly:Distort"],"picked":"SKIP","floor":38},{"not_picked":["thefirefly:Boost+1","thefirefly:AuroralDischarge","thefirefly:StarCinder"],"picked":"SKIP","floor":39},{"not_picked":["thefirefly:ErraticMotions","thefirefly:Cosmogenesis","thefirefly:LifeSupport"],"picked":"SKIP","floor":39},{"not_picked":["thefirefly:FlakCannon","thefirefly:Reposition+1","thefirefly:StarCinder"],"picked":"SKIP","floor":46},{"not_picked":["thefirefly:CoveringFire","thefirefly:FlakCannon+1","thefirefly:ShieldArray+1"],"picked":"SKIP","floor":46},{"not_picked":["thefirefly:LaserMail","thefirefly:FlareScreen"],"picked":"thefirefly:FullProjection","floor":47},{"not_picked":["thefirefly:SteadyAim+1","thefirefly:ShieldArray","thefirefly:SoulStrike"],"picked":"SKIP","floor":47},{"not_picked":["thefirefly:InterceptingShot","thefirefly:SteadyAim+1","thefirefly:IonizedBarrier"],"picked":"SKIP","floor":48},{"not_picked":["thefirefly:LifeSupport","thefirefly:RollBack","thefirefly:QuantumTunneling"],"picked":"SKIP","floor":48}],"player_experience":160429,"relics_obtained":[{"floor":7,"key":"Bag of Preparation"},{"floor":9,"key":"Sundial"},{"floor":12,"key":"Regal Pillow"},{"floor":26,"key":"Prayer Wheel"},{"floor":27,"key":"Toy Ornithopter"},{"floor":30,"key":"Mercury Hourglass"},{"floor":43,"key":"Lantern"}],"event_choices":[{"damage_healed":0,"gold_gain":0,"player_choice":"Card ","damage_taken":14,"max_hp_gain":0,"max_hp_loss":0,"event_name":"betterThird:BetterScrap","floor":2,"gold_loss":0,"cards_obtained":["Flame Barrier"]},{"cards_removed":["thefirefly:Defend"],"damage_healed":0,"gold_gain":0,"player_choice":"Forget","damage_taken":0,"max_hp_gain":0,"max_hp_loss":0,"event_name":"Living Wall","floor":4,"gold_loss":0},{"damage_healed":16,"gold_gain":0,"player_choice":"Healed","damage_taken":0,"max_hp_gain":0,"max_hp_loss":0,"event_name":"The Cleric","floor":8,"gold_loss":35},{"cards_removed":["thefirefly:StealthMode"],"damage_healed":0,"gold_gain":0,"player_choice":"Give","damage_taken":0,"max_hp_gain":0,"max_hp_loss":0,"event_name":"betterNote:BetterNote","floor":19,"gold_loss":0,"cards_obtained":["None"]},{"damage_healed":0,"gold_gain":0,"player_choice":"Read","damage_taken":0,"max_hp_gain":0,"max_hp_loss":0,"event_name":"The Library","floor":21,"gold_loss":0,"cards_obtained":["thefirefly:Flight"]},{"damage_healed":0,"gold_gain":0,"player_choice":"Opened","damage_taken":0,"relics_obtained":["Orichalcum"],"max_hp_gain":0,"max_hp_loss":0,"event_name":"The Mausoleum","floor":22,"gold_loss":0,"cards_obtained":["Writhe"]},{"damage_healed":0,"gold_gain":0,"player_choice":"Ignored","damage_taken":0,"max_hp_gain":0,"max_hp_loss":0,"event_name":"Cursed Tome","floor":25,"gold_loss":0},{"damage_healed":0,"gold_gain":0,"player_choice":"Ignored","damage_taken":0,"max_hp_gain":0,"max_hp_loss":0,"event_name":"Vampires","floor":31,"gold_loss":0},{"damage_healed":0,"gold_gain":0,"player_choice":"Forge","damage_taken":0,"max_hp_gain":0,"max_hp_loss":0,"event_name":"Accursed Blacksmith","floor":36,"gold_loss":0,"cards_upgraded":["thefirefly:HyperspaceAssault"]},{"damage_healed":0,"gold_gain":0,"player_choice":"0 cards matched","damage_taken":0,"max_hp_gain":0,"max_hp_loss":0,"event_name":"Match and Keep!","floor":45,"gold_loss":0,"cards_obtained":[]}],"is_beta":false,"boss_relics":[{"not_picked":["Calling Bell","SacredBark"],"picked":"Velvet Choker"},{"not_picked":["Fusion Hammer","Runic Pyramid"],"picked":"jesterMod:MachoBrace"}],"items_purged_floors":[20,37,37,41],"is_endless":false,"potions_floor_spawned":[11,13,14,16,24,33,39,46,47,48],"ascension_level":0}}