{"host":"ya062ahhhuj9au1o","time":1609440570,"event":{"mods":["BaseMod","Better Third Choice","Downfall","Filter the Spire","Hermit","Minty Spire (QoL Compilation)","Random Character Button","Robot Space Explorer","Somnambulant","StSLib","The Bug Knight","The Cursed","The Marked","The Servant 0.9.4"],"gold_per_floor":[118,137,157,15,34,34,54,54,80,96,110,110,128,141,141,141,141],"floor_reached":16,"playtime":824,"items_purged":["RobotSpaceExplorer:Defend"],"score":152,"play_id":"d3c2b6d6-398c-4771-954d-3313592166fa","local_time":"20201231134930","is_ascension_mode":true,"campfire_choices":[{"data":"1","floor":6,"key":"LIFT"},{"data":"2","floor":8,"key":"LIFT"},{"data":"3","floor":12,"key":"LIFT"},{"floor":15,"key":"REST"}],"circlet_count":0,"master_deck":["AscendersBane","RobotSpaceExplorer:Strike","RobotSpaceExplorer:Strike","RobotSpaceExplorer:Strike","RobotSpaceExplorer:Strike","RobotSpaceExplorer:Defend","RobotSpaceExplorer:Defend","RobotSpaceExplorer:Defend","RobotSpaceExplorer:Scan","RobotSpaceExplorer:MiniLasers","CurseOfTheBell","RobotSpaceExplorer:PowerCollector","RobotSpaceExplorer:ShovelStrike","RobotSpaceExplorer:Electropulse","RobotSpaceExplorer:ScrapMissile","RobotSpaceExplorer:ScrapMissile","RobotSpaceExplorer:MiniDrones","RobotSpaceExplorer:ImprovisedAttack","RobotSpaceExplorer:LaserBurst"],"relics":["Calling Bell","Tiny Chest","Letter Opener","Girya","HollowMod:PaleOreRelic"],"acts_visited":["Exordium"],"potions_floor_usage":[5,7],"damage_taken":[{"damage":5.0,"enemies":"Cultist","floor":1.0,"turns":6.0},{"damage":8.0,"enemies":"2 Louse","floor":2.0,"turns":4.0},{"damage":3.0,"enemies":"Small Slimes","floor":3.0,"turns":4.0},{"damage":0,"enemies":"3 Louse","floor":5,"turns":2},{"damage":14,"enemies":"Exordium Thugs","floor":7,"turns":5},{"damage":9,"enemies":"Large Slime","floor":10,"turns":4},{"damage":0,"enemies":"2 Fungi Beasts","floor":11,"turns":2},{"damage":6,"enemies":"Looter","floor":13,"turns":3},{"damage":0,"enemies":"3 Louse","floor":14,"turns":1},{"damage":46,"enemies":"The Guardian","floor":16,"turns":8}],"seed_played":"-174436371648172019","potions_obtained":[{"floor":1.0,"key":"BlessingOfTheForge"},{"floor":2.0,"key":"Guardian:BlockOnCardUsePotion"},{"floor":5,"key":"RobotSpaceExplorer:RecyclePotion"},{"floor":11,"key":"sneckomod:MuddlingPotion"},{"floor":13,"key":"Guardian:BlockOnCardUsePotion"}],"is_trial":false,"path_per_floor":["M","M","M","$","M","R","M","R","T","M","M","R","M","M","R","B"],"character_chosen":"RobotSpaceExplorer","items_purchased":["RobotSpaceExplorer:Electropulse"],"campfire_rested":1,"item_purchase_floors":[4],"current_hp_per_floor":[63,55,52,52,52,52,38,38,38,29,29,29,23,23,45,0,0],"gold":141,"neow_bonus":"BOSS_RELIC","is_daily":false,"chose_seed":false,"campfire_upgraded":0,"win_rate":0.0,"timestamp":1609440570,"path_taken":["M","?","M","$","M","R","?","R","T","M","M","R","?","M","R","BOSS"],"items_purchased_type":["Card"],"build_version":"2020-12-22","purchased_purges":1,"victory":false,"max_hp_per_floor":[75,75,75,75,75,75,75,75,75,75,75,75,75,75,75,75,75],"card_choices":[{"not_picked":["RobotSpaceExplorer:SlimeMissile","RobotSpaceExplorer:SelfCleaning","RobotSpaceExplorer:SurgingStrike"],"picked":"SKIP","floor":1.0},{"not_picked":["RobotSpaceExplorer:Ammunition","RobotSpaceExplorer:ShockKick"],"picked":"RobotSpaceExplorer:PowerCollector","floor":2.0},{"not_picked":["RobotSpaceExplorer:Pulsar","RobotSpaceExplorer:GlueShot"],"picked":"RobotSpaceExplorer:ShovelStrike","floor":3.0},{"not_picked":["RobotSpaceExplorer:BlastShield","RobotSpaceExplorer:FranticSearch"],"picked":"RobotSpaceExplorer:ScrapMissile","floor":5},{"not_picked":["RobotSpaceExplorer:Probe","RobotSpaceExplorer:DoubleBlock"],"picked":"RobotSpaceExplorer:ScrapMissile","floor":7},{"not_picked":["RobotSpaceExplorer:FreezingShield","RobotSpaceExplorer:SurgingStrike"],"picked":"RobotSpaceExplorer:MiniDrones","floor":10},{"not_picked":["RobotSpaceExplorer:SlimeMissile","RobotSpaceExplorer:Counterblock","RobotSpaceExplorer:StarLightning"],"picked":"SKIP","floor":11},{"not_picked":["RobotSpaceExplorer:SurgingShield","RobotSpaceExplorer:IronShell"],"picked":"RobotSpaceExplorer:ImprovisedAttack","floor":13},{"not_picked":["RobotSpaceExplorer:Calculate","RobotSpaceExplorer:SurgingStrike"],"picked":"RobotSpaceExplorer:LaserBurst","floor":14}],"player_experience":1746349,"relics_obtained":[{"floor":0.0,"key":"Tiny Chest"},{"floor":0.0,"key":"Letter Opener"},{"floor":0.0,"key":"Girya"},{"floor":9,"key":"HollowMod:PaleOreRelic"}],"event_choices":[],"is_beta":false,"boss_relics":[],"items_purged_floors":[4],"is_endless":false,"potions_floor_spawned":[1,2,5,11,13],"killed_by":"The Guardian","ascension_level":11}}