{"host":"l9d4bclu8pwa3q15","time":1609393007,"event":{"mods":["Act Like it!","BaseMod","Better Altar","Better Match","Better Note","Better Sensory Stone","Better Skull","BetterRewards","Colored Map","Colored Powertips","Downfall","Emptier Cage","Gensokyo","GifTheSpireLib","Keyboard Shortcuts","Koishi","KomeijiMod","Lobotomy","LobotomyExtend","Minty Spire (QoL Compilation)","Quick Restart","Rare Cards Sparkle","Relic Sorter","Remilia_Scarlet Moed（蕾米莉亚・斯卡雷特）3.3.5","Replay The Spire","Spicy Shops","StSLib","The Alterego","UnlockEverythingMod","Waifu the Spire","WarShipGirlsR/战舰少女R mod","Yakumo Yukari mod","Youmu（魂魄妖梦）","Yuyuko"],"gold_per_floor":[99,124,144,33,61,88,111,111,135,161,11,11,11,39,58,58,58,58],"floor_reached":16,"playtime":826,"items_purged":[],"score":119,"play_id":"d0da3f02-3d6c-4344-a623-4d79aee5ffe1","local_time":"20201231133647","is_ascension_mode":false,"campfire_choices":[{"floor":1,"key":"RECALL"},{"data":"1","floor":11,"key":"LIFT"},{"data":"2","floor":13,"key":"LIFT"}],"circlet_count":0,"master_deck":["Slimebound:Strike_Slimebound","Slimebound:Strike_Slimebound","Slimebound:Strike_Slimebound","Slimebound:Tackle","Slimebound:Defend_Slimebound","Slimebound:Defend_Slimebound","Slimebound:Defend_Slimebound","Slimebound:Defend_Slimebound","Slimebound:Split","Slimebound:CorrosiveSpit","Slimebound:ViciousTackle","Slimebound:SplitMire","Slimebound:DivideAndConquer","Slimebound:SplitBruiser","Slimebound:DuplicatedForm","Slimebound:SlimeBrawl","Slimebound:Gluttony","Slimebound:SplitBruiser","Slimebound:Dissolve"],"relics":["Slimebound:AbsorbEndCombat","CeramicFish","LetterFromLob","Girya","Akabeko","downfall:HeartBlessingRed","downfall:HeartBlessingBlue"],"acts_visited":["Exordium"],"potions_floor_usage":[4,9,15],"damage_taken":[{"damage":8,"enemies":"Cultist","floor":2,"turns":3},{"damage":16,"enemies":"Jaw Worm","floor":3,"turns":2},{"damage":27,"enemies":"downfall:FleeingMerchant","floor":4,"turns":4},{"damage":20,"enemies":"Small Slimes","floor":5,"turns":3},{"damage":49,"enemies":"2 Fungi Beasts","floor":9,"turns":4},{"damage":39,"enemies":"Exordium Wildlife","floor":10,"turns":4},{"damage":42,"enemies":"Red Slaver","floor":14,"turns":2},{"damage":64,"enemies":"Gremlin Gang","floor":15,"turns":4},{"damage":53,"enemies":"downfall:Ironclad","floor":16,"turns":3}],"seed_played":"-3031833177275637687","potions_obtained":[{"floor":2,"key":"GamblersBrew"},{"floor":5,"key":"Swift Potion"},{"floor":14,"key":"Adrenaline Potion"}],"is_trial":false,"path_per_floor":["R","M","M","$","M","T","T","?","M","M","R","?","R","M","M","B"],"character_chosen":"SLIMEBOUND","items_purchased":["Metamorphosis","Girya","Slimebound:SplitBruiser"],"campfire_rested":0,"item_purchase_floors":[4,4,4],"current_hp_per_floor":[60,60,48,41,41,41,41,49,35,35,45,80,80,69,36,0,0,0],"gold":58,"neow_bonus":"RANDOM_COMMON_RELIC","is_daily":false,"chose_seed":false,"campfire_upgraded":0,"win_rate":0.0,"timestamp":1609393007,"path_taken":["R","M","?","$","M","?","T","?","M","M","R","?","R","?","M","BOSS"],"items_purchased_type":["Card","Relic","Card"],"build_version":"2020-12-22","purchased_purges":0,"victory":false,"max_hp_per_floor":[60,60,60,60,60,60,60,60,60,60,70,80,80,80,80,80,80,80],"card_choices":[{"not_picked":["Slimebound:SplitAcid","Slimebound:PressTheAttack"],"picked":"Slimebound:ViciousTackle","floor":2},{"not_picked":["Slimebound:Equalize","Slimebound:SplitLeeching"],"picked":"Slimebound:SplitMire","floor":3},{"not_picked":["Slimebound:FinishingTackle","Slimebound:SlimeSpikes"],"picked":"Slimebound:DivideAndConquer","floor":4},{"not_picked":["Slimebound:SamplingLick","Slimebound:SplitBruiser"],"picked":"Slimebound:DuplicatedForm","floor":5},{"not_picked":["Slimebound:RollThrough","Slimebound:Schlurp"],"picked":"Slimebound:SlimeBrawl","floor":9},{"not_picked":["Slimebound:FirmFortitude","Slimebound:SlimeSpikes"],"picked":"Slimebound:Gluttony","floor":10},{"not_picked":["Slimebound:DisruptingSlam","Slimebound:SplitLeeching"],"picked":"Slimebound:SplitBruiser","floor":14},{"not_picked":["Slimebound:Prepare","Slimebound:Gluttony"],"picked":"Slimebound:Dissolve","floor":15}],"player_experience":87745,"relics_obtained":[{"floor":2,"key":"LetterFromLob"},{"floor":7,"key":"Akabeko"}],"event_choices":[{"cards_removed":["Metamorphosis"],"damage_healed":25,"gold_gain":0,"player_choice":"Offered Rare","damage_taken":0,"max_hp_gain":10,"max_hp_loss":0,"event_name":"Bonfire Elementals","floor":12,"gold_loss":0}],"is_beta":false,"boss_relics":[],"items_purged_floors":[],"is_endless":false,"potions_floor_spawned":[2,5,14],"killed_by":"downfall:Ironclad","ascension_level":0}}