{"host":"1rf9pknejqhzkc4o","time":1609436644,"event":{"mods":["BaseMod","Better Altar","Better Match","Better Note","Better Sensory Stone","Better Skull","Better Third Choice","Colored Map","Colored Powertips","Communication Mod","Minty Spire (QoL Compilation)","Quick Restart","RNG Fix","Rare Cards Sparkle","Relic Stats","StSLib","The Marked"],"gold_per_floor":[110,70,70,70,90,123,123,133,209,228,239,239,204,217,217,320,320,320,320],"floor_reached":18,"playtime":754,"items_purged":[],"score":162,"play_id":"db8fce17-c403-4dc4-a59b-75a2ade84f5c","local_time":"20201231204404","is_ascension_mode":false,"campfire_choices":[{"floor":7,"key":"REST"},{"floor":12,"key":"REST"},{"data":"Madness","floor":15,"key":"SMITH"}],"circlet_count":0,"master_deck":["theMarked:SoldierOfQuellstein","theMarked:Polarize","Madness+1","theMarked:EmpowerWeapon","theMarked:ContemptForTheProud","theMarked:TwofoldDefense","theMarked:StartUp","theMarked:Parkour","theMarked:DispelDoubt","theMarked:BanishingWave","theMarked:MuscleMemory","theMarked:WastefulAttack","theMarked:ChannelForce","theMarked:Electrify","theMarked:EnhanceMovement","theMarked:Generate","theMarked:WastefulAttack","theMarked:Snap"],"relics":["theMarked:ArtifactOfAir","Centennial Puzzle","Ornamental Fan","Pandora\u0027s Box"],"acts_visited":["Exordium","TheCity"],"potions_floor_usage":[6,6,10,16,16],"damage_taken":[{"damage":1,"enemies":"2 Louse","floor":1,"turns":4},{"damage":6,"enemies":"Cultist","floor":5,"turns":4},{"damage":31,"enemies":"Gremlin Nob","floor":6,"turns":4},{"damage":0,"enemies":"Small Slimes","floor":8,"turns":3},{"damage":8,"enemies":"Exordium Wildlife","floor":10,"turns":4},{"damage":3,"enemies":"3 Louse","floor":11,"turns":3},{"damage":0,"enemies":"Large Slime","floor":14,"turns":5},{"damage":74,"enemies":"Hexaghost","floor":16,"turns":12},{"damage":70,"enemies":"3 Byrds","floor":18,"turns":6}],"seed_played":"-7297983770080527427","potions_obtained":[{"floor":2,"key":"Energy Potion"},{"floor":2,"key":"SpeedPotion"},{"floor":2,"key":"SneckoOil"},{"floor":6,"key":"Energy Potion"},{"floor":8,"key":"FairyPotion"},{"floor":10,"key":"Strength Potion"}],"is_trial":false,"path_per_floor":["M","?","$","?","M","E","R","M","T","M","M","R","?","M","R","B",null,"M"],"character_chosen":"THE_DEFAULT","items_purchased":[],"campfire_rested":2,"item_purchase_floors":[],"current_hp_per_floor":[69,69,69,69,63,32,53,53,53,45,42,63,70,70,70,17,70,0,0],"gold":320,"neow_bonus":"THREE_CARDS","is_daily":false,"chose_seed":false,"campfire_upgraded":1,"win_rate":0.0,"timestamp":1609436644,"path_taken":["M","?","?","?","?","E","R","M","T","M","M","R","?","M","R","BOSS","M"],"items_purchased_type":[],"build_version":"2020-12-22","purchased_purges":0,"victory":false,"max_hp_per_floor":[70,70,70,70,70,70,70,70,70,70,70,70,70,70,70,70,70,70,70],"relic_stats":{"Centennial Puzzle":[12],"counters":[9,45],"Ornamental Fan":[28],"Pandora\u0027s Box":["theMarked:BanishingWave","theMarked:MuscleMemory","theMarked:WastefulAttack","theMarked:ChannelForce","theMarked:Electrify","theMarked:EnhanceMovement","theMarked:Generate","theMarked:WastefulAttack","theMarked:Snap"],"obtain_stats":[{"theMarked:ArtifactOfAir":0,"Centennial Puzzle":6,"Ornamental Fan":9,"Pandora\u0027s Box":17},{"theMarked:ArtifactOfAir":0,"Centennial Puzzle":3,"Ornamental Fan":4,"Pandora\u0027s Box":8},{"theMarked:ArtifactOfAir":0,"Centennial Puzzle":12,"Ornamental Fan":15,"Pandora\u0027s Box":39}]},"card_choices":[{"not_picked":["theMarked:HeightenedSenses","theMarked:Convert"],"picked":"theMarked:Polarize","floor":0},{"not_picked":["theMarked:EnhancedHearing","theMarked:SwordAndMagic","theMarked:Aftermath"],"picked":"SKIP","floor":1},{"not_picked":["Enlightenment","Jack Of All Trades"],"picked":"Madness","floor":4},{"not_picked":["theMarked:Aftermath","theMarked:Static"],"picked":"theMarked:EmpowerWeapon","floor":5},{"not_picked":["theMarked:ResourceFulStrike","theMarked:WastefulDefense"],"picked":"theMarked:ContemptForTheProud","floor":6},{"not_picked":["theMarked:EmpowerWeapon","theMarked:Electrify","theMarked:Seal"],"picked":"SKIP","floor":8},{"not_picked":["theMarked:Aftermath","theMarked:ElectricStrings"],"picked":"theMarked:TwofoldDefense","floor":10},{"not_picked":["theMarked:Frustration","theMarked:TwofoldDefense"],"picked":"theMarked:StartUp","floor":11},{"not_picked":["theMarked:UnarmedFury","theMarked:Seal"],"picked":"theMarked:Parkour","floor":14},{"not_picked":["theMarked:TurnInvisible","theMarked:FavorableWinds"],"picked":"theMarked:DispelDoubt","floor":16}],"player_experience":159940,"relics_obtained":[{"floor":6,"key":"Centennial Puzzle"},{"floor":9,"key":"Ornamental Fan"}],"event_choices":[{"damage_healed":0,"gold_gain":0,"player_choice":"Bought 3 Potions","damage_taken":0,"max_hp_gain":0,"max_hp_loss":0,"event_name":"The Woman in Blue","floor":2,"gold_loss":0},{"damage_healed":0,"gold_gain":1,"player_choice":"1","damage_taken":0,"max_hp_gain":0,"max_hp_loss":0,"event_name":"betterStone:BetterStone","floor":4,"gold_loss":0},{"damage_healed":17,"gold_gain":0,"player_choice":"Healed","damage_taken":0,"max_hp_gain":0,"max_hp_loss":0,"event_name":"The Cleric","floor":13,"gold_loss":35}],"is_beta":false,"boss_relics":[{"not_picked":["Black Star","Empty Cage"],"picked":"Pandora\u0027s Box"}],"items_purged_floors":[],"is_endless":false,"potions_floor_spawned":[6,8,10],"killed_by":"3 Byrds","ascension_level":0}}