{"host":"066y5nba5qw19k68","time":1609403253,"event":{"mods":["BaseMod","Colored Powertips","Downfall","Minty Spire (QoL Compilation)","Replay The Spire","Shop Mod","StSLib"],"gold_per_floor":[118,118,118,130,130,174,174,192,192,215,215,215,215,231,231,251,251,377,377,395,87,12,12,27,42,42,42],"floor_reached":26,"playtime":1709,"items_purged":["Normality"],"score":231,"play_id":"959a337d-889c-4354-b27d-571b2cbf587b","local_time":"20201231162733","is_ascension_mode":false,"campfire_choices":[{"floor":7,"key":"REST"},{"data":"Strike_R","floor":11,"key":"SMITH"},{"data":"Cleave","floor":17,"key":"SMITH"}],"circlet_count":0,"master_deck":["Strike_R+1","Strike_R+1","Strike_R","Strike_R","Strike_R+1","Defend_R","Defend_R","Defend_R","Defend_R","Metallicize","Anger","ReplayTheSpireMod:Strike From Hell","Cleave+1","Seeing Red","Clothesline","Barricade","CommonCold","Iron Wave","Fire Breathing","Cleave+1","Hemogenesis","Shrug It Off+1"],"relics":["Burning Blood","NeowsBlessing","Blood Vial","Golden Idol","Bag of Marbles","Letter Opener","Strawberry","Replay:Ancient Bell","ReplayFunnel","Iron Hammer","Another Sword","Happy Flower"],"acts_visited":["Exordium","TheCity"],"potions_floor_usage":[],"damage_taken":[{"damage":0,"enemies":"Jaw Worm","floor":1,"turns":1},{"damage":0,"enemies":"2 Louse","floor":4,"turns":1},{"damage":0,"enemies":"3 Sentries","floor":6,"turns":2},{"damage":0,"enemies":"Small Slimes","floor":8,"turns":3},{"damage":2,"enemies":"Looter","floor":14,"turns":4},{"damage":1,"enemies":"2 Fungi Beasts","floor":16,"turns":3},{"damage":83,"enemies":"Slime Boss","floor":18,"turns":15},{"damage":8,"enemies":"Chosen","floor":20,"turns":7},{"damage":25,"enemies":"3 Byrds","floor":24,"turns":5},{"damage":56,"enemies":"Centurion and Healer","floor":25,"turns":7},{"damage":30,"enemies":"Gremlin Leader","floor":26,"turns":2}],"seed_played":"-196386002755129166","potions_obtained":[{"floor":1,"key":"AttackPotion"},{"floor":8,"key":"Weak Potion"},{"floor":16,"key":"Elixir"},{"floor":24,"key":"PowerPotion"}],"is_trial":false,"path_per_floor":["M","?","?","M","?","E","R","M","T","T","R","PTL","PTL","M","?","M","R","B",null,"M","$","?","?","M","M","E"],"character_chosen":"IRONCLAD","items_purchased":["Fire Breathing","Happy Flower"],"campfire_rested":1,"item_purchase_floors":[21,21],"current_hp_per_floor":[80,64,52,60,40,48,72,80,80,87,87,87,87,87,87,87,87,10,87,85,85,85,85,68,27,0,0],"gold":42,"neow_bonus":"THREE_ENEMY_KILL","is_daily":false,"chose_seed":false,"campfire_upgraded":2,"win_rate":0.0,"timestamp":1609403253,"path_taken":["M","?","?","M","?","E","R","M","T","?","R","PTL","PTL","M","?","M","R","BOSS","M","$","?","?","?","M","E"],"items_purchased_type":["Card","Relic"],"build_version":"2020-12-22","purchased_purges":1,"victory":false,"max_hp_per_floor":[80,80,80,80,80,80,80,80,80,87,87,87,87,87,87,87,87,87,87,87,87,87,87,87,87,87,87],"card_choices":[{"not_picked":["Warcry","Armaments"],"picked":"Metallicize","floor":1},{"not_picked":["Warcry","Uppercut"],"picked":"Anger","floor":4},{"not_picked":["Uppercut","Anger"],"picked":"ReplayTheSpireMod:Strike From Hell","floor":6},{"not_picked":["Disarm","Battle Trance"],"picked":"Cleave","floor":8},{"not_picked":["Run Through","Anger"],"picked":"Seeing Red","floor":14},{"not_picked":["Berserk","True Grit"],"picked":"Clothesline","floor":16},{"not_picked":["Juggernaut","Corruption"],"picked":"Barricade","floor":18},{"not_picked":["Sickly","Pain"],"picked":"Decay","floor":19},{"not_picked":["ReplayTheSpireMod:Restless Dread","Delirium"],"picked":"Normality","floor":19},{"not_picked":["Languid","Normality"],"picked":"CommonCold","floor":19},{"not_picked":["Cleave","Anger"],"picked":"Iron Wave","floor":20},{"not_picked":["Burning Pact+1","Heavy Blade+1"],"picked":"Hemogenesis","floor":24},{"not_picked":["Anger","Flex"],"picked":"Shrug It Off+1","floor":25}],"player_experience":8564,"relics_obtained":[{"floor":6,"key":"Bag of Marbles"},{"floor":9,"key":"Letter Opener"},{"floor":10,"key":"Strawberry"}],"event_choices":[{"damage_healed":0,"gold_gain":0,"player_choice":"Entered Light","damage_taken":16,"max_hp_gain":0,"max_hp_loss":0,"event_name":"Shining Light","floor":2,"gold_loss":0,"cards_upgraded":["Strike_R","Strike_R"]},{"damage_healed":0,"gold_gain":0,"player_choice":"Success","damage_taken":12,"relics_obtained":["Blood Vial"],"max_hp_gain":0,"max_hp_loss":0,"event_name":"Scrap Ooze","floor":3,"gold_loss":0},{"damage_healed":0,"gold_gain":0,"player_choice":"Take Damage","damage_taken":20,"relics_obtained":["Golden Idol"],"max_hp_gain":0,"max_hp_loss":0,"event_name":"Golden Idol","floor":5,"gold_loss":0},{"cards_removed":["Bash"],"damage_healed":0,"gold_gain":0,"player_choice":"Purged","damage_taken":0,"max_hp_gain":0,"max_hp_loss":0,"event_name":"Purifier","floor":15,"gold_loss":0},{"cards_removed":["Decay"],"damage_healed":0,"gold_gain":0,"player_choice":"Gave Gold","damage_taken":0,"max_hp_gain":0,"max_hp_loss":0,"event_name":"Beggar","floor":22,"gold_loss":75},{"damage_healed":0,"gold_gain":0,"player_choice":"Copied","damage_taken":0,"max_hp_gain":0,"max_hp_loss":0,"event_name":"Duplicator","floor":23,"gold_loss":0,"cards_obtained":["Cleave"]}],"is_beta":false,"boss_relics":[{"not_picked":["Coffee Dripper","Replay:Bronze Core"],"picked":"Replay:Ancient Bell"},{"not_picked":["Nunchaku","Dream Catcher"],"picked":"ReplayFunnel"},{"not_picked":["White Beast Statue","Pear"],"picked":"Iron Hammer"},{"not_picked":["Peace Pipe","Gambling Chip"],"picked":"Another Sword"}],"items_purged_floors":[21],"is_endless":false,"potions_floor_spawned":[1,8,16,20,24],"killed_by":"Gremlin Leader","ascension_level":0}}