{"host":"na09lpbrez4gbfiz","time":1609454252,"event":{"mods":["Act Like it!","BaseMod","BetterRewards","Colored Map","Colored Powertips","DeckTracker","Googly Eyes","Highlight Path","Minty Spire (QoL Compilation)","Quick Restart","Spicy Shops","StSLib","SuperFastMode","Synergy Search"],"gold_per_floor":[212,37,212,162,180,180,55,55,79,99,99,112,141,152,152,251,251,270,270,288,299,299,299,309,309,336,32,61,78,78,27,27,132,132,145,145,195,195,247,247,247,247,247,278,45,45,64,81,81,81],"floor_reached":51,"playtime":1491,"items_purged":["Strike_R","Defend_R","Strike_R","Strike_R","Pain"],"score":1087,"play_id":"d5c11436-6ac1-4550-9824-373cc2c0a182","local_time":"20201231233732","is_ascension_mode":true,"campfire_choices":[{"data":"Inflame","floor":6,"key":"SMITH"},{"data":"Bash","floor":11,"key":"SMITH"},{"floor":15,"key":"REST"},{"floor":23,"key":"REST"},{"floor":25,"key":"REST"},{"floor":30,"key":"REST"},{"data":"Demon Form","floor":32,"key":"SMITH"},{"floor":40,"key":"REST"},{"floor":42,"key":"REST"},{"data":"Heavy Blade","floor":46,"key":"SMITH"},{"data":"Double Tap","floor":49,"key":"SMITH"}],"circlet_count":0,"master_deck":["AscendersBane","Defend_R","Defend_R","Bash+1","Inflame+1","Rage","Battle Trance","Intimidate","Double Tap+1","Demon Form+1","Heavy Blade+1","Heavy Blade+1","True Grit+1","Metallicize+1","Shrug It Off+1"],"relics":["Burning Blood","Lantern","Regal Pillow","Empty Cage","MutagenicStrength","Toy Ornithopter","PreservedInsect","Vajra","Sozu","Ginger","Magic Flower","Calipers","Gremlin Horn","Medical Kit"],"acts_visited":["Exordium","TheCity","TheBeyond"],"potions_floor_usage":[13,16,16,22,28,33,33],"damage_taken":[{"damage":15,"enemies":"Jaw Worm","floor":1,"turns":6},{"damage":13,"enemies":"2 Louse","floor":5,"turns":3},{"damage":7,"enemies":"Small Slimes","floor":10,"turns":3},{"damage":14,"enemies":"Exordium Wildlife","floor":12,"turns":5},{"damage":6,"enemies":"3 Sentries","floor":13,"turns":9},{"damage":7,"enemies":"Large Slime","floor":14,"turns":5},{"damage":32,"enemies":"Hexaghost","floor":16,"turns":9},{"damage":14,"enemies":"Chosen","floor":18,"turns":5},{"damage":27,"enemies":"Spheric Guardian","floor":20,"turns":4},{"damage":37,"enemies":"Snake Plant","floor":21,"turns":4},{"damage":29,"enemies":"3 Cultists","floor":24,"turns":5},{"damage":72,"enemies":"Gremlin Leader","floor":28,"turns":6},{"damage":0,"enemies":"Centurion and Healer","floor":29,"turns":4},{"damage":15,"enemies":"Automaton","floor":33,"turns":4},{"damage":21,"enemies":"3 Shapes","floor":35,"turns":4},{"damage":20,"enemies":"Mind Bloom Boss Battle","floor":37,"turns":6},{"damage":46,"enemies":"2 Orb Walkers","floor":39,"turns":5},{"damage":0,"enemies":"Giant Head","floor":44,"turns":5},{"damage":11,"enemies":"3 Darklings","floor":47,"turns":4},{"damage":21,"enemies":"Sphere and 2 Shapes","floor":48,"turns":4},{"damage":67,"enemies":"Time Eater","floor":50,"turns":6}],"seed_played":"6293638261141807770","potions_obtained":[{"floor":1,"key":"Dexterity Potion"},{"floor":12,"key":"SkillPotion"},{"floor":13,"key":"ColorlessPotion"},{"floor":20,"key":"BloodPotion"},{"floor":21,"key":"FairyPotion"},{"floor":24,"key":"EssenceOfSteel"},{"floor":29,"key":"LiquidMemories"}],"is_trial":false,"path_per_floor":["M","$","?","?","M","R","$","?","T","M","R","M","E","M","R","B",null,"M","?","M","M","?","R","M","R","T","$","E","M","R","$","R","B",null,"M","$","?","?","?","R","?","R","T","E","$","R","M","M","R","B",null],"character_chosen":"IRONCLAD","items_purchased":["PreservedInsect","PowerPotion","Medical Kit"],"campfire_rested":6,"item_purchase_floors":[27,31,45],"current_hp_per_floor":[63,63,63,63,56,56,56,56,56,55,55,47,47,46,80,54,74,66,66,45,14,15,55,32,72,72,72,11,17,57,57,57,58,78,63,63,49,49,9,49,49,85,85,85,85,85,83,71,71,13],"gold":81,"neow_bonus":"HUNDRED_GOLD","is_daily":false,"chose_seed":false,"campfire_upgraded":5,"win_rate":0.0,"timestamp":1609454252,"path_taken":["M","$","?","?","M","R","$","?","T","M","R","M","E","?","R","BOSS","M","?","M","M","?","R","M","R","T","$","E","M","R","$","R","BOSS","M","$","?","?","?","R","?","R","T","E","?","R","M","M","R","BOSS"],"items_purchased_type":["Relic","Potion","Relic"],"build_version":"2020-12-22","purchased_purges":5,"victory":true,"max_hp_per_floor":[80,80,80,80,80,80,80,80,80,80,80,80,80,80,80,80,80,80,80,80,80,85,85,85,85,85,85,85,85,85,85,85,85,85,85,85,85,85,85,85,85,85,85,85,85,85,85,85,85,85],"card_choices":[{"not_picked":["Flame Barrier","Battle Trance"],"picked":"Inflame","floor":1},{"not_picked":["Havoc","Power Through"],"picked":"Rage","floor":5},{"not_picked":["Anger","Perfected Strike"],"picked":"Intimidate","floor":10},{"not_picked":["Warcry","Pommel Strike","Sword Boomerang"],"picked":"SKIP","floor":12},{"not_picked":["Perfected Strike","Havoc","Clothesline"],"picked":"SKIP","floor":13},{"not_picked":["Clothesline","Power Through"],"picked":"Double Tap","floor":14},{"not_picked":["Reaper","Exhume"],"picked":"Demon Form","floor":16},{"not_picked":["Ghostly Armor","Inflame"],"picked":"Heavy Blade","floor":18},{"not_picked":["Havoc","Flame Barrier","Feel No Pain"],"picked":"SKIP","floor":20},{"not_picked":["Cleave","Battle Trance","Infernal Blade+1"],"picked":"SKIP","floor":21},{"not_picked":["Battle Trance","Rage","Ghostly Armor"],"picked":"SKIP","floor":24},{"not_picked":["Anger","Warcry+1"],"picked":"Heavy Blade+1","floor":28},{"not_picked":["Entrench+1","Combust+1"],"picked":"True Grit+1","floor":29},{"not_picked":["Armaments+1","Anger+1"],"picked":"Sentinel+1","floor":35},{"not_picked":["Rage+1","Havoc"],"picked":"Metallicize+1","floor":37},{"not_picked":["Demon Form","Headbutt+1"],"picked":"Shrug It Off+1","floor":44},{"not_picked":["Spot Weakness+1","True Grit+1","Armaments+1"],"picked":"SKIP","floor":47},{"not_picked":["Whirlwind+1","Armaments","Thunderclap"],"picked":"SKIP","floor":48}],"player_experience":249555,"relics_obtained":[{"floor":9,"key":"Lantern"},{"floor":13,"key":"Regal Pillow"},{"floor":26,"key":"Toy Ornithopter"},{"floor":28,"key":"Vajra"},{"floor":37,"key":"Ginger"},{"floor":39,"key":"Magic Flower"},{"floor":43,"key":"Calipers"},{"floor":44,"key":"Gremlin Horn"}],"event_choices":[{"damage_healed":0,"gold_gain":175,"player_choice":"AGREE","damage_taken":0,"max_hp_gain":0,"max_hp_loss":0,"event_name":"Liars Game","floor":3,"gold_loss":0,"cards_obtained":["Doubt"]},{"cards_removed":["Doubt"],"damage_healed":0,"gold_gain":0,"player_choice":"Card Removal","damage_taken":0,"max_hp_gain":0,"max_hp_loss":0,"event_name":"The Cleric","floor":4,"gold_loss":50},{"damage_healed":0,"gold_gain":0,"cards_transformed":["Strike_R"],"player_choice":"Transformed","damage_taken":0,"max_hp_gain":0,"max_hp_loss":0,"event_name":"Transmorgrifier","floor":8,"gold_loss":0,"cards_obtained":["Battle Trance"]},{"damage_healed":0,"gold_gain":0,"player_choice":"Inject Mutagens","damage_taken":0,"relics_obtained":["MutagenicStrength"],"max_hp_gain":0,"max_hp_loss":0,"event_name":"Drug Dealer","floor":19,"gold_loss":0},{"damage_healed":0,"gold_gain":0,"player_choice":"Shed Blood","damage_taken":20,"max_hp_gain":5,"max_hp_loss":0,"event_name":"Forgotten Altar","floor":22,"gold_loss":0},{"damage_healed":0,"gold_gain":0,"player_choice":"Fight","damage_taken":0,"max_hp_gain":0,"max_hp_loss":0,"event_name":"MindBloom","floor":37,"gold_loss":0},{"cards_removed":["Sentinel"],"damage_healed":0,"gold_gain":0,"player_choice":"Removed Skill","damage_taken":0,"max_hp_gain":0,"max_hp_loss":0,"event_name":"Falling","floor":38,"gold_loss":0},{"damage_healed":0,"gold_gain":0,"player_choice":"Fight","damage_taken":0,"max_hp_gain":0,"max_hp_loss":0,"event_name":"Mysterious Sphere","floor":39,"gold_loss":0},{"damage_healed":0,"gold_gain":0,"player_choice":"Memory 1","damage_taken":0,"max_hp_gain":0,"max_hp_loss":0,"event_name":"SensoryStone","floor":41,"gold_loss":0}],"is_beta":false,"boss_relics":[{"not_picked":["Cursed Key","Mark of Pain"],"picked":"Empty Cage"},{"not_picked":["Pandora\u0027s Box","Runic Pyramid"],"picked":"Sozu"}],"items_purged_floors":[2,2,7,27,45],"is_endless":false,"potions_floor_spawned":[1,12,13,20,21,24,29,44,48],"ascension_level":10}}