{"host":"6pfj0wha12yu6wq3","time":1609400993,"event":{"mods":["AchievementEnabler","BaseMod","Colored Map","Colored Powertips","Curses Come First","DeckTracker","Minty Spire (QoL Compilation)","RNG Fix","Relic Sorter","Relic Stats","StSLib","UnlockEverythingMod","ojb\u0027s Better Paths Mod","ojb\u0027s Info Mod"],"gold_per_floor":[110,125,135,135,135,163,173,203,203,234,252,269,269,279,279,354,354,328,347,347,363,55,90,101,128,128,128,145,163,177,203,203,281,281,291,346,361,361,74,109,109,142,142,142,152,172,172,203,215,227,239,251,9,44,44],"floor_reached":56,"playtime":5556,"items_purged":["Strike_G","Strike_G"],"score":2492,"play_id":"d0f90240-794b-4fdd-a9e9-c27673145c90","local_time":"20201231024953","is_ascension_mode":true,"campfire_choices":[{"floor":15.0,"key":"REST"},{"floor":32.0,"key":"RECALL"}],"circlet_count":0,"master_deck":["AscendersBane","Strike_G+1","Defend_G+1","Defend_G+1","Defend_G+1","Defend_G+1","Defend_G+1","Survivor+1","Neutralize+1","Predator+1","Backflip+1","Poisoned Stab+1","Catalyst+1","Noxious Fumes+1","Envenom+1","Cloak And Dagger+1","PiercingWail+1","Leg Sweep+1","Tools of the Trade+1","Leg Sweep+1","Blade Dance+1","Slice+1","Deflect+1","Master of Strategy+1","Corpse Explosion+1","Calculated Gamble+1","Deflect+1","Envenom+1","Blade Dance+1","Burst+1","PiercingWail+1","Adrenaline+1","Tools of the Trade+1","Outmaneuver+1","Acrobatics+1","PiercingWail+1","Enlightenment+1","Corpse Explosion+1","Dodge and Roll+1","Prepared+1","Leg Sweep+1","Master of Strategy+1","Acrobatics+1","PiercingWail+1"],"relics":["Fusion Hammer","Anchor","Toy Ornithopter","Ninja Scroll","Paper Crane","Coffee Dripper","Prayer Wheel","Mercury Hourglass","Nloth\u0027s Gift","Lizard Tail","Runic Pyramid","Tingsha","Toxic Egg 2","Happy Flower","Mark of the Bloom","Pear","Bronze Scales","MawBank","Akabeko"],"acts_visited":["Exordium","TheCity","TheBeyond","TheEnding"],"potions_floor_usage":[55],"damage_taken":[{"damage":0.0,"enemies":"Small Slimes","floor":1.0,"turns":5.0},{"damage":1.0,"enemies":"Jaw Worm","floor":2.0,"turns":5.0},{"damage":0.0,"enemies":"Cultist","floor":3.0,"turns":3.0},{"damage":25.0,"enemies":"3 Sentries","floor":6.0,"turns":8.0},{"damage":0.0,"enemies":"Exordium Thugs","floor":7.0,"turns":6.0},{"damage":8.0,"enemies":"Gremlin Nob","floor":8.0,"turns":3.0},{"damage":11.0,"enemies":"3 Sentries","floor":10.0,"turns":6.0},{"damage":0.0,"enemies":"2 Fungi Beasts","floor":11.0,"turns":3.0},{"damage":0.0,"enemies":"3 Louse","floor":12.0,"turns":3.0},{"damage":0.0,"enemies":"Blue Slaver","floor":14.0,"turns":3.0},{"damage":12.0,"enemies":"Hexaghost","floor":16.0,"turns":9.0},{"damage":0.0,"enemies":"2 Thieves","floor":18.0,"turns":4.0},{"damage":5.0,"enemies":"Chosen","floor":19.0,"turns":4.0},{"damage":0.0,"enemies":"Centurion and Healer","floor":21.0,"turns":8.0},{"damage":24.0,"enemies":"Gremlin Leader","floor":23.0,"turns":6.0},{"damage":0.0,"enemies":"3 Cultists","floor":24.0,"turns":3.0},{"damage":2.0,"enemies":"Book of Stabbing","floor":25.0,"turns":6.0},{"damage":1.0,"enemies":"Shelled Parasite and Fungi","floor":28.0,"turns":7.0},{"damage":0.0,"enemies":"Snecko","floor":29.0,"turns":5.0},{"damage":0.0,"enemies":"Centurion and Healer","floor":30.0,"turns":4.0},{"damage":15.0,"enemies":"Gremlin Leader","floor":31.0,"turns":5.0},{"damage":4.0,"enemies":"Automaton","floor":33.0,"turns":9.0},{"damage":0.0,"enemies":"3 Shapes","floor":35.0,"turns":4.0},{"damage":0.0,"enemies":"2 Orb Walkers","floor":36.0,"turns":4.0},{"damage":0.0,"enemies":"Orb Walker","floor":37.0,"turns":3.0},{"damage":21.0,"enemies":"Reptomancer","floor":40.0,"turns":6.0},{"damage":0.0,"enemies":"Giant Head","floor":42.0,"turns":6.0},{"damage":2.0,"enemies":"Jaw Worm Horde","floor":45.0,"turns":3.0},{"damage":0.0,"enemies":"3 Darklings","floor":46.0,"turns":3.0},{"damage":0.0,"enemies":"Reptomancer","floor":48.0,"turns":3.0},{"damage":7.0,"enemies":"Donu and Deca","floor":50.0,"turns":5.0},{"damage":0,"enemies":"Shield and Spear","floor":54,"turns":1},{"damage":35,"enemies":"The Heart","floor":55,"turns":9}],"seed_played":"-3382916039072694411","potions_obtained":[{"floor":3.0,"key":"FearPotion"},{"floor":6.0,"key":"EntropicBrew"},{"floor":7.0,"key":"AttackPotion"},{"floor":10.0,"key":"Poison Potion"},{"floor":16.0,"key":"LiquidBronze"},{"floor":19.0,"key":"Regen Potion"},{"floor":25.0,"key":"GhostInAJar"},{"floor":29.0,"key":"DuplicationPotion"},{"floor":36.0,"key":"Fire Potion"},{"floor":37.0,"key":"LiquidMemories"},{"floor":46.0,"key":"GamblersBrew"}],"is_trial":false,"path_per_floor":["M","M","M","?","?","E","M","E","T","E","M","M","?","M","R","B",null,"M","M","?","M","$","E","M","E","T","?","M","M","M","E","R","B",null,"M","?","M","T","$","E","?","E","T","?","M","M","?","E","R","B",null,"R","$","E","B",null],"character_chosen":"THE_SILENT","items_purchased":["Master of Strategy","Weak Potion","Acrobatics+1","PiercingWail+1","Enlightenment+1","Master of Strategy+1","Acrobatics+1","PiercingWail+1"],"campfire_rested":1,"item_purchase_floors":[22,22,39,39,39,53,53,53],"current_hp_per_floor":[59,58,58,58,58,33,33,40,40,29,29,29,22,22,41,34,58,63,58,58,63,63,39,56,54,54,54,53,53,53,38,38,34,58,58,63,63,63,63,47,47,47,47,47,45,45,45,45,45,38,38,38,38,38,3],"gold":44,"neow_bonus":"BOSS_RELIC","is_daily":false,"chose_seed":false,"campfire_upgraded":0,"win_rate":0.0,"timestamp":1609400993,"path_taken":["M","M","M","?","?","E","M","E","T","E","M","M","?","M","R","BOSS","M","M","?","M","$","E","M","E","T","?","M","M","?","E","R","BOSS","M","?","?","?","$","E","?","E","T","?","?","M","?","E","R","BOSS","R","$","E","BOSS"],"items_purchased_type":["Card","Potion","Card","Card","Card","Card","Card","Card"],"build_version":"2020-12-22","purchased_purges":2,"victory":true,"max_hp_per_floor":[66,66,66,66,66,66,66,66,66,66,66,66,66,66,66,66,66,66,66,66,66,66,66,66,66,66,66,66,66,66,66,66,66,66,66,66,66,66,66,66,66,76,76,72,72,72,72,72,72,72,72,72,72,72,72],"relic_stats":{"Lizard Tail":0,"Mark of the Bloom":41,"Happy Flower":[10],"counters":[33,161],"Bronze Scales":[189],"Prayer Wheel":8,"Tingsha":[120],"Nloth\u0027s Gift":5,"MawBank":60,"obtain_stats":[{"Mark of the Bloom":41,"Pear":42,"Happy Flower":40,"Oddly Smooth Stone":8,"Tingsha":36,"Paper Crane":10,"MawBank":48,"Akabeko":54,"Mercury Hourglass":25,"Anchor":5,"Lizard Tail":31,"Ninja Scroll":9,"Bronze Scales":43,"Prayer Wheel":23,"Fusion Hammer":0,"Coffee Dripper":17,"Nloth\u0027s Gift":27,"Toxic Egg 2":38,"Toy Ornithopter":6,"Ring of the Snake":0,"Runic Pyramid":34},{"Mark of the Bloom":26,"Pear":27,"Happy Flower":26,"Oddly Smooth Stone":6,"Tingsha":24,"Paper Crane":7,"MawBank":30,"Akabeko":32,"Mercury Hourglass":17,"Anchor":3,"Lizard Tail":21,"Ninja Scroll":6,"Bronze Scales":27,"Prayer Wheel":15,"Fusion Hammer":0,"Coffee Dripper":11,"Nloth\u0027s Gift":17,"Toxic Egg 2":25,"Toy Ornithopter":4,"Ring of the Snake":0,"Runic Pyramid":22},{"Mark of the Bloom":131,"Pear":137,"Happy Flower":131,"Oddly Smooth Stone":30,"Tingsha":122,"Paper Crane":36,"MawBank":146,"Akabeko":152,"Mercury Hourglass":85,"Anchor":13,"Lizard Tail":105,"Ninja Scroll":30,"Bronze Scales":137,"Prayer Wheel":76,"Fusion Hammer":0,"Coffee Dripper":54,"Nloth\u0027s Gift":85,"Toxic Egg 2":125,"Toy Ornithopter":21,"Ring of the Snake":0,"Runic Pyramid":114}],"Toy Ornithopter":45,"Mercury Hourglass":[337]},"card_choices":[{"not_picked":["Backflip","Sucker Punch"],"picked":"Acrobatics","floor":1.0},{"not_picked":["Cloak And Dagger","Flechettes"],"picked":"Predator","floor":2.0},{"not_picked":["Endless Agony","Bane"],"picked":"Riddle With Holes","floor":3.0},{"not_picked":["Heel Hook","Sucker Punch"],"picked":"Poisoned Stab","floor":6.0},{"not_picked":["Dagger Spray","Dodge and Roll"],"picked":"Catalyst","floor":7.0},{"not_picked":["After Image","Outmaneuver"],"picked":"Noxious Fumes","floor":8.0},{"not_picked":["Eviscerate","Choke"],"picked":"Envenom","floor":10.0},{"not_picked":["Deadly Poison","Flechettes"],"picked":"Cloak And Dagger","floor":11.0},{"not_picked":["Phantasmal Killer","Prepared"],"picked":"PiercingWail","floor":12.0},{"not_picked":["Deflect","Bane"],"picked":"Leg Sweep","floor":14.0},{"not_picked":["Glass Knife","Grand Finale"],"picked":"Tools of the Trade","floor":16.0},{"not_picked":["Quick Slash","Skewer"],"picked":"Leg Sweep","floor":18.0},{"not_picked":["PiercingWail","Slice"],"picked":"Blade Dance+1","floor":19.0},{"not_picked":["Phantasmal Killer","Acrobatics"],"picked":"Deflect+1","floor":21.0},{"not_picked":["Poisoned Stab+1","Deflect"],"picked":"Corpse Explosion","floor":23.0},{"not_picked":["Flying Knee","Sucker Punch"],"picked":"Calculated Gamble","floor":24.0},{"not_picked":["Deadly Poison","Predator"],"picked":"Deflect+1","floor":24.0},{"not_picked":["Heel Hook","Dagger Throw","Eviscerate"],"picked":"SKIP","floor":25.0},{"not_picked":["Cloak And Dagger","Eviscerate"],"picked":"Envenom","floor":28.0},{"not_picked":["Heel Hook+1","Poisoned Stab"],"picked":"Blade Dance","floor":28.0},{"not_picked":["Underhanded Strike","Blur"],"picked":"Burst","floor":29.0},{"not_picked":["Dodge and Roll","Cloak And Dagger"],"picked":"PiercingWail","floor":29.0},{"not_picked":["Dagger Spray","Sucker Punch","Terror"],"picked":"SKIP","floor":30.0},{"not_picked":["Skewer","Deflect","Dagger Spray"],"picked":"SKIP","floor":30.0},{"not_picked":["Dagger Spray","Setup"],"picked":"Adrenaline","floor":31.0},{"not_picked":["Phantasmal Killer","Grand Finale"],"picked":"Tools of the Trade","floor":33.0},{"not_picked":["Dash","Bane","Choke"],"picked":"SKIP","floor":35.0},{"not_picked":["Unload","Bane","Quick Slash"],"picked":"SKIP","floor":35.0},{"not_picked":["Caltrops","Die Die Die"],"picked":"Outmaneuver","floor":37.0},{"not_picked":["Flying Knee","Terror","Deflect"],"picked":"SKIP","floor":37.0},{"not_picked":["Finisher+1","Grand Finale"],"picked":"Corpse Explosion+1","floor":40.0},{"not_picked":["Blade Dance+1","Underhanded Strike"],"picked":"Dodge and Roll+1","floor":42.0},{"not_picked":["Masterful Stab+1","Choke","Slice"],"picked":"SKIP","floor":45.0},{"not_picked":["Finisher","Flying Knee","Dagger Spray"],"picked":"SKIP","floor":45.0},{"not_picked":["Bouncing Flask+1","Caltrops"],"picked":"Prepared+1","floor":46.0},{"not_picked":["Sucker Punch+1","Deadly Poison+1","Deflect+1"],"picked":"SKIP","floor":46.0},{"not_picked":["Bane","Dash"],"picked":"Leg Sweep+1","floor":48.0},{"not_picked":["A Thousand Cuts","Dagger Throw","Bullet Time+1"],"picked":"SKIP","floor":54}],"player_experience":17258,"relics_obtained":[{"floor":6.0,"key":"Toy Ornithopter"},{"floor":8.0,"key":"Oddly Smooth Stone"},{"floor":9.0,"key":"Ninja Scroll"},{"floor":10.0,"key":"Paper Crane"},{"floor":23.0,"key":"Prayer Wheel"},{"floor":25.0,"key":"Mercury Hourglass"},{"floor":31.0,"key":"Lizard Tail"},{"floor":36.0,"key":"Tingsha"},{"floor":38.0,"key":"Toxic Egg 2"},{"floor":40.0,"key":"Happy Flower"},{"floor":42.0,"key":"Pear"},{"floor":43.0,"key":"Bronze Scales"},{"floor":48.0,"key":"MawBank"},{"floor":54,"key":"Akabeko"}],"event_choices":[{"damage_healed":0.0,"max_hp_gain":0.0,"max_hp_loss":0.0,"gold_gain":0.0,"event_name":"Match and Keep!","player_choice":"1 cards matched","floor":4.0,"gold_loss":0.0,"damage_taken":0.0,"cards_obtained":["Backflip"]},{"cards_removed":["Acrobatics"],"damage_healed":0.0,"max_hp_gain":0.0,"max_hp_loss":0.0,"gold_gain":0.0,"event_name":"WeMeetAgain","player_choice":"Gave Card","floor":5.0,"gold_loss":0.0,"damage_taken":0.0,"relics_obtained":["Anchor"]},{"cards_removed":["Strike_G"],"damage_healed":0.0,"max_hp_gain":0.0,"max_hp_loss":0.0,"gold_gain":0.0,"event_name":"Golden Wing","player_choice":"Card Removal","floor":13.0,"gold_loss":0.0,"damage_taken":7.0},{"damage_healed":0.0,"max_hp_gain":0.0,"max_hp_loss":0.0,"gold_gain":0.0,"cards_transformed":["Strike_G"],"event_name":"Transmorgrifier","player_choice":"Transformed","floor":20.0,"gold_loss":0.0,"damage_taken":0.0,"cards_obtained":["Slice"]},{"damage_healed":0.0,"max_hp_gain":0.0,"max_hp_loss":0.0,"gold_gain":0.0,"event_name":"N\u0027loth","player_choice":"Traded Relic","floor":27.0,"relics_lost":["Oddly Smooth Stone"],"gold_loss":0.0,"damage_taken":0.0,"relics_obtained":["Nloth\u0027s Gift"]},{"damage_healed":0.0,"max_hp_gain":0.0,"max_hp_loss":0.0,"gold_gain":0.0,"event_name":"Mysterious Sphere","player_choice":"Fight","floor":36.0,"gold_loss":0.0,"damage_taken":0.0},{"damage_healed":0.0,"max_hp_gain":0.0,"max_hp_loss":0.0,"gold_gain":0.0,"event_name":"MindBloom","player_choice":"Upgrade","floor":41.0,"gold_loss":0.0,"damage_taken":0.0,"cards_upgraded":["Strike_G","Defend_G","Defend_G","Defend_G","Defend_G","Defend_G","Survivor","Neutralize","Predator","Riddle With Holes","Backflip","Poisoned Stab","Catalyst","Noxious Fumes","Envenom","Cloak And Dagger","PiercingWail","Leg Sweep","Tools of the Trade","Leg Sweep","Slice","Master of Strategy","Corpse Explosion","Calculated Gamble","Envenom","Blade Dance","Burst","PiercingWail","Adrenaline","Tools of the Trade","Outmaneuver"],"relics_obtained":["Mark of the Bloom"]},{"damage_healed":0.0,"max_hp_gain":0.0,"max_hp_loss":4.0,"gold_gain":0.0,"event_name":"Winding Halls","player_choice":"Max HP","floor":44.0,"gold_loss":0.0,"damage_taken":0.0},{"cards_removed":["Riddle With Holes"],"damage_healed":0.0,"max_hp_gain":0.0,"max_hp_loss":0.0,"gold_gain":0.0,"event_name":"Falling","player_choice":"Removed Attack","floor":47.0,"gold_loss":0.0,"damage_taken":0.0}],"is_beta":false,"boss_relics":[{"not_picked":["Calling Bell","WristBlade"],"picked":"Coffee Dripper"},{"not_picked":["Empty Cage","SlaversCollar"],"picked":"Runic Pyramid"}],"items_purged_floors":[22,39],"is_endless":false,"potions_floor_spawned":[3,6,7,10,12,16,19,23,25,29,33,36,37,46],"ascension_level":20}}