{"host":"ied4ms9juizrl48v","time":1609403277,"event":{"mods":["BaseMod","Block Reminder","Colored Map","Colored Powertips","DeckTracker","Highlight Path","Minty Spire (QoL Compilation)","Quick Restart","Random Character Button","StSLib","SuperFastMode"],"gold_per_floor":[110,110,125,125,142,142,142,142,142,142,162,194,194,211,211,285,285,302,322,355,355,355,355],"floor_reached":22,"playtime":1001,"items_purged":[],"score":368,"play_id":"cd764942-9cc6-4cc7-a9c5-6e4343baab10","local_time":"20201231172757","is_ascension_mode":true,"campfire_choices":[{"data":"Ball Lightning","floor":6,"key":"SMITH"},{"data":"Streamline","floor":10,"key":"SMITH"},{"data":"Scrape","floor":13,"key":"SMITH"},{"data":"Conserve Battery","floor":15,"key":"SMITH"}],"circlet_count":0,"master_deck":["AscendersBane","Strike_B","Strike_B+1","Strike_B+1","Strike_B","Defend_B","Defend_B","Defend_B","Defend_B","Zap","Dualcast","Ball Lightning+1","Conserve Battery+1","Streamline+1","Scrape+1","Machine Learning","Conserve Battery","All For One","Coolheaded","Doom and Gloom","White Noise"],"relics":["Snecko Eye","HornCleat","Mummified Hand","Whetstone","Inserter","Red Mask"],"acts_visited":["Exordium","TheCity"],"potions_floor_usage":[18],"damage_taken":[{"damage":5,"enemies":"Small Slimes","floor":1,"turns":4},{"damage":1,"enemies":"2 Louse","floor":3,"turns":2},{"damage":4,"enemies":"Jaw Worm","floor":5,"turns":5},{"damage":0,"enemies":"2 Fungi Beasts","floor":11,"turns":2},{"damage":18,"enemies":"Lagavulin","floor":12,"turns":6},{"damage":0,"enemies":"Large Slime","floor":14,"turns":2},{"damage":19,"enemies":"The Guardian","floor":16,"turns":11},{"damage":12,"enemies":"3 Byrds","floor":18,"turns":4},{"damage":14,"enemies":"Shell Parasite","floor":19,"turns":2},{"damage":30,"enemies":"Masked Bandits","floor":20,"turns":4},{"damage":9,"enemies":"Centurion and Healer","floor":22,"turns":5}],"seed_played":"-6721305637089080615","potions_obtained":[{"floor":3,"key":"GamblersBrew"},{"floor":16,"key":"CultistPotion"}],"is_trial":false,"path_per_floor":["M","?","M","$","M","R","?","$","T","R","M","E","R","M","R","B",null,"M","M","?","?","M"],"character_chosen":"DEFECT","items_purchased":[],"campfire_rested":0,"item_purchase_floors":[],"current_hp_per_floor":[59,64,63,63,59,59,54,54,54,54,54,36,36,36,36,17,61,49,35,5,5,0,0],"gold":355,"neow_bonus":"BOSS_RELIC","is_daily":false,"chose_seed":false,"campfire_upgraded":4,"win_rate":0.0,"timestamp":1609403277,"path_taken":["M","?","M","$","M","R","?","$","T","R","M","E","R","M","R","BOSS","M","M","?","?","M"],"items_purchased_type":[],"build_version":"2020-12-22","purchased_purges":0,"victory":false,"max_hp_per_floor":[71,76,76,76,76,76,76,76,76,76,76,76,76,76,76,76,76,76,76,76,76,76,76],"card_choices":[{"not_picked":["Compile Driver","Gash"],"picked":"Ball Lightning","floor":1},{"not_picked":["Gash","Turbo"],"picked":"Conserve Battery","floor":3},{"not_picked":["Stack","Reinforced Body"],"picked":"Streamline","floor":5},{"not_picked":["Ball Lightning","Beam Cell"],"picked":"Scrape","floor":11},{"not_picked":["Chill","Compile Driver"],"picked":"Machine Learning","floor":12},{"not_picked":["Redo","Compile Driver"],"picked":"Conserve Battery","floor":14},{"not_picked":["Hyperbeam","Amplify"],"picked":"All For One","floor":16},{"not_picked":["Steam Power","Beam Cell"],"picked":"Coolheaded","floor":18},{"not_picked":["FTL+1","Go for the Eyes"],"picked":"Doom and Gloom","floor":19},{"not_picked":["Rip and Tear","Sweeping Beam+1"],"picked":"White Noise","floor":20}],"player_experience":5332,"relics_obtained":[{"floor":9,"key":"Mummified Hand"},{"floor":12,"key":"Whetstone"},{"floor":20,"key":"Red Mask"}],"event_choices":[{"damage_healed":0,"gold_gain":0,"player_choice":"Donut","damage_taken":0,"max_hp_gain":5,"max_hp_loss":0,"event_name":"Big Fish","floor":2,"gold_loss":0},{"damage_healed":0,"gold_gain":0,"player_choice":"Success","damage_taken":5,"relics_obtained":["HornCleat"],"max_hp_gain":0,"max_hp_loss":0,"event_name":"Scrap Ooze","floor":7,"gold_loss":0},{"damage_healed":0,"gold_gain":0,"player_choice":"Fought Bandits","damage_taken":0,"max_hp_gain":0,"max_hp_loss":0,"event_name":"Masked Bandits","floor":20,"gold_loss":0},{"damage_healed":0,"gold_gain":0,"player_choice":"Ignored","damage_taken":0,"max_hp_gain":0,"max_hp_loss":0,"event_name":"Vampires","floor":21,"gold_loss":0}],"is_beta":false,"boss_relics":[{"not_picked":["Busted Crown","Fusion Hammer"],"picked":"Inserter"}],"items_purged_floors":[],"is_endless":false,"potions_floor_spawned":[3,16],"killed_by":"Centurion and Healer","ascension_level":20}}