{"host":"jwvz9sqego1wo43x","time":1609418882,"event":{"mods":["AchievementEnabler","BaseMod","Colored Map","Downfall","GifTheSpireLib","Minty Spire (QoL Compilation)","StSLib"],"gold_per_floor":[99,99,99,99,99,99,99,99,99,9,35,210,210,236,250,250,250,250],"floor_reached":16,"playtime":433,"items_purged":["champ:Riposte"],"score":107,"play_id":"bdf8873e-63c1-4cac-ae61-e96e50a3c1ad","local_time":"20201231124802","is_ascension_mode":true,"campfire_choices":[{"data":"champ:Taunt","floor":1,"key":"SMITH"},{"data":"champ:Encircle","floor":6,"key":"SMITH"},{"data":"champ:StanceDance","floor":9,"key":"SMITH"},{"data":"champ:PerfectedStrike","floor":13,"key":"SMITH"}],"circlet_count":0,"master_deck":["champ:Strike","champ:Strike","champ:Strike","champ:Strike","champ:Defend","champ:Defend","champ:Defend","champ:Defend","champ:Taunt+1","champ:GutPunch+1","champ:StanceDance+1","champ:Encircle+1","champ:PerfectedStrike+1","champ:GutPunch","Doubt","champ:CrookedStrike","champ:Backstep"],"relics":["champ:ChampionCrown","downfall:HeartsMalice","Ornamental Fan","Orichalcum","Matryoshka"],"acts_visited":["Exordium"],"potions_floor_usage":[14],"damage_taken":[{"damage":0,"enemies":"Jaw Worm","floor":2,"turns":1},{"damage":0,"enemies":"Cultist","floor":3,"turns":1},{"damage":0,"enemies":"2 Louse","floor":5,"turns":1},{"damage":23,"enemies":"downfall:FleeingMerchant","floor":10,"turns":4},{"damage":31,"enemies":"Lagavulin","floor":11,"turns":3},{"damage":27,"enemies":"3 Sentries","floor":14,"turns":5},{"damage":7,"enemies":"Large Slime","floor":15,"turns":2},{"damage":108,"enemies":"downfall:Ironclad","floor":16,"turns":9}],"seed_played":"-6143601057404710036","potions_obtained":[{"floor":11,"key":"AttackPotion"},{"floor":14,"key":"Swift Potion"}],"is_trial":false,"path_per_floor":["R","M","M","?","M","R","T","?","R","$","E","?","R","E","M","B"],"character_chosen":"THE_CHAMP","items_purchased":[],"campfire_rested":0,"item_purchase_floors":[],"current_hp_per_floor":[90,90,90,90,90,90,90,90,90,90,77,77,77,71,71,0,0,0],"gold":250,"neow_bonus":"THREE_ENEMY_KILL","is_daily":false,"chose_seed":false,"campfire_upgraded":4,"win_rate":0.0,"timestamp":1609418882,"path_taken":["R","M","M","?","?","R","T","?","R","$","E","?","R","E","M","BOSS"],"items_purchased_type":[],"build_version":"2020-12-22","purchased_purges":1,"victory":false,"max_hp_per_floor":[90,90,90,90,90,90,90,90,90,90,90,90,90,90,90,90,90,90],"card_choices":[{"not_picked":["champ:HeartStrike","champ:IronFortress"],"picked":"champ:GutPunch","floor":2},{"not_picked":["champ:TornadoPunch","champ:FlashCut"],"picked":"champ:StanceDance","floor":3},{"not_picked":["champ:GladiatorsShout","champ:RageSigil"],"picked":"champ:Encircle","floor":5},{"not_picked":["champ:FaceSlap","champ:DefensiveShout"],"picked":"champ:PerfectedStrike","floor":10},{"not_picked":["champ:TornadoPunch","champ:BladeFlurry"],"picked":"champ:GutPunch","floor":11},{"not_picked":["champ:RageSigil","champ:EnGarde"],"picked":"champ:CrookedStrike","floor":14},{"not_picked":["champ:SteelEdge","champ:Haymaker"],"picked":"champ:Backstep","floor":15}],"player_experience":495825,"relics_obtained":[{"floor":7,"key":"Ornamental Fan"},{"floor":11,"key":"Orichalcum"},{"floor":14,"key":"Matryoshka"}],"event_choices":[{"damage_healed":0,"gold_gain":0,"cards_transformed":["champ:Execute"],"player_choice":"Transformed","damage_taken":0,"max_hp_gain":0,"max_hp_loss":0,"event_name":"Transmorgrifier","floor":4,"gold_loss":0,"cards_obtained":["champ:Riposte"]},{"damage_healed":0,"gold_gain":0,"player_choice":"Grow","damage_taken":0,"max_hp_gain":0,"max_hp_loss":0,"event_name":"Living Wall","floor":8,"gold_loss":0,"cards_upgraded":["champ:GutPunch"]}],"is_beta":false,"boss_relics":[],"items_purged_floors":[10],"is_endless":false,"potions_floor_spawned":[11,14],"killed_by":"downfall:Ironclad","ascension_level":1}}