{"host":"5ru6a7u2mbc0jrwn","time":1609407011,"event":{"mods":["AchievementEnabler","Ascension Reborn","BaseMod","Minty Spire (QoL Compilation)","Rare Cards Sparkle","Shop Mod","StSLib","everything is the same but u backflip on backflip"],"gold_per_floor":[113,113,132,152,171,196,196,223,293,324,324,9,26,26,26,123,123,139,41,52,68,78,111,111,162,222,247,272,199,211,233,245,356,368,396,424,5,15,25,25,37,66,115,127,127,137,137,137,137,137],"floor_reached":51,"playtime":4325,"items_purged":["Tactician"],"score":723,"play_id":"ade1152c-ec71-4a24-90c5-2d1f7913c313","local_time":"20201231183011","is_ascension_mode":true,"campfire_choices":[{"data":"Infinite Blades","floor":7,"key":"SMITH"},{"floor":15,"key":"DIG"},{"data":"1","floor":24,"key":"LIFT"},{"floor":30,"key":"REST"},{"data":"2","floor":32,"key":"LIFT"},{"data":"3","floor":40,"key":"LIFT"},{"floor":47,"key":"DIG"},{"floor":49,"key":"DIG"}],"circlet_count":0,"master_deck":["Strike_G","Strike_G","Strike_G","Strike_G","Defend_G","Defend_G","Defend_G","Survivor","Neutralize","Infinite Blades+1","Finisher","Slice","Terror","Unload","Leg Sweep","Dagger Spray","Endless Agony","Wraith Form v2+1","Poisoned Stab+1","Envenom+1","A Thousand Cuts+1","Backflip+1","Purity","Backstab","Calculated Gamble+1","Crippling Poison+1","Footwork+1","Backflip","After Image+1","Blade Dance+1","Footwork+1","Noxious Fumes+1","Metamorphosis","Panacea+1","Calculated Gamble+1","Infinite Blades+1","Finisher+1","Bane+1","Deadly Poison+1","Quick Slash+1","Writhe"],"relics":["Ring of the Snake","Pear","Shovel","Mummified Hand","PreservedInsect","Frozen Egg 2","Lantern","Astrolabe","Girya","MawBank","Strawberry","Eternal Feather","WristBlade","Happy Flower","Boot","Mercury Hourglass","Bottled Tornado"],"acts_visited":["Exordium","TheCity","TheBeyond"],"potions_floor_usage":[16,16,16,28,31,33,38,39,41,50,50],"damage_taken":[{"damage":3,"enemies":"Jaw Worm","floor":1,"turns":5},{"damage":5,"enemies":"Small Slimes","floor":3,"turns":5},{"damage":0,"enemies":"Cultist","floor":4,"turns":3},{"damage":6,"enemies":"Blue Slaver","floor":5,"turns":5},{"damage":22,"enemies":"3 Sentries","floor":6,"turns":7},{"damage":13,"enemies":"Lagavulin","floor":8,"turns":4},{"damage":14,"enemies":"Gremlin Nob","floor":10,"turns":3},{"damage":8,"enemies":"Lots of Slimes","floor":13,"turns":3},{"damage":15,"enemies":"The Guardian","floor":16,"turns":11},{"damage":5,"enemies":"Chosen","floor":18,"turns":3},{"damage":30,"enemies":"Spheric Guardian","floor":20,"turns":6},{"damage":10,"enemies":"Cultist and Chosen","floor":21,"turns":4},{"damage":10,"enemies":"Chosen and Byrds","floor":22,"turns":3},{"damage":22,"enemies":"Slavers","floor":23,"turns":5},{"damage":21,"enemies":"Snake Plant","floor":27,"turns":3},{"damage":0,"enemies":"Centurion and Healer","floor":28,"turns":4},{"damage":0,"enemies":"Snecko","floor":31,"turns":4},{"damage":10,"enemies":"Champ","floor":33,"turns":9},{"damage":0,"enemies":"3 Darklings","floor":35,"turns":3},{"damage":0,"enemies":"3 Shapes","floor":36,"turns":2},{"damage":6,"enemies":"Sphere and 2 Shapes","floor":38,"turns":4},{"damage":6,"enemies":"3 Darklings","floor":39,"turns":5},{"damage":11,"enemies":"Maw","floor":41,"turns":6},{"damage":13,"enemies":"Reptomancer","floor":42,"turns":3},{"damage":29,"enemies":"Jaw Worm Horde","floor":44,"turns":3},{"damage":4,"enemies":"4 Shapes","floor":46,"turns":4},{"damage":49,"enemies":"Time Eater","floor":50,"turns":10}],"seed_played":"-5835425640104850803","potions_obtained":[{"floor":3,"key":"Swift Potion"},{"floor":8,"key":"SpeedPotion"},{"floor":13,"key":"PowerPotion"},{"floor":22,"key":"BlessingOfTheForge"},{"floor":27,"key":"LiquidMemories"},{"floor":28,"key":"BlessingOfTheForge"},{"floor":31,"key":"SkillPotion"},{"floor":33,"key":"Weak Potion"},{"floor":35,"key":"Energy Potion"},{"floor":38,"key":"Ancient Potion"},{"floor":42,"key":"Weak Potion"}],"is_trial":false,"path_per_floor":["M","?","M","M","M","E","R","E","T","E","?","$","M","?","R","B",null,"M","$","M","M","M","E","R","T","T","M","M","?","R","M","R","B",null,"M","M","$","M","M","R","M","E","T","M","?","M","R","?","R","B",null],"character_chosen":"THE_SILENT","items_purchased":["Frozen Egg 2","Dagger Spray","Purity","Noxious Fumes+1","Metamorphosis","Panacea"],"campfire_rested":1,"item_purchase_floors":[12,12,19,37,37,37],"current_hp_per_floor":[74,79,74,74,68,56,56,43,43,29,92,92,84,84,84,69,92,87,87,57,47,37,15,15,15,22,1,1,1,45,45,60,50,99,99,99,99,93,87,99,88,75,75,46,46,42,66,91,99,50],"gold":137,"neow_bonus":"TEN_PERCENT_HP_BONUS","is_daily":false,"chose_seed":false,"campfire_upgraded":1,"win_rate":0.0,"timestamp":1609407011,"path_taken":["M","?","M","M","M","E","R","E","T","E","?","$","?","?","R","BOSS","M","?","M","M","M","E","R","?","T","M","M","?","R","M","R","BOSS","M","M","$","M","M","R","M","E","T","M","?","?","R","?","R","BOSS"],"items_purchased_type":["Relic","Card","Card","Card","Card","Card"],"build_version":"2020-12-22","purchased_purges":1,"victory":true,"max_hp_per_floor":[77,82,82,82,82,92,92,92,92,92,92,92,92,92,92,92,92,92,92,92,92,92,92,92,92,99,99,99,99,99,99,99,99,99,99,99,99,99,99,99,99,99,99,99,99,99,99,99,99,99],"card_choices":[{"not_picked":["Bane","Underhanded Strike"],"picked":"Infinite Blades","floor":1},{"not_picked":["Deflect","Slice"],"picked":"Finisher","floor":3},{"not_picked":["Distraction","Bane"],"picked":"Predator","floor":4},{"not_picked":["Quick Slash","Sucker Punch"],"picked":"Slice","floor":5},{"not_picked":["Bane","Dagger Spray"],"picked":"Terror","floor":6},{"not_picked":["Finisher","Tools of the Trade"],"picked":"Unload","floor":8},{"not_picked":["Predator","Dagger Spray"],"picked":"Leg Sweep","floor":10},{"not_picked":["Slice","Blur"],"picked":"Endless Agony","floor":13},{"not_picked":["Venomology","Die Die Die"],"picked":"Wraith Form v2+1","floor":16},{"not_picked":["Dagger Throw","Backstab"],"picked":"Backflip+1","floor":18},{"not_picked":["Dodge and Roll","Backflip"],"picked":"Backstab","floor":20},{"not_picked":["Deadly Poison+1","Flying Knee"],"picked":"Calculated Gamble+1","floor":21},{"not_picked":["All Out Attack+1","Unload"],"picked":"Crippling Poison+1","floor":22},{"not_picked":["Flying Knee","Well Laid Plans+1"],"picked":"Footwork+1","floor":23},{"not_picked":["Quick Slash","Dagger Throw+1","Dagger Spray"],"picked":"SKIP","floor":27},{"not_picked":["Sucker Punch","Skewer+1"],"picked":"Backflip","floor":28},{"not_picked":["Flying Knee+1","Blade Dance"],"picked":"Tactician","floor":31},{"not_picked":["Die Die Die","Malaise"],"picked":"After Image+1","floor":33},{"not_picked":["Dagger Spray","Riddle With Holes+1"],"picked":"Blade Dance+1","floor":35},{"not_picked":["Poisoned Stab+1","Dagger Spray+1"],"picked":"Footwork+1","floor":36},{"not_picked":["Dodge and Roll+1","PiercingWail"],"picked":"Calculated Gamble+1","floor":38},{"not_picked":["Flying Knee+1","Bane"],"picked":"Infinite Blades+1","floor":39},{"not_picked":["Dagger Spray+1","Dodge and Roll+1"],"picked":"Finisher+1","floor":41},{"not_picked":["Glass Knife","Deadly Poison"],"picked":"Bane+1","floor":42},{"not_picked":["Dodge and Roll+1","Slice+1"],"picked":"Deadly Poison+1","floor":44},{"not_picked":["Escape Plan","Outmaneuver+1"],"picked":"Quick Slash+1","floor":46}],"player_experience":22890,"relics_obtained":[{"floor":6,"key":"Pear"},{"floor":8,"key":"Shovel"},{"floor":9,"key":"Mummified Hand"},{"floor":10,"key":"PreservedInsect"},{"floor":15,"key":"Lantern"},{"floor":23,"key":"Girya"},{"floor":25,"key":"MawBank"},{"floor":26,"key":"Strawberry"},{"floor":42,"key":"Happy Flower"},{"floor":43,"key":"Boot"},{"floor":47,"key":"Mercury Hourglass"},{"floor":49,"key":"Bottled Tornado"}],"event_choices":[{"damage_healed":0,"gold_gain":0,"player_choice":"Donut","damage_taken":0,"max_hp_gain":5,"max_hp_loss":0,"event_name":"Big Fish","floor":2,"gold_loss":0},{"cards_removed":["Predator"],"damage_healed":63,"gold_gain":0,"player_choice":"Offered Uncommon","damage_taken":0,"max_hp_gain":0,"max_hp_loss":0,"event_name":"Bonfire Elementals","floor":11,"gold_loss":0},{"damage_healed":0,"gold_gain":0,"cards_transformed":["Defend_G"],"player_choice":"Transformed","damage_taken":0,"max_hp_gain":0,"max_hp_loss":0,"event_name":"Transmorgrifier","floor":14,"gold_loss":0,"cards_obtained":["Reflex"]},{"damage_healed":0,"gold_gain":0,"player_choice":"Obtained Relic","damage_taken":0,"relics_obtained":["Eternal Feather"],"max_hp_gain":0,"max_hp_loss":0,"event_name":"Addict","floor":29,"gold_loss":85},{"damage_healed":0,"gold_gain":0,"player_choice":"Forge","damage_taken":0,"max_hp_gain":0,"max_hp_loss":0,"event_name":"Accursed Blacksmith","floor":45,"gold_loss":0,"cards_upgraded":["Panacea"]},{"damage_healed":25,"gold_gain":0,"player_choice":"Writhe","damage_taken":0,"max_hp_gain":0,"max_hp_loss":0,"event_name":"Winding Halls","floor":48,"gold_loss":0,"cards_obtained":["Writhe"]}],"is_beta":false,"boss_relics":[{"not_picked":["Velvet Choker","Busted Crown"],"picked":"Astrolabe"},{"not_picked":["Snecko Eye","Calling Bell"],"picked":"WristBlade"}],"items_purged_floors":[37],"is_endless":false,"potions_floor_spawned":[3,8,13,22,27,28,31,33,35,38,42],"ascension_level":0}}