{"host":"51qmnr9isyv85d0p","time":1609420344,"event":{"mods":["AchievementEnabler","BaseMod","Colored Map","Colored Powertips","Curses Come First","Downfall","Minty Spire (QoL Compilation)","Relic Stats","StSLib","TestMod","vexMod"],"gold_per_floor":[99,9999,10019,9869,9887,9904,9904,9169,9169,9183,9218,9318,9353,8085,8102,8197,8197,8197,8197],"floor_reached":17,"playtime":1191,"items_purged":["hexamod:Defend","hexamod:Strike"],"score":225,"play_id":"cf133fe9-7013-4f0f-8b62-422ec52ae33f","local_time":"20201231211224","is_ascension_mode":true,"campfire_choices":[{"data":"hexamod:Strike","floor":1,"key":"SMITH"},{"data":"hexamod:SpectralSpark","floor":9,"key":"SMITH"}],"circlet_count":0,"master_deck":["hexamod:Strike","hexamod:Strike","hexamod:Strike+1","hexamod:Defend","hexamod:Defend","hexamod:Defend","hexamod:Sear","hexamod:Float","hexamod:SoulSteal","hexamod:HexaLevel","hexamod:ChargedBarrage","hexamod:SpectralSpark+1","hexamod:EtherealExpedition","hexamod:ThirdSeal","hexamod:TimeWarp","Panacea","hexamod:SecondSeal","hexamod:FlamesFromBeyond","hexamod:Incineration","hexamod:ApocalypticArmor"],"relics":["hexamod:SpiritBrand","testmod-TestBox","testmod-BlackFramedGlasses","vexMod:MemoryStick","Guardian:PocketSentry","testmod-OneHitWonder","vexMod:Spyglass","testmod-Hope","downfall:CloakOfManyFaces","CultistMask","FaceOfCleric","NlothsMask","GremlinMask","SsserpentHead","Centennial Puzzle","testmod-CrystalShield","Dream Catcher","Sling","Sozu"],"acts_visited":["Exordium","TheCity"],"potions_floor_usage":[8,11,12,13,15,15],"damage_taken":[{"damage":0,"enemies":"Small Slimes","floor":2,"turns":4},{"damage":0,"enemies":"Cultist","floor":3,"turns":3},{"damage":1,"enemies":"2 Louse","floor":5,"turns":2},{"damage":19,"enemies":"Large Slime","floor":6,"turns":7},{"damage":0,"enemies":"downfall:FleeingMerchant","floor":8,"turns":4},{"damage":0,"enemies":"2 Fungi Beasts","floor":10,"turns":2},{"damage":4,"enemies":"3 Sentries","floor":11,"turns":3},{"damage":0,"enemies":"downfall:FaceTrader","floor":12,"turns":3},{"damage":4,"enemies":"Gremlin Nob","floor":13,"turns":3},{"damage":0,"enemies":"downfall:FleeingMerchant","floor":14,"turns":4},{"damage":0,"enemies":"Blue Slaver","floor":15,"turns":1},{"damage":60,"enemies":"downfall:Defect","floor":16,"turns":6}],"seed_played":"3943102462301784912","potions_obtained":[{"floor":2,"key":"Guardian:BlockOnCardUsePotion"},{"floor":3,"key":"Fire Potion"},{"floor":11,"key":"SpeedPotion"},{"floor":13,"key":"Fire Potion"},{"floor":15,"key":"Block Potion"},{"floor":16,"key":"Weak Potion"}],"is_trial":false,"path_per_floor":["R","M","M","?","M","M","T","$","R","M","E","?","E","$","M","B",null],"character_chosen":"THE_SPIRIT","items_purchased":["Guardian:PocketSentry","testmod-OneHitWonder","vexMod:Spyglass","Fire Potion","DuplicationPotion","hexamod:SpectralSpark","testmod-CrystalShield","Dream Catcher","Sling","hexamod:TimeWarp","Panacea","DuplicationPotion","Fire Potion","hexamod:SecondSeal","hexamod:FlamesFromBeyond","hexamod:Incineration"],"campfire_rested":0,"item_purchase_floors":[8,8,8,8,8,8,14,14,14,14,14,14,14,14,14,14],"current_hp_per_floor":[77,77,77,87,87,73,73,77,77,79,78,81,81,86,88,35,91,91,91],"gold":8197,"neow_bonus":"TEN_PERCENT_HP_BONUS","is_daily":false,"chose_seed":false,"campfire_upgraded":2,"win_rate":0.0,"timestamp":1609420344,"path_taken":["R","M","M","?","M","M","T","$","R","M","E","?","E","$","M","BOSS"],"items_purchased_type":["Relic","Relic","Relic","Potion","Potion","Card","Relic","Relic","Relic","Card","Card","Potion","Potion","Card","Card","Card"],"build_version":"2020-12-22","purchased_purges":2,"victory":false,"max_hp_per_floor":[77,77,77,87,87,87,87,87,87,87,87,87,88,89,90,91,91,91,91],"relic_stats":{"Sozu":0,"SsserpentHead":0,"Centennial Puzzle":[3],"Dream Catcher":0,"FaceOfCleric":4,"counters":[12,42],"obtain_stats":[{"vexMod:MemoryStick":7,"testmod-TestBox":0,"GremlinMask":12,"Guardian:PocketSentry":8,"vexMod:Spyglass":8,"Sling":14,"testmod-BlackFramedGlasses":0,"Sozu":17,"SsserpentHead":12,"Centennial Puzzle":13,"testmod-CrystalShield":14,"Dream Catcher":14,"FaceOfCleric":12,"testmod-Hope":11,"CultistMask":12,"downfall:CloakOfManyFaces":12,"hexamod:SpiritBrand":0,"testmod-OneHitWonder":8,"NlothsMask":12},{"vexMod:MemoryStick":4,"testmod-TestBox":0,"GremlinMask":8,"Guardian:PocketSentry":5,"vexMod:Spyglass":5,"Sling":10,"testmod-BlackFramedGlasses":0,"Sozu":12,"SsserpentHead":8,"Centennial Puzzle":9,"testmod-CrystalShield":10,"Dream Catcher":10,"FaceOfCleric":8,"testmod-Hope":7,"CultistMask":8,"downfall:CloakOfManyFaces":8,"hexamod:SpiritBrand":0,"testmod-OneHitWonder":5,"NlothsMask":8},{"vexMod:MemoryStick":16,"testmod-TestBox":0,"GremlinMask":28,"Guardian:PocketSentry":20,"vexMod:Spyglass":20,"Sling":35,"testmod-BlackFramedGlasses":0,"Sozu":42,"SsserpentHead":28,"Centennial Puzzle":31,"testmod-CrystalShield":35,"Dream Catcher":35,"FaceOfCleric":28,"testmod-Hope":25,"CultistMask":28,"downfall:CloakOfManyFaces":28,"hexamod:SpiritBrand":0,"testmod-OneHitWonder":20,"NlothsMask":28}]},"card_choices":[{"not_picked":["hexamod:HauntingEcho","hexamod:FastForward"],"picked":"hexamod:SoulSteal","floor":2},{"not_picked":["hexamod:Hexaguard","hexamod:SwordOfDarkness","hexamod:BacktrackSmack"],"picked":"SKIP","floor":3},{"not_picked":["hexamod:RainOfEmbers","hexamod:SpectersWail","hexamod:GhostLash"],"picked":"SKIP","floor":5},{"not_picked":["hexamod:GhostShield","hexamod:SpectersWail"],"picked":"hexamod:HexaLevel","floor":6},{"not_picked":["hexamod:NecessarySacrifice","hexamod:FastForward"],"picked":"hexamod:ChargedBarrage","floor":8},{"not_picked":["hexamod:SecondSeal","hexamod:NightmareStrike","hexamod:EmpoweredFlame"],"picked":"SKIP","floor":10},{"not_picked":["hexamod:CatchUp","hexamod:SpectersWail","hexamod:DynamicBlow"],"picked":"SKIP","floor":11},{"not_picked":["hexamod:NightmareGuise","hexamod:FastForward"],"picked":"hexamod:EtherealExpedition","floor":12},{"not_picked":["hexamod:StepThrough","hexamod:FlamesFromBeyond"],"picked":"hexamod:ThirdSeal","floor":13},{"not_picked":["hexamod:InspiringFlames","hexamod:HauntingEcho","hexamod:PhantomFireball"],"picked":"SKIP","floor":14},{"not_picked":["hexamod:ThirdSeal","hexamod:Again","hexamod:HauntingEcho"],"picked":"SKIP","floor":14},{"not_picked":["hexamod:HeatShield","hexamod:BacktrackSmack","hexamod:HeatMetal"],"picked":"SKIP","floor":15},{"not_picked":["hexamod:ApocalypseNow","hexamod:CrushingStance"],"picked":"hexamod:ApocalypticArmor","floor":16}],"player_experience":48324,"relics_obtained":[{"floor":7,"key":"vexMod:MemoryStick"},{"floor":11,"key":"testmod-Hope"},{"floor":12,"key":"downfall:CloakOfManyFaces"},{"floor":13,"key":"Centennial Puzzle"}],"event_choices":[],"is_beta":false,"boss_relics":[{"not_picked":["testmod-PortableAltar","testmod-KeyOfTheVoid"],"picked":"Sozu"}],"items_purged_floors":[8,14],"is_endless":false,"potions_floor_spawned":[2,3,11,13,15,16],"ascension_level":4}}