{"host":"egwexuw5uvnxf11j","time":1609450963,"event":{"mods":["2.2 Compatiblity","Aspiration","BaseMod","Better Altar","Better Note","Better Sensory Stone","Better Third Choice","Displayed Cursed Tome","Downfall","Hermit","Key Reminder","Koishi","Marisa????????","Minty Spire (QoL Compilation)","Quick Restart","Shade Mod","Spicy Shops","StSLib","The Construct","The Cursed","The Hierophant","The Runesmith","The Senshi","The Servant 0.9.4","Transform Curses"],"gold_per_floor":[119,137,150,167,167,167,202,217,217,234,245,278,336,336,336,336,336],"floor_reached":16,"playtime":4668,"items_purged":[],"score":120,"play_id":"e1c350b8-ffb8-4b80-8e2a-9e26d8a9f6bb","local_time":"20201231164243","is_ascension_mode":true,"campfire_choices":[{"floor":6,"key":"REST"},{"floor":15,"key":"REST"}],"circlet_count":0,"master_deck":["hermit:Strike_Hermit","hermit:Strike_Hermit","hermit:Strike_Hermit","hermit:Strike_Hermit","hermit:Defend_Hermit","hermit:Defend_Hermit","hermit:Defend_Hermit","hermit:Defend_Hermit","hermit:Snapshot","hermit:Covet","Regret","hermit:FinalCanter","hermit:Midnight","hermit:Coalescence","hermit:Enervate","hermit:Feint","Dramatic Entrance","hermit:Desperado","hermit:Manifest","hermit:ItchyTrigger","hermit:SprayPray","hermit:Snipe","Injury"],"relics":["hermit:Momento","Turnip","keyreminder:keyreminder","Nunchaku","construct:BoolHorns","Molten Egg 2"],"acts_visited":["Exordium"],"potions_floor_usage":[7,7,12],"damage_taken":[{"damage":6,"enemies":"Jaw Worm","floor":1,"turns":4},{"damage":0,"enemies":"Small Slimes","floor":2,"turns":1},{"damage":10,"enemies":"Cultist","floor":3,"turns":4},{"damage":14,"enemies":"Large Slime","floor":4,"turns":5},{"damage":16,"enemies":"Gremlin Nob","floor":7,"turns":3},{"damage":5,"enemies":"Exordium Thugs","floor":8,"turns":4},{"damage":0,"enemies":"2 Fungi Beasts","floor":10,"turns":2},{"damage":7,"enemies":"Blue Slaver","floor":11,"turns":3},{"damage":11,"enemies":"Lagavulin","floor":12,"turns":5},{"damage":54,"enemies":"The Guardian","floor":16,"turns":9}],"seed_played":"8105053392147692902","potions_obtained":[{"floor":2,"key":"construct:ShiftPotion"},{"floor":3,"key":"PowerPotion"},{"floor":10,"key":"ColorlessPotion"},{"floor":12,"key":"Weak Potion"}],"is_trial":false,"path_per_floor":["M","M","M","M","?","R","E","M","T","M","M","E","?","?","R","B"],"character_chosen":"HERMIT","items_purchased":[],"campfire_rested":2,"item_purchase_floors":[],"current_hp_per_floor":[69,69,59,45,45,67,51,46,46,46,39,28,28,28,50,0,0],"gold":336,"neow_bonus":"THREE_RARE_CARDS","is_daily":false,"chose_seed":false,"campfire_upgraded":0,"win_rate":0.0,"timestamp":1609450963,"path_taken":["M","M","M","M","?","R","E","M","T","M","?","E","?","?","R","BOSS"],"items_purchased_type":[],"build_version":"2020-12-22","purchased_purges":0,"victory":false,"max_hp_per_floor":[75,75,75,75,75,75,75,75,75,75,75,75,75,75,75,75,75],"card_choices":[{"not_picked":["hermit:HeroicBravado","hermit:DeadOrAlive"],"picked":"hermit:FinalCanter","floor":0},{"not_picked":["hermit:WideOpen","hermit:LoneWolf"],"picked":"hermit:Midnight","floor":1},{"not_picked":["hermit:Snipe","hermit:NoHoldsBarred"],"picked":"hermit:Coalescence","floor":2},{"not_picked":["hermit:TrackingShot","hermit:HighCaliber"],"picked":"hermit:Enervate","floor":3},{"not_picked":["hermit:WideOpen","hermit:NoHoldsBarred"],"picked":"hermit:Feint","floor":4},{"not_picked":["Enlightenment","Mind Blast"],"picked":"Dramatic Entrance","floor":5},{"not_picked":["hermit:Manifest","hermit:Scavenge"],"picked":"hermit:Desperado","floor":7},{"not_picked":["hermit:Glare","hermit:Roulette"],"picked":"hermit:Manifest","floor":8},{"not_picked":["hermit:Manifest","hermit:OverwhelmingPower"],"picked":"hermit:ItchyTrigger","floor":10},{"not_picked":["hermit:Deadeye","hermit:LowProfile"],"picked":"hermit:SprayPray","floor":11},{"not_picked":["hermit:TrackingShot","hermit:FatalDesire"],"picked":"hermit:Snipe","floor":12}],"player_experience":2108466,"relics_obtained":[{"floor":7,"key":"Turnip"},{"floor":9,"key":"Nunchaku"},{"floor":12,"key":"construct:BoolHorns"}],"event_choices":[{"damage_healed":0,"gold_gain":1,"player_choice":"1","damage_taken":0,"max_hp_gain":0,"max_hp_loss":0,"event_name":"betterStone:BetterStone","floor":5,"gold_loss":0},{"damage_healed":0,"gold_gain":58,"player_choice":"Gained Gold","damage_taken":0,"max_hp_gain":0,"max_hp_loss":0,"event_name":"Golden Wing","floor":13,"gold_loss":0}],"is_beta":false,"boss_relics":[],"items_purged_floors":[],"is_endless":false,"potions_floor_spawned":[2,3,10,12],"killed_by":"The Guardian","ascension_level":1}}