{"host":"xjyie0ctswsml60g","time":1609417734,"event":{"mods":["AchievementEnabler","BaseMod","Colored Map","Minty Spire (QoL Compilation)","Quick Restart","SuperFastMode"],"gold_per_floor":[109,125,125,141,66,105,105,105,129,129,150,212,236,250,250,370,370,388,388,288,307,328,364,390,390,390],"floor_reached":25,"playtime":780,"items_purged":["Strike_P","Strike_P"],"score":223,"play_id":"d79dc526-bba7-460b-9217-f596411dabea","local_time":"20201231142854","is_ascension_mode":false,"campfire_choices":[{"floor":8.0,"key":"RECALL"},{"data":"Eruption","floor":10.0,"key":"SMITH"},{"floor":15.0,"key":"REST"}],"circlet_count":0,"master_deck":["Strike_P","Strike_P","Defend_P+1","Defend_P+1","Defend_P","Defend_P","Eruption+1","Vigilance","Conclude","FlurryOfBlows","LikeWater","WindmillStrike","Alpha","CurseOfTheBell","PathToVictory+1","Alpha","MasterReality"],"relics":["PureWater","Golden Idol","MealTicket","Calling Bell","Potion Belt","Question Card","CaptainsWheel","War Paint","CeramicFish"],"acts_visited":["Exordium","TheCity"],"potions_floor_usage":[23],"damage_taken":[{"damage":6.0,"enemies":"Jaw Worm","floor":1.0,"turns":3.0},{"damage":5.0,"enemies":"2 Louse","floor":2.0,"turns":2.0},{"damage":0.0,"enemies":"Cultist","floor":4.0,"turns":2.0},{"damage":25.0,"enemies":"3 Sentries","floor":6.0,"turns":3.0},{"damage":8.0,"enemies":"Large Slime","floor":11.0,"turns":6.0},{"damage":0.0,"enemies":"3 Louse","floor":13.0,"turns":2.0},{"damage":0.0,"enemies":"Red Slaver","floor":14.0,"turns":4.0},{"damage":30.0,"enemies":"Slime Boss","floor":16.0,"turns":7.0},{"damage":5.0,"enemies":"Chosen","floor":18.0,"turns":4.0},{"damage":21.0,"enemies":"Shell Parasite","floor":21.0,"turns":6.0},{"damage":14,"enemies":"Shelled Parasite and Fungi","floor":22,"turns":4},{"damage":32,"enemies":"Book of Stabbing","floor":23,"turns":5},{"damage":36,"enemies":"Centurion and Healer","floor":25,"turns":4}],"seed_played":"-7235074385738593241","potions_obtained":[{"floor":1.0,"key":"DuplicationPotion"},{"floor":2.0,"key":"Dexterity Potion"},{"floor":6.0,"key":"FairyPotion"},{"floor":14.0,"key":"Fruit Juice"},{"floor":22,"key":"SteroidPotion"}],"is_trial":false,"path_per_floor":["M","M","?","M","$","E","?","R","T","R","M","?","M","M","R","B",null,"M","?","$","M","M","E","T","M"],"character_chosen":"WATCHER","items_purchased":[],"campfire_rested":1,"item_purchase_floors":[],"current_hp_per_floor":[66,61,43,43,43,18,18,18,18,18,10,10,10,15,38,8,77,72,72,77,56,42,10,10,0,0],"gold":390,"neow_bonus":"THREE_CARDS","is_daily":false,"chose_seed":false,"campfire_upgraded":1,"win_rate":0.0,"timestamp":1609417734,"path_taken":["M","M","?","M","$","E","?","R","T","R","?","?","M","M","R","BOSS","M","?","$","?","M","E","?","M"],"items_purchased_type":[],"build_version":"2020-12-22","purchased_purges":2,"victory":false,"max_hp_per_floor":[72,72,72,72,72,72,72,72,72,72,72,72,72,77,77,77,77,77,77,77,77,77,77,77,77,77],"card_choices":[{"not_picked":["MentalFortress","Halt"],"picked":"Conclude","floor":0.0},{"not_picked":["Conclude","SashWhip","SignatureMove"],"picked":"SKIP","floor":1.0},{"not_picked":["Halt","CutThroughFate"],"picked":"FlurryOfBlows","floor":2.0},{"not_picked":["CrushJoints","SignatureMove","ClearTheMind"],"picked":"SKIP","floor":4.0},{"not_picked":["Halt","FlyingSleeves","EmptyBody"],"picked":"SKIP","floor":6.0},{"not_picked":["CutThroughFate","Crescendo","Consecrate"],"picked":"SKIP","floor":11.0},{"not_picked":["Evaluate","ThirdEye"],"picked":"WindmillStrike","floor":13.0},{"not_picked":["Tantrum","Indignation","JustLucky"],"picked":"SKIP","floor":14.0},{"not_picked":["Ragnarok","Vault"],"picked":"Alpha","floor":16.0},{"not_picked":["FollowUp+1","DeceiveReality","CarveReality+1"],"picked":"PathToVictory+1","floor":18.0},{"not_picked":["Consecrate+1","PathToVictory","EmptyBody","Evaluate+1"],"picked":"SKIP","floor":21.0},{"not_picked":["FollowUp","JustLucky","Protect","Halt"],"picked":"SKIP","floor":22},{"not_picked":["Pray","PathToVictory","Nirvana"],"picked":"MasterReality","floor":23}],"player_experience":460315,"relics_obtained":[{"floor":6.0,"key":"MealTicket"},{"floor":17.0,"key":"Potion Belt"},{"floor":17.0,"key":"Question Card"},{"floor":17.0,"key":"CaptainsWheel"},{"floor":23,"key":"War Paint"},{"floor":24,"key":"CeramicFish"}],"event_choices":[{"damage_healed":0.0,"max_hp_gain":0.0,"max_hp_loss":0.0,"gold_gain":0.0,"event_name":"Golden Idol","player_choice":"Take Damage","floor":3.0,"gold_loss":0.0,"damage_taken":18.0,"relics_obtained":["Golden Idol"]},{"damage_healed":0.0,"max_hp_gain":0.0,"max_hp_loss":0.0,"gold_gain":0.0,"event_name":"Match and Keep!","player_choice":"1 cards matched","floor":7.0,"gold_loss":0.0,"damage_taken":0.0,"cards_obtained":["LikeWater"]},{"damage_healed":0.0,"max_hp_gain":0.0,"max_hp_loss":0.0,"gold_gain":62.0,"event_name":"Golden Wing","player_choice":"Gained Gold","floor":12.0,"gold_loss":0.0,"damage_taken":0.0},{"damage_healed":0.0,"max_hp_gain":0.0,"max_hp_loss":0.0,"gold_gain":0.0,"event_name":"Duplicator","player_choice":"Copied","floor":19.0,"gold_loss":0.0,"damage_taken":0.0,"cards_obtained":["Alpha"]}],"is_beta":false,"boss_relics":[{"not_picked":["Cursed Key","Snecko Eye"],"picked":"Calling Bell"}],"items_purged_floors":[5,20],"is_endless":false,"potions_floor_spawned":[1,2,6,14,22],"killed_by":"Centurion and Healer","ascension_level":0}}