{"host":"illcitrm55wwsa0m","time":1609441313,"event":{"mods":["AchievementEnabler","BaseMod","Colored Map","Minty Spire (QoL Compilation)","Quick Restart"],"gold_per_floor":[109,123,1,12,25,60,75,75,99,99,124,141,156,188,188,293,293,313,237,247,247,265,265,295,295,295,295,295],"floor_reached":27,"playtime":2113,"items_purged":["Strike_R","Strike_R"],"score":268,"play_id":"d0230fa6-94af-4459-9379-c96433f0acf6","local_time":"20201231200153","is_ascension_mode":true,"campfire_choices":[{"data":"True Grit","floor":8,"key":"SMITH"},{"floor":10,"key":"REST"},{"floor":15,"key":"REST"},{"floor":23,"key":"REST"}],"circlet_count":0,"master_deck":["Strike_R","Strike_R","Strike_R","Defend_R","Defend_R","Defend_R","Defend_R","Bash","Clash","Pommel Strike","Headbutt","True Grit+1","Evolve","Heavy Blade","Battle Trance","Cleave","Impervious","Cleave","Double Tap","Body Slam+1","Armaments","Heavy Blade","Headbutt","Demon Form"],"relics":["Black Blood","Smiling Mask","Dream Catcher","Bronze Scales","Pen Nib","Prayer Wheel","Nilry\u0027s Codex"],"acts_visited":["Exordium","TheCity"],"potions_floor_usage":[16,22,27,27],"damage_taken":[{"damage":16,"enemies":"Jaw Worm","floor":1,"turns":4},{"damage":2,"enemies":"Small Slimes","floor":2,"turns":4},{"damage":2,"enemies":"2 Louse","floor":4,"turns":3},{"damage":7,"enemies":"2 Fungi Beasts","floor":5,"turns":3},{"damage":36,"enemies":"Gremlin Nob","floor":6,"turns":5},{"damage":9,"enemies":"Exordium Thugs","floor":7,"turns":6},{"damage":16,"enemies":"3 Sentries","floor":11,"turns":8},{"damage":0,"enemies":"3 Louse","floor":12,"turns":3},{"damage":8,"enemies":"Lots of Slimes","floor":13,"turns":2},{"damage":17,"enemies":"Gremlin Nob","floor":14,"turns":3},{"damage":39,"enemies":"The Guardian","floor":16,"turns":8},{"damage":20,"enemies":"Spheric Guardian","floor":18,"turns":3},{"damage":25,"enemies":"2 Thieves","floor":20,"turns":4},{"damage":10,"enemies":"Snecko","floor":22,"turns":4},{"damage":51,"enemies":"Book of Stabbing","floor":24,"turns":5},{"damage":58,"enemies":"Gremlin Leader","floor":27,"turns":4}],"seed_played":"-8676082409560155832","potions_obtained":[{"floor":1,"key":"SteroidPotion"},{"floor":5,"key":"BloodPotion"},{"floor":13,"key":"ColorlessPotion"},{"floor":16,"key":"AttackPotion"},{"floor":22,"key":"Fruit Juice"},{"floor":24,"key":"EssenceOfSteel"}],"is_trial":false,"path_per_floor":["M","M","$","M","M","E","M","R","T","R","E","M","M","E","R","B",null,"M","$","M","?","M","R","E","?","T","E"],"character_chosen":"IRONCLAD","items_purchased":["Headbutt","Armaments"],"campfire_rested":3,"item_purchase_floors":[3,19],"current_hp_per_floor":[78,82,82,86,85,55,52,52,52,78,68,74,72,61,87,54,88,80,80,67,67,74,93,54,38,38,0,0],"gold":295,"neow_bonus":"TEN_PERCENT_HP_BONUS","is_daily":false,"chose_seed":false,"campfire_upgraded":1,"win_rate":0.0,"timestamp":1609441313,"path_taken":["M","M","$","M","M","E","M","R","T","R","E","M","M","E","R","BOSS","M","$","M","?","M","R","E","?","T","E"],"items_purchased_type":["Card","Card"],"build_version":"2020-12-22","purchased_purges":2,"victory":false,"max_hp_per_floor":[88,88,88,88,88,88,88,88,88,88,88,88,88,88,88,88,88,88,88,88,88,93,93,93,93,93,93,93],"card_choices":[{"not_picked":["Shrug It Off","Warcry"],"picked":"Clash","floor":1},{"not_picked":["Twin Strike","Heavy Blade"],"picked":"Pommel Strike","floor":2},{"not_picked":["Havoc","Clash","Warcry"],"picked":"SKIP","floor":4},{"not_picked":["Perfected Strike","Burning Pact"],"picked":"True Grit","floor":5},{"not_picked":["Sword Boomerang","Wild Strike","Dark Embrace"],"picked":"SKIP","floor":6},{"not_picked":["Feel No Pain","Shrug It Off"],"picked":"Evolve","floor":7},{"not_picked":["True Grit","Exhume"],"picked":"Heavy Blade","floor":10},{"not_picked":["Armaments","Flex"],"picked":"Battle Trance","floor":11},{"not_picked":["Fire Breathing","Havoc"],"picked":"Cleave","floor":12},{"not_picked":["Warcry","Uppercut","Carnage"],"picked":"SKIP","floor":13},{"not_picked":["Seeing Red","Thunderclap"],"picked":"Impervious","floor":14},{"not_picked":["Warcry","Twin Strike"],"picked":"Cleave","floor":15},{"not_picked":["Brutality","Fiend Fire"],"picked":"Double Tap","floor":16},{"not_picked":["Seeing Red","Reckless Charge"],"picked":"Body Slam+1","floor":18},{"not_picked":["Sword Boomerang+1","Pommel Strike","Evolve"],"picked":"SKIP","floor":20},{"not_picked":["Wild Strike+1","Cleave+1"],"picked":"Heavy Blade","floor":22},{"not_picked":["Clash+1","Thunderclap+1"],"picked":"Headbutt","floor":23},{"not_picked":["Twin Strike","Headbutt+1"],"picked":"Demon Form","floor":24}],"player_experience":99441,"relics_obtained":[{"floor":6,"key":"Smiling Mask"},{"floor":9,"key":"Dream Catcher"},{"floor":11,"key":"Bronze Scales"},{"floor":14,"key":"Pen Nib"},{"floor":24,"key":"Prayer Wheel"},{"floor":25,"key":"Nilry\u0027s Codex"}],"event_choices":[{"damage_healed":0,"gold_gain":0,"player_choice":"Ignored","damage_taken":0,"max_hp_gain":0,"max_hp_loss":0,"event_name":"Vampires","floor":21,"gold_loss":0},{"damage_healed":0,"gold_gain":0,"player_choice":"Obtained Book","damage_taken":16,"max_hp_gain":0,"max_hp_loss":0,"event_name":"Cursed Tome","floor":25,"gold_loss":0}],"is_beta":false,"boss_relics":[{"not_picked":["Snecko Eye","SlaversCollar"],"picked":"Black Blood"}],"items_purged_floors":[3,19],"is_endless":false,"potions_floor_spawned":[1,5,13,14,16,18,22,24],"killed_by":"Gremlin Leader","ascension_level":1}}