{"host":"zit9o0ax6c2l3y2b","time":1609389441,"event":{"mods":["Aspiration","BaseMod","Colored Map","Conspire","Downfall","Glutton Mod","Hermit","Hubris","Infinite Spire","Minty Spire (QoL Compilation)","Random Character Button","Relic Filter","Replay The Spire","Shade Mod","Shop Mod","StSLib","The Construct","The Cursed","The Disciple","The Runesmith","TheArtist"],"gold_per_floor":[118,41,61,80,80,80,97,97,148,180,199,217,217,232,232,337,337,348,23,26,26,42,42,58,58,82,42,52,68,68,100,100,201,201,219,219,238,238,63,63,83,96,96,114,114,149,167,180,180,180],"floor_reached":51,"playtime":3122,"items_purged":["construct:Defend_Gold","construct:DefenseMode"],"score":706,"play_id":"14633291-4774-4114-9a3b-5cdeb0b7d474","local_time":"20201230233721","is_ascension_mode":true,"campfire_choices":[{"data":"construct:GuardCore","floor":6.0,"key":"SMITH"},{"data":"construct:GuardCore+1","floor":8.0,"key":"SMITH"},{"data":"construct:Accumulate","floor":15,"key":"SMITH"},{"data":"construct:Accumulate+1","floor":23,"key":"SMITH"},{"data":"construct:MoltenSmash","floor":25,"key":"SMITH"},{"data":"construct:PointDefense","floor":30,"key":"SMITH"},{"data":"construct:Forcefield+1","floor":40,"key":"SMITH"},{"floor":49,"key":"REST"}],"circlet_count":0,"master_deck":["construct:Strike_Gold","construct:Strike_Gold","construct:Strike_Gold","construct:Strike_Gold","construct:Strike_Gold","construct:Defend_Gold","construct:Defend_Gold","construct:Defend_Gold","construct:Defend_Gold","construct:AttackMode+1","construct:GuardCore+2","construct:PointDefense+1","construct:ScrapCannon","construct:MoltenSmash+2","construct:Antimatter","construct:Accumulate+2","construct:Synchronize+1","construct:Analyze","construct:Impenetrable+1","construct:ScopeCore+2","Burning Pact+1","construct:Forcefield+2","Master of Strategy","construct:CreateCores+1","construct:Autoturret+1"],"relics":["construct:ClockworkPhoenix","aspiration:Nostalgia","Ring of the Snake","Replay:Mystery Machine","Meat on the Bone","conspire:SeveredTorchhead","construct:FoamFinger","Replay:Baseball","Lantern","War Paint","aspiration:IroncladSkillbook","aspiration:AnachronicSnailShell","ReplayTheSpireMod:TigerMarble","Frozen Egg 2"],"acts_visited":["Exordium","TheCity","TheBeyond"],"potions_floor_usage":[10,12,16,22,29,31,33,37,50],"damage_taken":[{"damage":6.0,"enemies":"Cultist","floor":1.0,"turns":3.0},{"damage":0.0,"enemies":"2 Louse","floor":3.0,"turns":4.0},{"damage":2.0,"enemies":"Jaw Worm","floor":4.0,"turns":3.0},{"damage":21.0,"enemies":"Lots of Slimes","floor":7.0,"turns":6.0},{"damage":18,"enemies":"Gremlin Nob","floor":10,"turns":4},{"damage":0,"enemies":"Exordium Wildlife","floor":11,"turns":3},{"damage":0,"enemies":"Gremlin Gang","floor":12,"turns":4},{"damage":0,"enemies":"Looter","floor":14,"turns":2},{"damage":55,"enemies":"Fading Forest","floor":16,"turns":11},{"damage":9,"enemies":"Spheric Guardian","floor":18,"turns":4},{"damage":18,"enemies":"2 Thieves","floor":20,"turns":4},{"damage":26,"enemies":"Centurion and Healer","floor":22,"turns":7},{"damage":15,"enemies":"Chosen and Byrds","floor":24,"turns":5},{"damage":12,"enemies":"Cultist and Chosen","floor":28,"turns":5},{"damage":3,"enemies":"3 Cultists","floor":29,"turns":5},{"damage":14,"enemies":"Book of Stabbing","floor":31,"turns":5},{"damage":54,"enemies":"Automaton","floor":33,"turns":7},{"damage":10,"enemies":"3 Darklings","floor":35,"turns":4},{"damage":10,"enemies":"3 Shapes","floor":37,"turns":3},{"damage":13,"enemies":"Jaw Worm Horde","floor":41,"turns":6},{"damage":0,"enemies":"4 Shapes","floor":42,"turns":3},{"damage":3,"enemies":"Maw","floor":44,"turns":7},{"damage":25,"enemies":"R_Hoarder","floor":46,"turns":9},{"damage":5,"enemies":"Writhing Mass","floor":47,"turns":6},{"damage":14,"enemies":"Jaw Worm Horde","floor":48,"turns":3},{"damage":5,"enemies":"Replay:Hell Engine","floor":50,"turns":7}],"seed_played":"-3668953856186097375","potions_obtained":[{"floor":4.0,"key":"Swift Potion"},{"floor":7.0,"key":"Swift Potion"},{"floor":10,"key":"Swift Potion"},{"floor":14,"key":"ColorlessPotion"},{"floor":16,"key":"Weak Potion"},{"floor":24,"key":"Fire Potion"},{"floor":28,"key":"Ancient Potion"},{"floor":29,"key":"Weak Potion"},{"floor":31,"key":"LiquidBronze"},{"floor":33,"key":"FearPotion"},{"floor":35,"key":"Regen Potion"},{"floor":37,"key":"GamblersBrew"},{"floor":42,"key":"Doom Potion"}],"is_trial":false,"path_per_floor":["M","$","M","M","?","R","M","R","T","E","M","M","T","M","R","B",null,"M","$","M","AVR","M","R","M","R","T","?","M","M","R","E","R_BF","B",null,"M","AVR","M","?","$","R","M","M","T","M","?","E","M","M","R","B",null],"character_chosen":"THE_CONSTRUCT_MOD","items_purchased":["construct:PointDefense","construct:FoamFinger","Regen Potion","Master of Strategy"],"campfire_rested":1,"item_purchase_floors":[2,19,19,39],"current_hp_per_floor":[79,79,79,77,77,77,56,56,56,38,38,38,38,50,50,15,85,76,76,58,58,44,44,41,41,41,41,41,52,52,50,75,33,85,79,79,73,73,73,73,64,68,68,69,69,48,47,49,74,73],"gold":180,"neow_bonus":"NOSTALGIA","is_daily":false,"chose_seed":false,"campfire_upgraded":7,"win_rate":0.0,"timestamp":1609389441,"path_taken":["M","$","M","?","?","R","M","R","T","E","M","M","?","M","R","BOSS","M","$","?","AVR","M","R","M","R","T","?","M","M","R","E","R_BF","BOSS","M","AVR","?","?","$","R","M","M","T","M","?","E","M","M","R","BOSS"],"items_purchased_type":["Card","Relic","Potion","Card"],"build_version":"2020-12-22","purchased_purges":2,"victory":true,"max_hp_per_floor":[85,85,85,85,85,85,85,85,85,85,85,85,85,85,85,85,85,85,85,85,85,85,85,85,85,85,85,85,85,85,85,85,85,85,85,85,85,85,85,85,85,85,85,85,85,85,85,85,85,85],"card_choices":[{"not_picked":["construct:HeavyBolt","construct:Versatility"],"picked":"construct:GuardCore","floor":1.0},{"not_picked":["construct:FierceBash","construct:CripplingShot"],"picked":"construct:ScrapCannon","floor":3.0},{"not_picked":["construct:HeavyBolt","construct:Backup","construct:Reinforce"],"picked":"SKIP","floor":4.0},{"not_picked":["construct:Boost","construct:PhosphorStorm","construct:ClusterMines"],"picked":"SKIP","floor":7.0},{"not_picked":["construct:Backfire","construct:FierceBash"],"picked":"construct:MoltenSmash","floor":10},{"not_picked":["construct:CripplingShot","construct:NuclearCore","construct:Backfire"],"picked":"SKIP","floor":11},{"not_picked":["construct:Agitation","construct:Implosion"],"picked":"construct:Antimatter","floor":12},{"not_picked":["construct:VentSteam","construct:BlazingSpeed"],"picked":"construct:Accumulate","floor":14},{"not_picked":["construct:HardReboot","construct:OneWayMirror"],"picked":"construct:Synchronize","floor":18},{"not_picked":["construct:BatteryAcid","construct:VentSteam","construct:SaveState"],"picked":"SKIP","floor":20},{"not_picked":["construct:ShiftGuard","construct:Missile"],"picked":"construct:Analyze","floor":22},{"not_picked":["construct:Boost","construct:ElectricArmor","construct:FlammableFog"],"picked":"SKIP","floor":24},{"not_picked":["construct:SweepLaser+1","ReplayTheSpireMod:Mirror System"],"picked":"construct:Impenetrable+1","floor":28},{"not_picked":["construct:CreateCores+1","construct:ModeShift+1"],"picked":"construct:ScopeCore+1","floor":29},{"not_picked":["construct:SpinDrive","construct:SyphonStrike","construct:BlazingSpeed"],"picked":"SKIP","floor":31},{"not_picked":["Body Slam","construct:SuppressiveFire","Massacre+1"],"picked":"Burning Pact+1","floor":35},{"not_picked":["Flex+1","Run Through","Wild Strike"],"picked":"construct:Forcefield+1","floor":37},{"not_picked":["construct:Chainstrike","Pommel Strike","Thunderclap","construct:ClusterMines"],"picked":"SKIP","floor":41},{"not_picked":["construct:Reinforce+1","Intimidate+1","Pommel Strike","Anger"],"picked":"SKIP","floor":42},{"not_picked":["Defy Death","Hemokinesis+1","construct:ClockworkEgg","Flex"],"picked":"SKIP","floor":44},{"not_picked":["construct:GatlingGun","Wild Strike","Shrug It Off+1","construct:CreateCores+1"],"picked":"SKIP","floor":46},{"not_picked":["construct:GatlingGun","Wild Strike","Shrug It Off+1"],"picked":"construct:CreateCores+1","floor":46},{"not_picked":["Clash+1","construct:FocusedBeam+1","construct:ModeShift+1","construct:Dampening"],"picked":"SKIP","floor":47},{"not_picked":["Warcry","construct:ScrapCannon+1","construct:Analyze+1"],"picked":"construct:Autoturret+1","floor":48}],"player_experience":407976,"relics_obtained":[{"floor":10,"key":"Replay:Mystery Machine"},{"floor":13,"key":"Meat on the Bone"},{"floor":26,"key":"Lantern"},{"floor":31,"key":"War Paint"},{"floor":43,"key":"ReplayTheSpireMod:TigerMarble"},{"floor":46,"key":"Frozen Egg 2"}],"event_choices":[{"damage_healed":0.0,"max_hp_gain":0.0,"max_hp_loss":0.0,"gold_gain":0.0,"event_name":"The Cleric","player_choice":"Leave","floor":5.0,"gold_loss":0.0,"damage_taken":0.0},{"damage_healed":0,"gold_gain":0,"player_choice":"Upgrade","damage_taken":0,"max_hp_gain":0,"max_hp_loss":0,"event_name":"Designer","floor":27,"gold_loss":40,"cards_upgraded":["construct:MoltenSmash"]},{"damage_healed":0,"gold_gain":0,"player_choice":"Memory 1","damage_taken":0,"max_hp_gain":0,"max_hp_loss":0,"event_name":"SensoryStone","floor":38,"gold_loss":0}],"is_beta":false,"boss_relics":[{"not_picked":["Empty Cage","Sozu"],"picked":"conspire:SeveredTorchhead"},{"not_picked":["aspiration:PoetsPen","aspiration:PoetsPen_weak"],"picked":"aspiration:IroncladSkillbook"}],"items_purged_floors":[21,36],"is_endless":false,"potions_floor_spawned":[4,7,10,14,16,24,28,29,31,33,35,37,42,46],"ascension_level":3}}