{"host":"31s8hzukbhz1k6i6","time":1609430723,"event":{"mods":["AchievementEnabler","BaseMod","Bestiary","Colored Map","Filter the Spire","Minty Spire (QoL Compilation)","Relic Stats","UnlockEverythingMod","ojb\u0027s Info Mod"],"gold_per_floor":[116,131,131,142,155,155,193,193,193,118,156,156,165,201,201,305,305,326,306,335,132,153,181,181,224,224,224,224],"floor_reached":27,"playtime":1484,"items_purged":["Strike_G","Decay"],"score":482,"play_id":"d1121f8f-cee4-4e92-8db6-53b73e7cb2e1","local_time":"20201231080523","is_ascension_mode":true,"campfire_choices":[{"data":"Apotheosis","floor":6.0,"key":"SMITH"},{"floor":8.0,"key":"REST"},{"data":"Acrobatics","floor":12.0,"key":"SMITH"},{"data":"Catalyst","floor":15.0,"key":"SMITH"},{"floor":24.0,"key":"REST"}],"circlet_count":0,"master_deck":["AscendersBane","Strike_G+1","Strike_G","Strike_G","Strike_G","Defend_G","Defend_G","Defend_G","Defend_G","Defend_G","Survivor+1","Neutralize","Apotheosis+1","Backflip","Catalyst+1","Poisoned Stab","Poisoned Stab","Acrobatics+1","Tactician","Venomology","Footwork","Catalyst","Outmaneuver","Footwork","Acrobatics","Well Laid Plans+1","Deadly Poison"],"relics":["Ring of the Snake","CeramicFish","Mercury Hourglass","Prayer Wheel","Fusion Hammer","StoneCalendar","Orichalcum","Turnip"],"acts_visited":["Exordium","TheCity"],"potions_floor_usage":[],"damage_taken":[{"damage":1.0,"enemies":"2 Louse","floor":1.0,"turns":4.0},{"damage":7.0,"enemies":"Jaw Worm","floor":2.0,"turns":4.0},{"damage":0.0,"enemies":"Cultist","floor":4.0,"turns":5.0},{"damage":2.0,"enemies":"Blue Slaver","floor":5.0,"turns":5.0},{"damage":16.0,"enemies":"3 Sentries","floor":7.0,"turns":11.0},{"damage":1.0,"enemies":"Lagavulin","floor":11.0,"turns":5.0},{"damage":13.0,"enemies":"Gremlin Nob","floor":14.0,"turns":5.0},{"damage":0.0,"enemies":"Slime Boss","floor":16.0,"turns":3.0},{"damage":7.0,"enemies":"3 Byrds","floor":18.0,"turns":5.0},{"damage":17.0,"enemies":"2 Thieves","floor":19.0,"turns":4.0},{"damage":18.0,"enemies":"Snake Plant","floor":20.0,"turns":4.0},{"damage":4.0,"enemies":"Centurion and Healer","floor":22.0,"turns":6.0},{"damage":3.0,"enemies":"Gremlin Leader","floor":23.0,"turns":5.0},{"damage":19.0,"enemies":"Book of Stabbing","floor":25.0,"turns":5.0},{"damage":0,"enemies":"Cultist and Chosen","floor":27,"turns":1}],"seed_played":"327454721144919251","potions_obtained":[{"floor":1.0,"key":"Block Potion"},{"floor":4.0,"key":"DuplicationPotion"},{"floor":5.0,"key":"LiquidMemories"},{"floor":16.0,"key":"Strength Potion"},{"floor":18.0,"key":"Energy Potion"},{"floor":20.0,"key":"Energy Potion"},{"floor":22.0,"key":"PowerPotion"},{"floor":25.0,"key":"Energy Potion"}],"is_trial":false,"path_per_floor":["M","M","?","M","M","R","E","R","T","$","E","R","?","E","R","B",null,"M","M","M","$","M","E","R","E","T","M"],"character_chosen":"THE_SILENT","items_purchased":["Footwork","Acrobatics"],"campfire_rested":2,"item_purchase_floors":[21,21],"current_hp_per_floor":[62,55,42,42,40,40,24,42,42,42,41,41,41,28,28,28,54,47,30,12,12,8,5,23,4,4,4,4],"gold":224,"neow_bonus":"RANDOM_COLORLESS_2","is_daily":false,"chose_seed":false,"campfire_upgraded":3,"win_rate":0.0,"timestamp":1609430723,"path_taken":["M","M","?","M","M","R","E","R","T","$","E","R","?","E","R","BOSS","M","M","M","$","?","E","R","E","T","M"],"items_purchased_type":["Card","Card"],"build_version":"2020-12-22","purchased_purges":2,"victory":false,"max_hp_per_floor":[63,63,63,63,63,63,63,63,63,63,63,63,63,63,63,63,63,63,63,63,63,63,63,63,63,63,63,63],"relic_stats":{"counters":[15,72],"CeramicFish":108,"Prayer Wheel":4,"StoneCalendar":[0],"Turnip":[0],"Orichalcum":[0],"obtain_stats":[{"CeramicFish":7,"Prayer Wheel":14,"StoneCalendar":23,"Fusion Hammer":17,"Turnip":26,"Orichalcum":25,"Ring of the Snake":0,"Mercury Hourglass":11},{"CeramicFish":5,"Prayer Wheel":7,"StoneCalendar":13,"Fusion Hammer":8,"Turnip":14,"Orichalcum":14,"Ring of the Snake":0,"Mercury Hourglass":6},{"CeramicFish":29,"Prayer Wheel":39,"StoneCalendar":66,"Fusion Hammer":42,"Turnip":71,"Orichalcum":71,"Ring of the Snake":0,"Mercury Hourglass":34}],"Ring of the Snake":[28],"Mercury Hourglass":[155]},"card_choices":[{"not_picked":["Violence","Thinking Ahead"],"picked":"Apotheosis","floor":0.0},{"not_picked":["PiercingWail","Underhanded Strike"],"picked":"Backflip","floor":1.0},{"not_picked":["Deflect","PiercingWail","Reflex"],"picked":"SKIP","floor":2.0},{"not_picked":["Skewer","Dodge and Roll"],"picked":"Catalyst","floor":4.0},{"not_picked":["PiercingWail","Cloak And Dagger"],"picked":"Poisoned Stab","floor":5.0},{"not_picked":["Storm of Steel","Well Laid Plans"],"picked":"Poisoned Stab","floor":7.0},{"not_picked":["Deflect","Quick Slash"],"picked":"Acrobatics","floor":11.0},{"not_picked":["Night Terror","Bane"],"picked":"Tactician","floor":14.0},{"not_picked":["Phantasmal Killer","Malaise"],"picked":"Venomology","floor":16.0},{"not_picked":["All Out Attack","Tactician"],"picked":"Footwork","floor":18.0},{"not_picked":["Choke","Blade Dance","Quick Slash+1"],"picked":"SKIP","floor":18.0},{"not_picked":["Backflip+1","Prepared","Deflect"],"picked":"SKIP","floor":19.0},{"not_picked":["Predator+1","Setup+1","Bane"],"picked":"SKIP","floor":19.0},{"not_picked":["Footwork","Slice"],"picked":"Catalyst","floor":20.0},{"not_picked":["Dagger Spray","Deflect"],"picked":"Outmaneuver","floor":20.0},{"not_picked":["Deadly Poison","Acrobatics"],"picked":"Well Laid Plans+1","floor":22.0},{"not_picked":["Accuracy+1","Tactician","Grand Finale"],"picked":"SKIP","floor":22.0},{"not_picked":["Underhanded Strike","Backstab","Footwork"],"picked":"SKIP","floor":23.0},{"not_picked":["Flying Knee","Footwork"],"picked":"Deadly Poison","floor":25.0}],"player_experience":107496,"relics_obtained":[{"floor":7.0,"key":"CeramicFish"},{"floor":11.0,"key":"Mercury Hourglass"},{"floor":14.0,"key":"Prayer Wheel"},{"floor":23.0,"key":"StoneCalendar"},{"floor":25.0,"key":"Orichalcum"},{"floor":26.0,"key":"Turnip"}],"event_choices":[{"damage_healed":0.0,"max_hp_gain":0.0,"max_hp_loss":0.0,"gold_gain":0.0,"event_name":"Shining Light","player_choice":"Entered Light","floor":3.0,"gold_loss":0.0,"damage_taken":13.0,"cards_upgraded":["Survivor","Strike_G"]},{"damage_healed":0.0,"max_hp_gain":0.0,"max_hp_loss":0.0,"gold_gain":0.0,"event_name":"Wheel of Change","player_choice":"Cursed","floor":13.0,"gold_loss":0.0,"damage_taken":0.0,"cards_obtained":["Decay"]}],"is_beta":false,"boss_relics":[{"not_picked":["WristBlade","HoveringKite"],"picked":"Fusion Hammer"}],"items_purged_floors":[10,21],"is_endless":false,"potions_floor_spawned":[1,4,5,16,18,20,22,25],"killed_by":"Cultist and Chosen","ascension_level":10}}