{"host":"9ylwqx3xq4e4v98b","time":1609402404,"event":{"mods":["AchievementEnabler","BaseMod","Better Silent Start","Card Forge","Colored Map","DeckTracker","Minty Spire (QoL Compilation)","Permanent Neow","Quick Restart","Spicy Shops","StSLib","SuperFastMode","Td1madao Mod"],"gold_per_floor":[363,378,388,388,407,425,443,443,443,477,76,102,102,122,122,224,274,291,291,291,304,323,323,352,352,352,362,380,395,412,432,432,531,531,531],"floor_reached":34,"playtime":322,"items_purged":[],"score":753,"play_id":"e6945fe2-8b69-4d26-8b04-834dfabba2f6","local_time":"20201231001324","is_ascension_mode":true,"campfire_choices":[{"data":"Grand Finale","floor":8,"key":"SMITH"},{"data":"Finesse","floor":13,"key":"SMITH"},{"floor":15,"key":"RECALL"},{"floor":23,"key":"REST"},{"floor":32,"key":"REST"}],"circlet_count":0,"master_deck":["Grand Finale+1","Finesse+1","Grand Finale+1","Grand Finale+1","Grand Finale+1","Finesse+1"],"relics":["Black Blood","Hammer of Thor","Seething Fire","Anvil of the Gods","Molten Egg 2","Tiny Chest","Singing Bowl","Bag of Preparation","Bottled Lightning","Tiny House","InkBottle","Meat on the Bone","Pear"],"acts_visited":["Exordium","TheCity","TheBeyond"],"potions_floor_usage":[],"damage_taken":[{"damage":0,"enemies":"Cultist","floor":1,"turns":1},{"damage":0,"enemies":"2 Louse","floor":2,"turns":1},{"damage":0,"enemies":"Jaw Worm","floor":3,"turns":1},{"damage":0,"enemies":"2 Fungi Beasts","floor":5,"turns":1},{"damage":0,"enemies":"Gremlin Gang","floor":6,"turns":1},{"damage":0,"enemies":"Looter","floor":7,"turns":1},{"damage":0,"enemies":"Gremlin Nob","floor":10,"turns":1},{"damage":0,"enemies":"Lagavulin","floor":12,"turns":1},{"damage":0,"enemies":"Blue Slaver","floor":14,"turns":1},{"damage":0,"enemies":"Slime Boss","floor":16,"turns":1},{"damage":0,"enemies":"Shell Parasite","floor":18,"turns":1},{"damage":0,"enemies":"Spheric Guardian","floor":21,"turns":1},{"damage":0,"enemies":"Snake Plant","floor":22,"turns":1},{"damage":0,"enemies":"Gremlin Leader","floor":24,"turns":1},{"damage":0,"enemies":"Sentry and Sphere","floor":27,"turns":1},{"damage":0,"enemies":"Snecko","floor":28,"turns":1},{"damage":0,"enemies":"3 Cultists","floor":29,"turns":1},{"damage":0,"enemies":"Cultist and Chosen","floor":30,"turns":1},{"damage":0,"enemies":"Snecko","floor":31,"turns":1},{"damage":0,"enemies":"Automaton","floor":33,"turns":1}],"seed_played":"8602230784442322680","potions_obtained":[{"floor":1,"key":"Swift Potion"},{"floor":7,"key":"CultistPotion"},{"floor":24,"key":"DistilledChaos"},{"floor":33,"key":"BloodPotion"}],"is_trial":false,"path_per_floor":["M","M","M","?","M","M","M","R","T","E","$","E","R","M","R","B",null,"M","?","?","M","M","R","E","T","T","M","M","M","M","M","R","B",null],"character_chosen":"IRONCLAD","items_purchased":["Singing Bowl","Bag of Preparation"],"campfire_rested":2,"item_purchase_floors":[11,11],"current_hp_per_floor":[80,80,80,73,79,80,80,80,80,80,80,82,82,84,84,86,93,95,95,95,97,99,99,101,101,111,113,115,115,117,119,119,121,121,121],"gold":531,"neow_bonus":"TWO_FIFTY_GOLD","is_daily":false,"chose_seed":false,"campfire_upgraded":2,"win_rate":0.0,"timestamp":1609402404,"path_taken":["M","M","?","?","M","M","M","R","T","E","$","E","R","M","R","BOSS","M","?","?","?","M","R","E","?","T","M","M","M","M","M","R","BOSS"],"items_purchased_type":["Relic","Relic"],"build_version":"2020-12-22","purchased_purges":0,"victory":false,"max_hp_per_floor":[80,80,80,80,80,80,80,80,80,80,80,82,82,84,84,86,93,95,95,95,97,99,99,101,101,111,113,115,115,117,119,119,121,121,121],"card_choices":[{"not_picked":["Clothesline","Armaments","Sentinel"],"picked":"SKIP","floor":1},{"not_picked":["Perfected Strike","Second Wind","Iron Wave"],"picked":"SKIP","floor":2},{"not_picked":["Cleave","Havoc","Reckless Charge"],"picked":"SKIP","floor":3},{"not_picked":["Perfected Strike","Clothesline","Rampage"],"picked":"SKIP","floor":5},{"not_picked":["Flex","Shrug It Off","Pommel Strike"],"picked":"SKIP","floor":6},{"not_picked":["Shockwave","Pummel","Flex"],"picked":"SKIP","floor":7},{"not_picked":["Juggernaut","Whirlwind+1","Thunderclap+1"],"picked":"SKIP","floor":10},{"not_picked":["Shockwave","Power Through","Havoc"],"picked":"Singing Bowl","floor":12},{"not_picked":["Uppercut+1","Wild Strike+1","Twin Strike+1"],"picked":"Singing Bowl","floor":14},{"not_picked":["Juggernaut","Berserk","Immolate+1"],"picked":"Singing Bowl","floor":16},{"not_picked":["Clash+1","Havoc","Perfected Strike+1"],"picked":"Singing Bowl","floor":17},{"not_picked":["Pommel Strike+1","Twin Strike+1","Pummel+1"],"picked":"Singing Bowl","floor":18},{"not_picked":["Heavy Blade+1","Sentinel","Shrug It Off+1"],"picked":"Singing Bowl","floor":21},{"not_picked":["Havoc","Thunderclap+1","Sword Boomerang+1"],"picked":"Singing Bowl","floor":22},{"not_picked":["Cleave+1","Entrench","Twin Strike+1"],"picked":"Singing Bowl","floor":24},{"not_picked":["Body Slam+1","Double Tap","True Grit"],"picked":"Singing Bowl","floor":27},{"not_picked":["Clash+1","True Grit","Metallicize+1"],"picked":"Singing Bowl","floor":28},{"not_picked":["Cleave+1","Combust","Bloodletting+1"],"picked":"SKIP","floor":29},{"not_picked":["Iron Wave+1","Disarm","Twin Strike+1"],"picked":"Singing Bowl","floor":30},{"not_picked":["Power Through","Rage+1","Whirlwind+1"],"picked":"Singing Bowl","floor":31},{"not_picked":["Bludgeon+1","Immolate+1","Limit Break"],"picked":"Singing Bowl","floor":33}],"player_experience":184678,"relics_obtained":[{"floor":9,"key":"Molten Egg 2"},{"floor":10,"key":"Tiny Chest"},{"floor":12,"key":"Bottled Lightning"},{"floor":24,"key":"InkBottle"},{"floor":25,"key":"Meat on the Bone"},{"floor":26,"key":"Pear"}],"event_choices":[{"cards_removed":["Finesse"],"damage_healed":0,"gold_gain":0,"player_choice":"Card Removal","damage_taken":7,"max_hp_gain":0,"max_hp_loss":0,"event_name":"Golden Wing","floor":4,"gold_loss":0},{"damage_healed":0,"gold_gain":0,"player_choice":"Ignored","damage_taken":0,"max_hp_gain":0,"max_hp_loss":0,"event_name":"Ghosts","floor":19,"gold_loss":0},{"damage_healed":0,"gold_gain":0,"player_choice":"Ignored","damage_taken":0,"max_hp_gain":0,"max_hp_loss":0,"event_name":"N\u0027loth","floor":20,"gold_loss":0}],"is_beta":false,"boss_relics":[{"not_picked":["Calling Bell","Pandora\u0027s Box"],"picked":"Tiny House"},{"not_picked":["Cursed Key","Runic Cube"],"picked":"Black Blood"}],"items_purged_floors":[],"is_endless":false,"potions_floor_spawned":[1,2,5,7,24,27,30,33],"ascension_level":4}}