{"host":"55yei7x27djrlaep","time":1609435723,"event":{"mods":["Act Like it!","Aspiration","BaseMod","Better Altar","Better Match","Better Note","Better Sensory Stone","Better Skull","Better Third Choice","BetterRewards","Colored Map","Conspire","Friendly Minions","GifTheSpireLib","Gremlin Mod","Halation","Hubris","Marisa????????","Minty Spire (QoL Compilation)","Pale of the Ancients","Replay The Spire","StSLib","Stuff the Spire","The Marked"],"gold_per_floor":[18,18,18,32,86,86,127,127,207,207,207,260,260,310,310,440,440,484,834,769,769,54,54,113,113,113],"floor_reached":25,"playtime":1258,"items_purged":["Delirium"],"score":313,"play_id":"d2f4a9ea-ab64-46cb-be1a-04c3d99636da","local_time":"20201231202843","is_ascension_mode":true,"campfire_choices":[{"data":"WitchOfGreed","floor":6,"key":"SMITH"},{"data":"MilkyWay","floor":8,"key":"SMITH"},{"data":"MilkyWay","floor":10,"key":"SMITH"},{"data":"MagicChant","floor":15,"key":"SMITH"},{"data":"BigCrunch","floor":23,"key":"SMITH"}],"circlet_count":0,"master_deck":["Strike_MRS","Strike_MRS","Defend_MRS","Defend_MRS","Defend_MRS","Defend_MRS+1","MasterSpark+1","UpSweep","IllusionStar","EnergyFlow","MilkyWay+1","WitchOfGreed+1","MilkyWay+1","DoubleSpark","BigCrunch+1","Parasite","Parasite","MagicChant+1","CasketOfStar","WitchLeyline","CommonCold","6A","TreasureHunter","BlazingStar"],"relics":["MiniHakkero","halation:PinkSoulGem","halation:LettersToHer","Eternal Feather","Calipers","halation:EternalFortune","ShroomBag","hubris:VirtuousBlindfold","Ring of Peace","Ring of Greed","The Courier","Old Coin","Nilry\u0027s Codex","Mirror","halation:PenCase","Lee\u0027s Waffle","aspiration:HummingbirdHeart"],"acts_visited":["Exordium","TheCity"],"potions_floor_usage":[12,14,15,16,20,24],"damage_taken":[{"damage":1,"enemies":"conspire:RoseBush","floor":1,"turns":2},{"damage":0,"enemies":"2 Louse","floor":4,"turns":3},{"damage":3,"enemies":"Small Slimes","floor":7,"turns":3},{"damage":4,"enemies":"Replay:BlueRogue","floor":12,"turns":3},{"damage":0,"enemies":"Gremlin Nob","floor":14,"turns":3},{"damage":30,"enemies":"Hexaghost","floor":16,"turns":6},{"damage":1,"enemies":"Spheric Guardian","floor":18,"turns":3},{"damage":10,"enemies":"conspire:FuzzyDice","floor":20,"turns":6},{"damage":6,"enemies":"conspire:SneckoGhost","floor":24,"turns":5},{"damage":0,"enemies":"Sentry and Sphere","floor":25,"turns":1}],"seed_played":"2448778110976468327","potions_obtained":[{"floor":5,"key":"LiquidMemories"},{"floor":5,"key":"StarNLove"},{"floor":7,"key":"Fire Potion"},{"floor":12,"key":"Weak Potion"},{"floor":14,"key":"Fruit Juice"},{"floor":16,"key":"Strength Potion"},{"floor":16,"key":"Adrenaline Potion"},{"floor":20,"key":"Milkshake"},{"floor":20,"key":"PowerPotion"},{"floor":24,"key":"Fire Potion"}],"is_trial":false,"path_per_floor":["M","?","?","M","?","R","M","R","T","R","?","E","?","E","R_BF","B",null,"M","?","M","?","$","R","E","M"],"character_chosen":"MARISA","items_purchased":["TreasureHunter","Mirror","halation:PenCase","Lee\u0027s Waffle"],"campfire_rested":0,"item_purchase_floors":[22,22,22,22],"current_hp_per_floor":[74,59,59,59,41,41,38,38,38,44,52,48,51,51,65,39,83,82,82,76,60,90,90,88,88,88],"gold":113,"neow_bonus":"TRANSFORM_TWO_CARDS","is_daily":false,"chose_seed":false,"campfire_upgraded":5,"win_rate":0.0,"timestamp":1609435723,"path_taken":["M","?","?","M","?","R","M","R","T","R","?","E","?","E","R_BF","BOSS","M","?","M","?","$","R","E","M"],"items_purchased_type":["Card","Relic","Relic","Relic"],"build_version":"2020-12-22","purchased_purges":1,"victory":false,"max_hp_per_floor":[75,75,75,75,75,75,75,75,75,75,75,75,78,78,83,83,83,83,83,83,83,90,90,90,90,90],"card_choices":[{"not_picked":["GrandCross","UnstableBomb"],"picked":"MilkyWay","floor":1},{"not_picked":["PowerUp","DoubleSpark"],"picked":"WitchOfGreed","floor":4},{"not_picked":["LuminesStrike","AsteroidBelt"],"picked":"MilkyWay","floor":5},{"not_picked":["Acceleration","DC"],"picked":"DoubleSpark","floor":7},{"not_picked":["BlazeAway","WitchLeyline"],"picked":"BigCrunch","floor":12},{"not_picked":["GalacticHalo","SuperPerseids"],"picked":"MagicChant","floor":14},{"not_picked":["AbsoluteMagnitude","SatelliteIllusion"],"picked":"CasketOfStar","floor":16},{"not_picked":["GalacticHalo","ChargingUp"],"picked":"WitchLeyline","floor":18},{"not_picked":["GravityBeat","DC"],"picked":"6A","floor":20},{"not_picked":["OneTimeOff","UnstableBomb"],"picked":"BlazingStar","floor":24}],"player_experience":396638,"relics_obtained":[{"floor":5,"key":"halation:LettersToHer"},{"floor":9,"key":"halation:LettersToHer"},{"floor":9,"key":"Eternal Feather"},{"floor":12,"key":"Calipers"},{"floor":14,"key":"ShroomBag"},{"floor":19,"key":"Ring of Peace"},{"floor":19,"key":"Ring of Greed"},{"floor":19,"key":"The Courier"},{"floor":19,"key":"Old Coin"},{"floor":21,"key":"Nilry\u0027s Codex"},{"floor":24,"key":"aspiration:HummingbirdHeart"}],"event_choices":[{"damage_healed":74,"gold_gain":0,"player_choice":"Upgrade","damage_taken":15,"max_hp_gain":0,"max_hp_loss":75,"event_name":"betterThird:BetterShining","floor":2,"gold_loss":0,"cards_upgraded":["MasterSpark","Defend_MRS"]},{"damage_healed":0,"gold_gain":0,"player_choice":"Obtained Book","damage_taken":16,"max_hp_gain":0,"max_hp_loss":0,"event_name":"Cursed Tome","floor":21,"gold_loss":0}],"is_beta":false,"boss_relics":[{"not_picked":["hubris:CrackedHourglass","Sozu"],"picked":"hubris:VirtuousBlindfold"}],"items_purged_floors":[22],"is_endless":false,"potions_floor_spawned":[16,18,20],"killed_by":"Sentry and Sphere","ascension_level":3}}