{"host":"1sqx9dmsrxu9kvq7","time":1609455681,"event":{"mods":["2.2 Compatiblity","BaseMod","CapriCore","Colored Powertips","Custom Start","Friendly Minions","Highlight Path","Koishi","KomeijiMod","Marisa（霧雨　魔理沙）","Minty Spire (QoL Compilation)","Quick Restart","Rare Cards Sparkle","Reimu（博??梦）","Relic Stats","Remilia（蕾米莉?）","RumiaBox-露米?的神秘盒子","Shop Mod","Spicy Shops","StSLib","The Administrix","The Immortal","The Servant 0.9.4","Waifu the Spire","Yakumo Yukari mod","Youmu（魂魄妖梦）","Yuyuko"],"gold_per_floor":[119,119,130,148,165,165,130,161,173,185,197,220,232,261,273,383,395,418,447,476,403,415,427,439,451,486,498,524,536,598,623,635,627,627],"floor_reached":33,"playtime":1551,"items_purged":[],"score":249,"play_id":"a574deaa-4e9f-4235-b317-aea340e48812","local_time":"20201231170121","is_ascension_mode":false,"campfire_choices":[{"floor":6,"key":"RECALL"},{"data":"BlastKick2:ReiMu","floor":11,"key":"SMITH"},{"data":"NB:ReiMu","floor":13,"key":"SMITH"},{"floor":15,"key":"REST"},{"floor":23,"key":"REST"},{"floor":25,"key":"REST"},{"data":"BlastKick2:ReiMu","floor":27,"key":"SMITH"},{"floor":29,"key":"REST"},{"data":"Free:ReiMu","floor":32,"key":"SMITH"}],"circlet_count":0,"master_deck":["Strike_Lin:ReiMu","Strike_Lin:ReiMu","Strike_Lin:ReiMu","Strike_Lin:ReiMu","Defend_Lin:ReiMu","Defend_Lin:ReiMu","Defend_Lin:ReiMu","Defend_Lin:ReiMu","NB:ReiMu+1","Stagnation:ReiMu","FantasyMoon:ReiMu","SpreadBorder2:ReiMu","BlastKick2:ReiMu+1","OrbThrow:ReiMu","CareerPray:ReiMu","CardOfSanctity:ReiMu","BlastKick2:ReiMu+1","AlertArray:ReiMu+1","SpreadBorder2:ReiMu","SubcavityInstant:ReiMu","TightArray:ReiMu","Free:ReiMu+1"],"relics":["FlyPower:ReiMu","NeowsBlessing","MawBank","HornCleat","Bag of Marbles"],"acts_visited":["Exordium","TheCity"],"potions_floor_usage":[22],"damage_taken":[{"damage":0,"enemies":"2 Louse","floor":1,"turns":1},{"damage":0,"enemies":"Cultist","floor":3,"turns":1},{"damage":0,"enemies":"Jaw Worm","floor":4,"turns":1},{"damage":8,"enemies":"2 Fungi Beasts","floor":5,"turns":8},{"damage":17,"enemies":"Lagavulin","floor":8,"turns":14},{"damage":26,"enemies":"Exordium Thugs","floor":12,"turns":6},{"damage":0,"enemies":"3 Louse","floor":14,"turns":2},{"damage":36,"enemies":"The Guardian","floor":16,"turns":12},{"damage":23,"enemies":"Spheric Guardian","floor":18,"turns":5},{"damage":5,"enemies":"3 Byrds","floor":19,"turns":5},{"damage":29,"enemies":"Snecko","floor":20,"turns":7},{"damage":0,"enemies":"3 Cultists","floor":22,"turns":3},{"damage":23,"enemies":"Snake Plant","floor":28,"turns":8},{"damage":6,"enemies":"Snecko","floor":31,"turns":7},{"damage":37,"enemies":"Collector","floor":33,"turns":3}],"seed_played":"-7963255317580466465","potions_obtained":[{"floor":1,"key":"LiquidBronze"},{"floor":8,"key":"SmokeBomb"},{"floor":12,"key":"Weak Potion"},{"floor":20,"key":"EntropicBrew"},{"floor":28,"key":"AttackPotion"}],"is_trial":false,"path_per_floor":["M","?","M","M","M","R","?","E","T","?","R","M","R","M","R","B",null,"M","M","M","?","M","R","$","R","T","R","M","R","?","M","R","B"],"character_chosen":"REIMU","items_purchased":[],"campfire_rested":4,"item_purchase_floors":[],"current_hp_per_floor":[65,65,65,65,57,57,65,48,48,65,65,39,39,39,58,22,65,42,37,8,8,8,27,27,46,46,46,23,42,42,36,36,0,0],"gold":627,"neow_bonus":"THREE_ENEMY_KILL","is_daily":false,"chose_seed":false,"campfire_upgraded":4,"win_rate":0.0,"timestamp":1609455681,"path_taken":["M","?","?","M","M","R","?","E","T","?","R","?","R","M","R","BOSS","M","M","M","?","M","R","$","R","T","R","M","R","?","?","R","BOSS"],"items_purchased_type":[],"build_version":"2020-12-22","purchased_purges":0,"victory":false,"max_hp_per_floor":[65,65,65,65,65,65,65,65,65,65,65,65,65,65,65,65,65,65,65,65,65,65,65,65,65,65,65,65,65,65,65,65,65,65],"relic_stats":{"counters":[15,82],"MawBank":300,"obtain_stats":[{"HornCleat":21,"NeowsBlessing":0,"Bag of Marbles":26,"FlyPower:ReiMu":0,"MawBank":8},{"HornCleat":11,"NeowsBlessing":0,"Bag of Marbles":12,"FlyPower:ReiMu":0,"MawBank":5},{"HornCleat":61,"NeowsBlessing":0,"Bag of Marbles":64,"FlyPower:ReiMu":0,"MawBank":25}]},"card_choices":[{"not_picked":["ForcedLanding:ReiMu","Revelation:ReiMu"],"picked":"FantasyMoon:ReiMu","floor":1},{"not_picked":["Intuition:ReiMu","ForcedLanding:ReiMu"],"picked":"Revelation:ReiMu","floor":3},{"not_picked":["Amulet:ReiMu","SubcavityInstant:ReiMu"],"picked":"SpreadBorder2:ReiMu","floor":4},{"not_picked":["SubAcupoint:ReiMu","SafetyPray:ReiMu"],"picked":"BlastKick2:ReiMu","floor":5},{"not_picked":["EmergencyTakeOff:ReiMu","PayForSelf:ReiMu"],"picked":"OrbThrow:ReiMu","floor":8},{"not_picked":["Enchanting:ReiMu","SubcavityInstant:ReiMu"],"picked":"CareerPray:ReiMu","floor":12},{"not_picked":["PayForSelf:ReiMu","RainPray2:ReiMu"],"picked":"CardOfSanctity:ReiMu","floor":14},{"not_picked":["RunawayExorcism:ReiMu","CardOfSanctity:ReiMu"],"picked":"BlastKick2:ReiMu","floor":16},{"not_picked":["RainPray2:ReiMu","UniversalSpiritual:ReiMu"],"picked":"AlertArray:ReiMu+1","floor":18},{"not_picked":["OrbThrow:ReiMu","Conquer:ReiMu"],"picked":"SpreadBorder2:ReiMu","floor":19},{"not_picked":["SpreadBorder2:ReiMu","LearningPray:ReiMu"],"picked":"SubcavityInstant:ReiMu","floor":20},{"not_picked":["Meditation:ReiMu+1","LovePray:ReiMu+1"],"picked":"TightArray:ReiMu","floor":28},{"not_picked":["TightArray:ReiMu","EmergencyTakeOff:ReiMu+1"],"picked":"Free:ReiMu","floor":31}],"player_experience":171243,"relics_obtained":[{"floor":8,"key":"MawBank"},{"floor":26,"key":"Bag of Marbles"}],"event_choices":[{"damage_healed":0,"gold_gain":0,"player_choice":"Ignored","damage_taken":0,"max_hp_gain":0,"max_hp_loss":0,"event_name":"Purifier","floor":2,"gold_loss":0},{"damage_healed":16,"gold_gain":0,"player_choice":"Healed","damage_taken":0,"max_hp_gain":0,"max_hp_loss":0,"event_name":"The Cleric","floor":7,"gold_loss":35},{"cards_removed":["Revelation:ReiMu"],"damage_healed":17,"gold_gain":0,"player_choice":"Offered Uncommon","damage_taken":0,"max_hp_gain":0,"max_hp_loss":0,"event_name":"Bonfire Elementals","floor":10,"gold_loss":0},{"damage_healed":0,"gold_gain":0,"player_choice":"Obtained Relic","damage_taken":0,"relics_obtained":["HornCleat"],"max_hp_gain":0,"max_hp_loss":0,"event_name":"Addict","floor":21,"gold_loss":85},{"damage_healed":0,"gold_gain":100,"player_choice":"Bet on Murderer","damage_taken":0,"max_hp_gain":0,"max_hp_loss":0,"event_name":"The Joust","floor":30,"gold_loss":50}],"is_beta":false,"boss_relics":[{"not_picked":["Empty Cage","Snecko Eye","Runic Dome"]}],"items_purged_floors":[],"is_endless":false,"potions_floor_spawned":[1,8,12,20,28],"killed_by":"Collector","ascension_level":0}}