{"host":"y9jgkjnf95sujozk","time":1609430129,"event":{"mods":["2.2 Compatiblity","AchievementEnabler","Act Like it!","BaseMod","Block Reminder","Colored Map","Colored Powertips","Decade(王小明)","Downfall","Friendly Minions","Gensokyo","GifTheSpireLib","Hermit","Highlight Path","HololiveMod","Infinite Spire","Marisa（霧雨　魔理沙）","Minty Spire (QoL Compilation)","Random Character Button","Rare Cards Sparkle","Remilia（蕾米莉?）","Replay The Spire","Shop Mod","StSLib","SuperFastMode","The Animator","The Bug Knight","The Cursed","The Hierophant","The Jungle","The Senshi","The Servant 0.9.4"],"gold_per_floor":[109,149,160,335,61,61,90,90,115,115,130,130,140,140,140,245,245,263,284,300,319,25,25,41,60,60,78,78,103,103,125,125,125,125],"floor_reached":33,"playtime":872,"items_purged":["Doubt"],"score":251,"play_id":"935428b1-6000-48f5-ae7d-c1ecd7bb1532","local_time":"20201231165529","is_ascension_mode":false,"campfire_choices":[{"floor":6.0,"key":"REST"},{"floor":8.0,"key":"REST"},{"floor":10.0,"key":"REST"},{"floor":12.0,"key":"REST"},{"floor":15.0,"key":"REST"},{"floor":23,"key":"REST"},{"floor":28,"key":"REST"},{"floor":30,"key":"REST"},{"floor":32,"key":"REST"}],"circlet_count":0,"master_deck":["hermit:Strike_Hermit","hermit:Strike_Hermit","hermit:Strike_Hermit","hermit:Strike_Hermit","hermit:Defend_Hermit","hermit:Defend_Hermit","hermit:Defend_Hermit","hermit:Defend_Hermit","hermit:Snapshot","hermit:Covet","hermit:Snipe","hermit:Deadeye","hermit:ItchyTrigger","hermit:CalledShot","hermit:CalledShot","hermit:Ricochet","hermit:Dive","hermit:Ricochet","Delirium","hermit:Reprieve","hermit:Scavenge","hermit:Dive","hermit:Snipe","hermit:Snipe","hermit:BigShot+1","ReplayTheSpireMod:Uncanny Aura","hermit:EyeOfTheStorm","hermit:Headshot","hermit:Manifest","hermit:NoHoldsBarred","hermit:Headshot"],"relics":["hermit:Momento","Question Card","hermit:PetGhost","Bag of Marbles","hermit:RyeStalk","ReplayTheSpireMod:Ring of Exchange","ReplayTheSpireMod:Ring of Collecting","Painkiller Herb","Frozen Eye","Ring of Searing","Art of War"],"acts_visited":["Exordium","TheCity"],"potions_floor_usage":[25,25,27,33],"damage_taken":[{"damage":1.0,"enemies":"Cultist","floor":1.0,"turns":3.0},{"damage":4.0,"enemies":"2 Louse","floor":3.0,"turns":3.0},{"damage":66.0,"enemies":"Gremlin Nob","floor":7.0,"turns":6.0},{"damage":6.0,"enemies":"Jaw Worm","floor":11.0,"turns":2.0},{"damage":16.0,"enemies":"Exordium Thugs","floor":13.0,"turns":5.0},{"damage":59.0,"enemies":"Fading Forest","floor":16.0,"turns":11.0},{"damage":7,"enemies":"Chosen","floor":18,"turns":4},{"damage":10,"enemies":"Spheric Guardian","floor":19,"turns":4},{"damage":14,"enemies":"Snecko","floor":20,"turns":7},{"damage":31,"enemies":"Cultist and Chosen","floor":21,"turns":7},{"damage":31,"enemies":"Centurion and Healer","floor":24,"turns":8},{"damage":24,"enemies":"Snake Plant","floor":25,"turns":4},{"damage":12,"enemies":"Chosen and Byrds","floor":27,"turns":4},{"damage":18,"enemies":"Centurion and Healer","floor":29,"turns":7},{"damage":18,"enemies":"Sentry and Sphere","floor":31,"turns":6},{"damage":60,"enemies":"Pondfish","floor":33,"turns":5}],"seed_played":"-7073710095968783150","potions_obtained":[{"floor":1.0,"key":"sneckomod:MuddlingPotion"},{"floor":7.0,"key":"LiquidBronze"},{"floor":18,"key":"ColorlessPotion"},{"floor":21,"key":"Death Potion"},{"floor":24,"key":"champ:CounterPotion"},{"floor":31,"key":"Toxic Potion"}],"is_trial":false,"path_per_floor":["M","?","M","?","$","R","E","R","T","R","M","R","M","?","R","B",null,"?","?","?","?","T","T","?","?","T","?","T","?","T","?","T","B"],"character_chosen":"HERMIT","items_purchased":["hermit:CalledShot","hermit:PetGhost","hermit:BigShot+1","Frozen Eye","ReplayTheSpireMod:Uncanny Aura"],"campfire_rested":9,"item_purchase_floors":[5,5,22,22,22],"current_hp_per_floor":[79,47,43,43,43,67,1,25,25,49,43,67,51,51,75,36,80,73,63,53,30,30,54,27,11,11,3,27,17,41,23,47,0,0],"gold":125,"neow_bonus":"RANDOM_EVENT","is_daily":false,"chose_seed":false,"campfire_upgraded":0,"win_rate":0.0,"timestamp":1609430129,"path_taken":["M","?","M","?","$","R","E","R","T","R","?","R","M","?","R","BOSS","?","?","?","?","T","T","?","?","T","?","T","?","T","?","T","BOSS"],"items_purchased_type":["Card","Relic","Card","Relic","Card"],"build_version":"2020-12-22","purchased_purges":1,"victory":false,"max_hp_per_floor":[80,80,80,80,80,80,80,80,80,80,80,80,80,80,80,80,80,80,80,80,80,80,80,80,80,80,80,80,80,80,80,80,80,80],"card_choices":[{"not_picked":["hermit:TrackingShot","hermit:HoleUp"],"picked":"hermit:Snipe","floor":1.0},{"not_picked":["hermit:BodyArmor","hermit:HoleUp"],"picked":"hermit:Deadeye","floor":2.0},{"not_picked":["hermit:BigShot","hermit:Snipe"],"picked":"hermit:ItchyTrigger","floor":2.0},{"not_picked":["hermit:HighCaliber","hermit:Glare","hermit:WideOpen"],"picked":"hermit:CalledShot","floor":3.0},{"not_picked":["hermit:Dissolve","hermit:Virtue","hermit:HighCaliber"],"picked":"hermit:Ricochet","floor":7.0},{"not_picked":["hermit:TrackingShot","hermit:Maintenance","hermit:Spite"],"picked":"hermit:Dive","floor":11.0},{"not_picked":["hermit:Spite","hermit:NoHoldsBarred","hermit:Vantage"],"picked":"hermit:Ricochet","floor":13.0},{"not_picked":["hermit:OverwhelmingPower","hermit:BlackWind","hermit:HighNoon"],"picked":"hermit:Reprieve","floor":16.0},{"not_picked":["hermit:Glare","hermit:Feint","hermit:Manifest"],"picked":"hermit:Scavenge","floor":18},{"not_picked":["hermit:WideOpen","hermit:HighCaliber","hermit:Gestalt"],"picked":"hermit:Dive","floor":19},{"not_picked":["hermit:LoneWolf","hermit:Feint","hermit:Misfire"],"picked":"hermit:Snipe","floor":20},{"not_picked":["hermit:Combo+1","hermit:HighCaliber+1","hermit:Headshot"],"picked":"hermit:Snipe","floor":21},{"not_picked":["hermit:Dive+1","hermit:Shortfuse","hermit:HoleUp"],"picked":"hermit:EyeOfTheStorm","floor":24},{"not_picked":["hermit:Grudge","hermit:DeadMansHand","hermit:FromBeyond"],"picked":"hermit:Headshot","floor":25},{"not_picked":["hermit:NoHoldsBarred","hermit:TakeCover","hermit:HoleUp"],"picked":"hermit:Manifest","floor":27},{"not_picked":["hermit:DeadMansHand","hermit:Gestalt+1","hermit:TakeCover"],"picked":"hermit:NoHoldsBarred","floor":29},{"not_picked":["hermit:HoleUp","hermit:Horror+1","hermit:Grudge"],"picked":"hermit:Headshot","floor":31}],"player_experience":129770,"relics_obtained":[{"floor":2.0,"key":"Question Card"},{"floor":7.0,"key":"Bag of Marbles"},{"floor":9.0,"key":"hermit:RyeStalk"},{"floor":14.0,"key":"ReplayTheSpireMod:Ring of Exchange"},{"floor":14.0,"key":"ReplayTheSpireMod:Ring of Collecting"},{"floor":26,"key":"Ring of Searing"},{"floor":26,"key":"Art of War"}],"event_choices":[{"damage_healed":0.0,"max_hp_gain":5.0,"max_hp_loss":0.0,"gold_gain":0.0,"event_name":"Big Fish","player_choice":"Donut","floor":0.0,"gold_loss":0.0,"damage_taken":0.0},{"damage_healed":0.0,"max_hp_gain":0.0,"max_hp_loss":0.0,"gold_gain":175.0,"event_name":"Liars Game","player_choice":"AGREE","floor":4.0,"gold_loss":0.0,"damage_taken":0.0,"cards_obtained":["Doubt"]}],"is_beta":false,"boss_relics":[{"not_picked":["ReplayTheSpireMod:ShopPack","hermit:ClaspedLocket"],"picked":"Painkiller Herb"}],"items_purged_floors":[5],"is_endless":false,"potions_floor_spawned":[1,7,18,21,24,31],"killed_by":"Pondfish","ascension_level":0}}