{"host":"dcj2yvrgcvh5dl2s","time":1609424731,"event":{"mods":["BaseMod","Better Note","Block Reminder","Colored Powertips","DeckTracker","Minty Spire (QoL Compilation)","Quick Restart","Rare Cards Sparkle","Relic Stats","StSLib"],"gold_per_floor":[118,43,43,55,70,96,111,142,193,193,228,67,67,84,84,163,163,181,181,56,56,67,67,67],"floor_reached":23,"playtime":757,"items_purged":["Bash","Pain"],"score":397,"play_id":"cc43f9b1-9526-42fe-bbdf-a209a6864f50","local_time":"20210101002531","is_ascension_mode":true,"campfire_choices":[{"floor":10,"key":"REST"},{"floor":15,"key":"REST"}],"circlet_count":0,"master_deck":["AscendersBane","Strike_R","Strike_R","Strike_R+1","Strike_R+1","Strike_R","Defend_R","Defend_R","Defend_R","Defend_R","Panache","Perfected Strike","Uppercut","Battle Trance","Bludgeon","Disarm","Shrug It Off","Inflame","Shrug It Off","Immolate","Writhe","Perfected Strike"],"relics":["Burning Blood","Whetstone","Pear","Ancient Tea Set","Centennial Puzzle","WarpedTongs","Cursed Key","The Courier"],"acts_visited":["Exordium","TheCity"],"potions_floor_usage":[6,11,16,22,23,23],"damage_taken":[{"damage":14,"enemies":"Small Slimes","floor":1,"turns":4},{"damage":12,"enemies":"Jaw Worm","floor":4,"turns":2},{"damage":2,"enemies":"Cultist","floor":5,"turns":4},{"damage":32,"enemies":"Gremlin Nob","floor":6,"turns":4},{"damage":0,"enemies":"Large Slime","floor":7,"turns":4},{"damage":25,"enemies":"Lagavulin","floor":8,"turns":6},{"damage":22,"enemies":"3 Sentries","floor":11,"turns":5},{"damage":11,"enemies":"Blue Slaver","floor":14,"turns":3},{"damage":39,"enemies":"Slime Boss","floor":16,"turns":8},{"damage":16,"enemies":"3 Byrds","floor":18,"turns":6},{"damage":13,"enemies":"Chosen","floor":22,"turns":4},{"damage":56,"enemies":"Book of Stabbing","floor":23,"turns":6}],"seed_played":"-2645099180577693303","potions_obtained":[{"floor":4,"key":"Strength Potion"},{"floor":5,"key":"DistilledChaos"},{"floor":14,"key":"ColorlessPotion"},{"floor":16,"key":"Swift Potion"},{"floor":18,"key":"ColorlessPotion"},{"floor":22,"key":"SkillPotion"}],"is_trial":false,"path_per_floor":["M","?","$","M","M","E","M","E","T","R","E","$","?","M","R","B",null,"M","?","$","?","M","E"],"character_chosen":"IRONCLAD","items_purchased":["Inflame","Perfected Strike"],"campfire_rested":2,"item_purchase_floors":[12,20],"current_hp_per_floor":[60,60,60,54,58,32,38,29,29,54,38,38,38,33,58,25,70,60,60,60,60,53,0,0],"gold":67,"neow_bonus":"RANDOM_COLORLESS_2","is_daily":false,"chose_seed":false,"campfire_upgraded":0,"win_rate":0.0,"timestamp":1609424731,"path_taken":["M","?","$","M","M","E","M","E","T","R","E","$","?","?","R","BOSS","M","?","$","?","M","E"],"items_purchased_type":["Card","Card"],"build_version":"2020-12-22","purchased_purges":2,"victory":false,"max_hp_per_floor":[75,75,75,75,75,75,75,85,85,85,85,85,85,85,85,85,85,85,85,85,85,85,85,85],"relic_stats":{"Centennial Puzzle":[15],"counters":[12,56],"Whetstone":["Strike_R","Strike_R"],"Cursed Key":0,"obtain_stats":[{"Centennial Puzzle":11,"Pear":8,"The Courier":19,"Whetstone":6,"Ancient Tea Set":9,"Cursed Key":17,"Burning Blood":0,"WarpedTongs":13},{"Centennial Puzzle":7,"Pear":6,"The Courier":10,"Whetstone":4,"Ancient Tea Set":6,"Cursed Key":9,"Burning Blood":0,"WarpedTongs":7},{"Centennial Puzzle":29,"Pear":24,"The Courier":46,"Whetstone":14,"Ancient Tea Set":24,"Cursed Key":40,"Burning Blood":0,"WarpedTongs":29}],"Burning Blood":66,"WarpedTongs":[25]},"card_choices":[{"not_picked":["Chrysalis","Secret Weapon"],"picked":"Panache","floor":0},{"not_picked":["Warcry","Clothesline"],"picked":"Perfected Strike","floor":1},{"not_picked":["True Grit","Burning Pact"],"picked":"Uppercut","floor":4},{"not_picked":["Hemokinesis","Ghostly Armor"],"picked":"Battle Trance","floor":5},{"not_picked":["Sword Boomerang","Dropkick"],"picked":"Bludgeon","floor":6},{"not_picked":["Iron Wave","Clothesline"],"picked":"Disarm","floor":7},{"not_picked":["Second Wind","Battle Trance"],"picked":"Shrug It Off","floor":8},{"not_picked":["Clash","Uppercut","Evolve"],"picked":"SKIP","floor":11},{"not_picked":["Pommel Strike","Intimidate"],"picked":"Shrug It Off","floor":14},{"not_picked":["Barricade","Bludgeon"],"picked":"Immolate","floor":16},{"not_picked":["Burning Pact","Rampage+1","Feel No Pain"],"picked":"SKIP","floor":18},{"not_picked":["Evolve","Sword Boomerang+1","Battle Trance+1"],"picked":"SKIP","floor":22}],"player_experience":2132256,"relics_obtained":[{"floor":6,"key":"Whetstone"},{"floor":8,"key":"Pear"},{"floor":9,"key":"Ancient Tea Set"},{"floor":11,"key":"Centennial Puzzle"}],"event_choices":[{"cards_removed":["Writhe"],"damage_healed":0,"gold_gain":0,"player_choice":"Card Removal","damage_taken":0,"max_hp_gain":0,"max_hp_loss":0,"event_name":"The Cleric","floor":2,"gold_loss":75},{"damage_healed":0,"gold_gain":0,"player_choice":"Rummage","damage_taken":0,"relics_obtained":["WarpedTongs"],"max_hp_gain":0,"max_hp_loss":0,"event_name":"Accursed Blacksmith","floor":13,"gold_loss":0,"cards_obtained":["Pain"]},{"damage_healed":0,"gold_gain":0,"player_choice":"Opened","damage_taken":0,"relics_obtained":["The Courier"],"max_hp_gain":0,"max_hp_loss":0,"event_name":"The Mausoleum","floor":19,"gold_loss":0,"cards_obtained":["Writhe"]}],"is_beta":false,"boss_relics":[{"not_picked":["Tiny House","Calling Bell"],"picked":"Cursed Key"}],"items_purged_floors":[12,20],"is_endless":false,"potions_floor_spawned":[4,5,14,16,18,22],"killed_by":"Book of Stabbing","ascension_level":18}}