{"host":"v4tuy5ykrbdcm9o9","time":1609400934,"event":{"mods":["BaseMod","Duelist Mod","Minty Spire (QoL Compilation)","Replay The Spire","StSLib"],"gold_per_floor":[15,32,46,11,31,31,56,68,80,92,139,151,178,216,228,339,351,379,391,419,450,473,515,442,454,466,510,522,551,563,607,619,734,746,770,782,804,831,863,875,251,251,277,306,306,306],"floor_reached":45,"playtime":2845,"items_purged":["Parasite"],"score":892,"play_id":"4a7030c3-5d93-4d88-af08-cecc8ed7ca5f","local_time":"20201231024854","is_ascension_mode":true,"campfire_choices":[{"data":"Static Discharge","floor":6,"key":"SMITH"},{"floor":8,"key":"REST"},{"floor":15,"key":"REST"},{"floor":25,"key":"REST"},{"floor":28,"key":"REST"},{"floor":32,"key":"REST"},{"floor":40,"key":"REST"}],"circlet_count":0,"master_deck":["Strike_B","Strike_B","Strike_B","Strike_B","Defend_B","Defend_B+1","Defend_B","Defend_B","Zap","Dualcast","Static Discharge+1","Redo","Conserve Battery","FTL+1","Darkness","Tempest","Sweeping Beam","Thunder Strike+1","Go for the Eyes","Melter","Tempest","Ball Lightning","Go for the Eyes","Capacitor+1","ReplayTheSpireMod:Omega Cannon","Barrage+1","ReplayTheSpireMod:Omega Cannon","Sunder","Trip","Auto Shields+1"],"relics":["Cracked Core","MawBank","Divine Protection","Calipers","Pen Nib","Nuclear Battery","Ring of Fury","Anchor","HornCleat","Bottled Flame","Incense Burner","Bronze Scales","Replay:Bronze Core","Bag of Marbles","Eternal Feather","Spirit Poop","Orichalcum"],"acts_visited":["Exordium","TheCity","TheBeyond"],"potions_floor_usage":[11,11,11,11,13,14,14,16,23,27,35,44],"damage_taken":[{"damage":7,"enemies":"Small Slimes","floor":1,"turns":3},{"damage":7,"enemies":"Jaw Worm","floor":2,"turns":3},{"damage":0,"enemies":"Cultist","floor":3,"turns":2},{"damage":24,"enemies":"Gremlin Gang","floor":5,"turns":4},{"damage":18,"enemies":"3 Sentries","floor":7,"turns":6},{"damage":12,"enemies":"Lagavulin","floor":11,"turns":7},{"damage":0,"enemies":"Large Slime","floor":13,"turns":4},{"damage":11,"enemies":"Gremlin Nob","floor":14,"turns":3},{"damage":4,"enemies":"Slime Boss","floor":16,"turns":4},{"damage":0,"enemies":"Spheric Guardian","floor":18,"turns":3},{"damage":6,"enemies":"Shell Parasite","floor":20,"turns":4},{"damage":10,"enemies":"Snecko","floor":21,"turns":4},{"damage":9,"enemies":"Centurion and Healer","floor":22,"turns":4},{"damage":43,"enemies":"Book of Stabbing","floor":23,"turns":5},{"damage":31,"enemies":"Gremlin Leader","floor":27,"turns":6},{"damage":6,"enemies":"Snake Plant","floor":29,"turns":2},{"damage":13,"enemies":"Book of Stabbing","floor":31,"turns":5},{"damage":21,"enemies":"Pondfish","floor":33,"turns":7},{"damage":0,"enemies":"3 Shapes","floor":35,"turns":2},{"damage":0,"enemies":"3 Darklings","floor":37,"turns":2},{"damage":43,"enemies":"Transient","floor":38,"turns":5},{"damage":1,"enemies":"Writhing Mass","floor":39,"turns":4},{"damage":40,"enemies":"Nemesis","floor":44,"turns":5},{"damage":31,"enemies":"4 Shapes","floor":45,"turns":3}],"seed_played":"-2748979076912482429","potions_obtained":[{"floor":2,"key":"Weak Potion"},{"floor":3,"key":"EntropicBrew"},{"floor":7,"key":"DistilledChaos"},{"floor":11,"key":"LiquidBronze"},{"floor":14,"key":"Death Potion"},{"floor":20,"key":"Languid Potion"},{"floor":23,"key":"Regen Potion"},{"floor":27,"key":"Venom Potion"},{"floor":29,"key":"Doom Potion"},{"floor":33,"key":"SteroidPotion"},{"floor":39,"key":"Strength Potion"}],"is_trial":false,"path_per_floor":["M","M","M","?","M","R","E","R","T","?","E","?","M","E","R","B",null,"M","?","M","M","M","E","?","R","T","E","R","M","?","E","R","B",null,"M","?","M","M","M","R","$","?","T","E","M"],"character_chosen":"DEFECT","items_purchased":["Bag of Marbles","Trip","Eternal Feather","Weak Potion"],"campfire_rested":6,"item_purchase_floors":[41,41,41,41],"current_hp_per_floor":[82,75,75,89,65,65,47,73,73,73,61,43,43,32,58,54,89,89,89,83,73,64,21,21,47,47,30,56,50,50,37,63,42,89,89,89,89,46,45,71,71,71,71,31,0,0],"gold":306,"neow_bonus":"TWENTY_PERCENT_HP_BONUS","is_daily":false,"chose_seed":false,"campfire_upgraded":1,"win_rate":0.0,"timestamp":1609400934,"path_taken":["M","M","M","?","M","R","E","R","T","?","E","?","M","E","R","BOSS","M","?","M","M","M","E","?","R","T","E","R","M","?","E","R","BOSS","M","?","?","M","M","R","$","?","T","E","M"],"items_purchased_type":["Relic","Card","Relic","Potion"],"build_version":"2020-12-22","purchased_purges":1,"victory":false,"max_hp_per_floor":[89,89,89,89,89,89,89,89,89,89,89,89,89,89,89,89,89,89,89,89,89,89,89,89,89,89,89,89,89,89,89,89,89,89,89,89,89,89,89,89,86,86,86,86,86,86],"card_choices":[{"not_picked":["Conserve Battery","BasicCrystalCard"],"picked":"Static Discharge","floor":1},{"not_picked":["Streamline","Hello World"],"picked":"Redo","floor":2},{"not_picked":["Redo","Streamline"],"picked":"Conserve Battery","floor":3},{"not_picked":["Turbo","Sweeping Beam"],"picked":"FTL","floor":5},{"not_picked":["Heatsinks","Echo Form","Scrape"],"picked":"SKIP","floor":7},{"not_picked":["Defragment","Skim"],"picked":"Darkness","floor":11},{"not_picked":["Compile Driver","BasicCrystalCard"],"picked":"Tempest","floor":13},{"not_picked":["Turbo","ReplayTheSpireMod:Repulse"],"picked":"Sweeping Beam","floor":14},{"not_picked":["Creative AI","All For One"],"picked":"Thunder Strike","floor":16},{"not_picked":["Leap+1","Coolheaded"],"picked":"Go for the Eyes","floor":18},{"not_picked":["Rebound+1","Turbo"],"picked":"Melter","floor":20},{"not_picked":["Doom and Gloom","BasicCrystalCard","Blizzard"],"picked":"SKIP","floor":21},{"not_picked":["Go for the Eyes","Stack"],"picked":"Tempest","floor":22},{"not_picked":["Glacier","Barrage"],"picked":"Ball Lightning","floor":23},{"not_picked":["Rebound","Coolheaded"],"picked":"Go for the Eyes","floor":27},{"not_picked":["Turbo+1","Fission"],"picked":"Capacitor+1","floor":29},{"not_picked":["Doom and Gloom","ReplayTheSpireMod:Repulse+1","Coolheaded"],"picked":"SKIP","floor":31},{"not_picked":["All For One","Meteor Strike"],"picked":"ReplayTheSpireMod:Omega Cannon","floor":33},{"not_picked":["Streamline","Turbo"],"picked":"Barrage+1","floor":35},{"not_picked":["Hologram+1","ReplayTheSpireMod:GoodbyeWorld"],"picked":"Sunder","floor":37},{"not_picked":["Cold Snap","Stack+1","Barrage+1"],"picked":"SKIP","floor":38},{"not_picked":["Coolheaded+1","Echo Form","Scrape"],"picked":"SKIP","floor":39},{"not_picked":["Conserve Battery+1","Gash"],"picked":"Auto Shields+1","floor":44}],"player_experience":502292,"relics_obtained":[{"floor":7,"key":"MawBank"},{"floor":9,"key":"Divine Protection"},{"floor":11,"key":"Calipers"},{"floor":14,"key":"Pen Nib"},{"floor":19,"key":"Ring of Fury"},{"floor":23,"key":"Anchor"},{"floor":26,"key":"Bottled Flame"},{"floor":27,"key":"Incense Burner"},{"floor":31,"key":"Bronze Scales"},{"floor":44,"key":"Orichalcum"}],"event_choices":[{"damage_healed":22,"gold_gain":0,"player_choice":"Healed","damage_taken":0,"max_hp_gain":0,"max_hp_loss":0,"event_name":"The Cleric","floor":4,"gold_loss":35},{"damage_healed":0,"gold_gain":0,"player_choice":"Ignored","damage_taken":0,"max_hp_gain":0,"max_hp_loss":0,"event_name":"Golden Wing","floor":10,"gold_loss":0},{"damage_healed":0,"gold_gain":0,"player_choice":"Entered Light","damage_taken":18,"max_hp_gain":0,"max_hp_loss":0,"event_name":"Shining Light","floor":12,"gold_loss":0,"cards_upgraded":["FTL","Defend_B"]},{"damage_healed":0,"gold_gain":0,"player_choice":"Obtained Relic","damage_taken":0,"relics_obtained":["HornCleat"],"max_hp_gain":0,"max_hp_loss":0,"event_name":"Addict","floor":24,"gold_loss":85},{"damage_healed":0,"gold_gain":0,"player_choice":"Upgraded","damage_taken":0,"max_hp_gain":0,"max_hp_loss":0,"event_name":"Upgrade Shrine","floor":30,"gold_loss":0,"cards_upgraded":["Thunder Strike"]},{"damage_healed":0,"gold_gain":0,"player_choice":"Copied","damage_taken":0,"max_hp_gain":0,"max_hp_loss":0,"event_name":"Duplicator","floor":36,"gold_loss":0,"cards_obtained":["ReplayTheSpireMod:Omega Cannon"]},{"cards_removed":["Languid"],"damage_healed":0,"gold_gain":0,"player_choice":"Offered Curse","damage_taken":0,"relics_obtained":["Spirit Poop"],"max_hp_gain":0,"max_hp_loss":0,"event_name":"Bonfire Elementals","floor":42,"gold_loss":0}],"is_beta":false,"boss_relics":[{"not_picked":["Runic Dome","FrozenCore"],"picked":"Nuclear Battery"},{"not_picked":["Empty Cage","Runic Pyramid"],"picked":"Replay:Bronze Core"}],"items_purged_floors":[41],"is_endless":false,"potions_floor_spawned":[2,3,7,11,14,20,23,27,29,33,39],"killed_by":"4 Shapes","ascension_level":4}}