{"host":"zjc1tzo4ovig5lll","time":1609416619,"event":{"mods":["AchievementEnabler","Aspiration","BaseMod","Beaked The Cultist","Better Altar","Better Match","Better Note","Better Sensory Stone","Colored Map","Colored Powertips","Conspire","Energized Spire","Friendly Minions","GifTheSpireLib","Halation","Hermit","Hubris","Minty Spire (QoL Compilation)","Rare Cards Sparkle","Replay The Spire","StSLib","The Blue Laboratory","The Bug Knight","The Construct","The Jungle","The Servant 0.9.4","everything is the same but u backflip on backflip","vexMod"],"gold_per_floor":[110,30,47,14,14,14,14,14,39,39,53,80,80,93,93,193,193,211,225,225,35,48,48,75,75,75,87,101,101,101,114,114,216,216,233,83,96,148,148,148,183,203,257,257,273,232,232,232,232,232,232,232,175,175,175],"floor_reached":54,"playtime":3597,"items_purged":[],"score":533,"play_id":"383a9fad-9e4c-444f-97ef-28369e05027a","local_time":"20201231141019","is_ascension_mode":true,"campfire_choices":[{"data":"hermit:FlashPowder","floor":6,"key":"SMITH"},{"data":"hermit:Headshot","floor":8,"key":"SMITH"},{"data":"Acrobatics","floor":13,"key":"SMITH"},{"data":"hermit:Horror","floor":15,"key":"SMITH"},{"data":"Magnetism","floor":23,"key":"SMITH"},{"floor":25,"key":"REST"},{"data":"hermit:TakeAim","floor":30,"key":"SMITH"},{"floor":32,"key":"REST"},{"floor":40,"key":"REST"},{"floor":47,"key":"RECALL"},{"floor":49,"key":"REST"},{"data":"ReplayTheSpireMod:Necrogeddon","floor":52,"key":"SMITH"}],"circlet_count":0,"master_deck":["hermit:Strike_Hermit","hermit:Strike_Hermit","hermit:Strike_Hermit","hermit:Defend_Hermit","hermit:Defend_Hermit","hermit:Defend_Hermit","hermit:Defend_Hermit","hermit:Snapshot","hermit:Covet","hermit:FlashPowder+1","Acrobatics+1","hermit:Headshot+1","hermit:TrackingShot","hermit:BigShot","hermit:Horror+1","hermit:HeroicBravado+1","Magnetism+1","hermit:TakeAim+1","Dark Shackles","hermit:EyeOfTheStorm+1","hermit:Enervate+1","hermit:GhostlyPresence","ReplayTheSpireMod:Necrogeddon+1","Master of Strategy","Mayhem+1","hermit:Maintenance+1","hermit:HeroicBravado"],"relics":["hermit:Momento","aspiration:Nostalgia","m_SnakeCloak","aspiration:HummingbirdHeart","Oddly Smooth Stone","construct:WeddingRing","aspiration:RitualStick","halation:PrussianBluePaint","HollowMod:LifeEnderRelic","hubris:TerracottaHorce","Replay:Rubber Ducky","Bird Faced Urn","aspiration:AnachronicSnailShell","Blue Doll","ReplayTheSpireMod:ShopPack"],"acts_visited":["Exordium","TheCity","TheBeyond","TheEnding"],"potions_floor_usage":[50,54],"damage_taken":[{"damage":0,"enemies":"Small Slimes","floor":1,"turns":3},{"damage":3,"enemies":"2 Louse","floor":3,"turns":3},{"damage":0,"enemies":"conspire:RoseBush","floor":11,"turns":2},{"damage":19,"enemies":"Gremlin Nob","floor":12,"turns":4},{"damage":0,"enemies":"Gremlin Gang","floor":14,"turns":6},{"damage":25,"enemies":"The Guardian","floor":16,"turns":9},{"damage":1,"enemies":"Shell Parasite","floor":18,"turns":4},{"damage":11,"enemies":"Spheric Guardian","floor":19,"turns":4},{"damage":2,"enemies":"conspire:HollyBat","floor":22,"turns":6},{"damage":3,"enemies":"conspire:SneckoGhost","floor":24,"turns":10},{"damage":0,"enemies":"Snecko","floor":27,"turns":5},{"damage":11,"enemies":"Snake Plant","floor":28,"turns":5},{"damage":12,"enemies":"Cultist and Chosen","floor":31,"turns":9},{"damage":5,"enemies":"Champ","floor":33,"turns":12},{"damage":0,"enemies":"Orb Walker","floor":35,"turns":3},{"damage":18,"enemies":"3 Shapes","floor":37,"turns":6},{"damage":15,"enemies":"2 Orb Walkers","floor":38,"turns":6},{"damage":24,"enemies":"Reptomancer","floor":41,"turns":7},{"damage":2,"enemies":"Jaw Worm Horde","floor":42,"turns":5},{"damage":0,"enemies":"Maw","floor":45,"turns":8},{"damage":35,"enemies":"Replay:Hell Engine","floor":50,"turns":12},{"damage":86,"enemies":"Shield and Spear","floor":54,"turns":9}],"seed_played":"-2326508472927521786","potions_obtained":[{"floor":3,"key":"EntropicBrew"},{"floor":14,"key":"blueLaboratory:BottleOfRum"},{"floor":22,"key":"Fire Potion"},{"floor":24,"key":"SmokeBomb"}],"is_trial":false,"path_per_floor":["M","$","M","?","?","R","T","R","T","?","M","E","R","M","R","B",null,"M","M","?","$","M","R","E","R","T","M","M","?","R","M","R","B",null,"M","$","M","?","?","R","E","M","T","$","M","$","R","?","R","B",null,"R","$","E"],"character_chosen":"HERMIT","items_purchased":["Acrobatics","hermit:Headshot","Magnetism","Replay:Rubber Ducky","ReplayTheSpireMod:ShopPack","hermit:Maintenance+1","hermit:HeroicBravado"],"campfire_rested":4,"item_purchase_floors":[2,2,21,36,44,46,53],"current_hp_per_floor":[75,75,72,72,72,72,72,72,72,72,72,53,53,53,53,28,75,74,63,48,48,46,46,43,65,65,65,54,42,42,30,52,47,68,68,68,50,35,35,57,41,45,45,37,47,47,47,47,69,42,67,67,67,0,0],"gold":175,"neow_bonus":"NOSTALGIA","is_daily":false,"chose_seed":false,"campfire_upgraded":7,"win_rate":0.0,"timestamp":1609416619,"path_taken":["M","$","M","?","?","R","?","R","T","?","M","E","R","?","R","BOSS","M","M","?","$","M","R","E","R","T","M","M","?","R","M","R","BOSS","M","$","M","?","?","R","E","M","T","?","M","$","R","?","R","BOSS","R","$","E"],"items_purchased_type":["Card","Card","Card","Relic","Relic","Card","Card"],"build_version":"2020-12-22","purchased_purges":0,"victory":false,"max_hp_per_floor":[75,75,75,75,75,75,75,75,75,75,75,75,75,75,75,75,75,75,75,75,75,75,75,75,75,75,75,75,75,75,75,75,75,75,75,75,75,75,75,75,75,75,75,75,75,75,75,75,75,75,75,75,75,75,75],"card_choices":[{"not_picked":["hermit:Misfire","hermit:Cheat"],"picked":"hermit:FlashPowder","floor":1},{"not_picked":["hermit:BodyArmor","hermit:Coalescence","hermit:BigShot"],"picked":"SKIP","floor":3},{"not_picked":["hermit:HighCaliber","hermit:WideOpen"],"picked":"hermit:BigShot","floor":11},{"not_picked":["hermit:HighCaliber","hermit:ShadowCloak","hermit:NoHoldsBarred"],"picked":"SKIP","floor":12},{"not_picked":["hermit:Misfire","hermit:NoHoldsBarred"],"picked":"hermit:Horror","floor":14},{"not_picked":["hermit:Gambit","hermit:FinalCanter"],"picked":"hermit:HeroicBravado","floor":16},{"not_picked":["hermit:HighCaliber+1","hermit:Coalescence","hermit:Ricochet"],"picked":"SKIP","floor":18},{"not_picked":["hermit:SprayPray","hermit:Dive","hermit:Desperado"],"picked":"SKIP","floor":19},{"not_picked":["hermit:ItchyTrigger","hermit:Midnight+1","hermit:Roulette+1"],"picked":"SKIP","floor":22},{"not_picked":["hermit:Dive+1","hermit:Roulette","hermit:ItchyTrigger"],"picked":"SKIP","floor":24},{"not_picked":["hermit:Misfire","hermit:TakeCover"],"picked":"hermit:TakeAim","floor":27},{"not_picked":["hermit:Snipe+1","hermit:Reprieve","hermit:Midnight+1"],"picked":"SKIP","floor":28},{"not_picked":["hermit:Dive","hermit:SprayPray","hermit:Feint"],"picked":"SKIP","floor":31},{"not_picked":["hermit:HighCaliber","hermit:Dive+1","hermit:Headshot"],"picked":"SKIP","floor":35},{"not_picked":["hermit:CursedWeapon","hermit:Desperado+1"],"picked":"hermit:EyeOfTheStorm+1","floor":37},{"not_picked":["hermit:Roulette","hermit:Grudge"],"picked":"hermit:Enervate+1","floor":38},{"not_picked":["hermit:Horror","hermit:TrackingShot+1"],"picked":"hermit:GhostlyPresence","floor":41},{"not_picked":["hermit:Combo","hermit:Coalescence","hermit:Shortfuse"],"picked":"SKIP","floor":42},{"not_picked":["Metamorphosis","Secret Weapon"],"picked":"ReplayTheSpireMod:Necrogeddon","floor":44},{"not_picked":["Purity","ReplayTheSpireMod:Trickstab"],"picked":"Master of Strategy","floor":44},{"not_picked":["vexMod:EmailVexCard","Forethought"],"picked":"Mayhem","floor":44},{"not_picked":["hermit:Desperado+1","hermit:ItchyTrigger+1","hermit:TrackingShot+1"],"picked":"SKIP","floor":45}],"player_experience":602979,"relics_obtained":[{"floor":7,"key":"aspiration:HummingbirdHeart"},{"floor":12,"key":"Oddly Smooth Stone"},{"floor":24,"key":"halation:PrussianBluePaint"},{"floor":26,"key":"HollowMod:LifeEnderRelic"},{"floor":38,"key":"Bird Faced Urn"},{"floor":41,"key":"aspiration:AnachronicSnailShell"},{"floor":43,"key":"Blue Doll"}],"event_choices":[{"damage_healed":0,"gold_gain":0,"player_choice":"Left Gold","damage_taken":0,"max_hp_gain":0,"max_hp_loss":0,"event_name":"World of Goop","floor":4,"gold_loss":33},{"damage_healed":0,"gold_gain":0,"player_choice":"Leave","damage_taken":0,"max_hp_gain":0,"max_hp_loss":0,"event_name":"conspire:Investor","floor":5,"gold_loss":0},{"damage_healed":0,"gold_gain":0,"cards_transformed":["hermit:Strike_Hermit"],"player_choice":"Transformed","damage_taken":0,"max_hp_gain":0,"max_hp_loss":0,"event_name":"Transmorgrifier","floor":10,"gold_loss":0,"cards_obtained":["hermit:TrackingShot"]},{"damage_healed":0,"gold_gain":0,"player_choice":"CARD ","damage_taken":12,"max_hp_gain":0,"max_hp_loss":0,"event_name":"Knowing Skull","floor":29,"potions_obtained":[],"gold_loss":0,"cards_obtained":["Dark Shackles"]},{"damage_healed":0,"gold_gain":0,"player_choice":"Fight","damage_taken":0,"max_hp_gain":0,"max_hp_loss":0,"event_name":"Mysterious Sphere","floor":38,"gold_loss":0},{"damage_healed":0,"gold_gain":0,"player_choice":"Forge","damage_taken":0,"max_hp_gain":0,"max_hp_loss":0,"event_name":"Accursed Blacksmith","floor":48,"gold_loss":0,"cards_upgraded":["Mayhem"]}],"is_beta":false,"boss_relics":[{"not_picked":["aspiration:RunicSpoon","Coffee Dripper"],"picked":"construct:WeddingRing"},{"not_picked":["Replay:Grab Bag","hubris:GrandSneckoEye"],"picked":"hubris:TerracottaHorce"}],"items_purged_floors":[],"is_endless":false,"potions_floor_spawned":[3,11,14,18,22,24,33,37,41,42],"killed_by":"Shield and Spear","ascension_level":1}}