{"host":"2yqfi47fogfu1ic4","time":1609416102,"event":{"mods":["AchievementEnabler","BaseMod","Colored Map","Colored Powertips","Highlight Path","Minty Spire (QoL Compilation)","Permanent Neow","Relic Stats","StSLib"],"gold_per_floor":[118,129,139,139,158,158,158,169,221,14,24,24,54,68,68,141,141,153,153,179,6,19,48,48,48,124,124,159,159,80,5,5,77,77,97,116,116,116,132,158,158,158,158,58,83,305,305,316,316,316,316],"floor_reached":50,"playtime":3526,"items_purged":["Strike_G","Strike_G+1"],"score":1042,"play_id":"cb190e59-d01d-409f-abbd-b01fe5cd571e","local_time":"20201231130142","is_ascension_mode":true,"campfire_choices":[{"data":"Envenom","floor":6.0,"key":"SMITH"},{"data":"Terror","floor":12.0,"key":"SMITH"},{"data":"Bane","floor":15.0,"key":"SMITH"},{"data":"Wraith Form v2","floor":24.0,"key":"SMITH"},{"data":"Noxious Fumes","floor":27.0,"key":"SMITH"},{"data":"Catalyst","floor":32.0,"key":"SMITH"},{"data":"Ghostly","floor":47.0,"key":"SMITH"},{"floor":49,"key":"RECALL"}],"circlet_count":0,"master_deck":["AscendersBane","Strike_G+1","Strike_G+1","Defend_G+1","Defend_G+1","Defend_G+1","Defend_G+1","Survivor","Neutralize","Quick Slash","Sucker Punch","Envenom+1","Bane+1","Terror+1","Poisoned Stab","Dagger Throw","Masterful Stab","Blade Dance","Wraith Form v2+1","Dagger Throw+1","Blade Dance","Blur","Noxious Fumes+1","Finisher+1","Cloak And Dagger","Blur","Ghostly+1","Ghostly","Ghostly","Catalyst+1","PiercingWail+1","Tools of the Trade","PanicButton","Dark Shackles","Secret Weapon"],"relics":["Empty Cage","Bird Faced Urn","Omamori","Oddly Smooth Stone","Coffee Dripper","The Specimen","PreservedInsect","Orrery","Eternal Feather","Red Mask","SacredBark","Bottled Lightning","Dream Catcher","Darkstone Periapt","FossilizedHelix"],"acts_visited":["Exordium","TheCity","TheBeyond"],"potions_floor_usage":[50],"damage_taken":[{"damage":12.0,"enemies":"Cultist","floor":1.0,"turns":6.0},{"damage":2.0,"enemies":"Jaw Worm","floor":2.0,"turns":5.0},{"damage":1.0,"enemies":"2 Louse","floor":3.0,"turns":2.0},{"damage":4.0,"enemies":"2 Fungi Beasts","floor":5.0,"turns":4.0},{"damage":0.0,"enemies":"3 Sentries","floor":7.0,"turns":2.0},{"damage":5.0,"enemies":"Blue Slaver","floor":8.0,"turns":3.0},{"damage":7.0,"enemies":"Large Slime","floor":11.0,"turns":4.0},{"damage":10.0,"enemies":"Lagavulin","floor":13.0,"turns":5.0},{"damage":0.0,"enemies":"3 Louse","floor":14.0,"turns":2.0},{"damage":8.0,"enemies":"Slime Boss","floor":16.0,"turns":8.0},{"damage":20.0,"enemies":"3 Byrds","floor":18.0,"turns":8.0},{"damage":11.0,"enemies":"Spheric Guardian","floor":22.0,"turns":3.0},{"damage":24.0,"enemies":"Slavers","floor":23.0,"turns":5.0},{"damage":2.0,"enemies":"Masked Bandits","floor":28.0,"turns":5.0},{"damage":34.0,"enemies":"Automaton","floor":33.0,"turns":11.0},{"damage":4.0,"enemies":"3 Darklings","floor":35.0,"turns":5.0},{"damage":1.0,"enemies":"Orb Walker","floor":36.0,"turns":3.0},{"damage":1.0,"enemies":"Maw","floor":39.0,"turns":7.0},{"damage":2.0,"enemies":"Giant Head","floor":40.0,"turns":6.0},{"damage":5.0,"enemies":"Mind Bloom Boss Battle","floor":45.0,"turns":8.0},{"damage":12,"enemies":"Sphere and 2 Shapes","floor":48,"turns":6},{"damage":55,"enemies":"Time Eater","floor":50,"turns":11}],"seed_played":"1054779465801012811","potions_obtained":[{"floor":1.0,"key":"SmokeBomb"},{"floor":8.0,"key":"EntropicBrew"},{"floor":11.0,"key":"PowerPotion"},{"floor":14.0,"key":"FairyPotion"},{"floor":23.0,"key":"SpeedPotion"},{"floor":33.0,"key":"SneckoOil"},{"floor":35.0,"key":"Poison Potion"},{"floor":40.0,"key":"Ancient Potion"}],"is_trial":false,"path_per_floor":["M","M","M","T","M","R","E","M","T","$","M","R","E","M","R","B",null,"M","?","T","$","M","E","R","?","T","R","?","?","$","?","R","B",null,"M","M","?","T","M","E","?","?","T","$","?","?","R","M","R","B"],"character_chosen":"THE_SILENT","items_purchased":["Terror","Poisoned Stab","Orrery","Catalyst"],"campfire_rested":0,"item_purchase_floors":[10,10,21,30],"current_hp_per_floor":[47,45,44,44,40,40,40,37,37,37,30,30,22,22,22,16,54,38,38,38,38,31,13,28,28,28,43,45,33,33,33,33,3,26,28,31,31,31,32,31,21,21,21,21,24,24,31,19,31,0,0],"gold":316,"neow_bonus":"BOSS_RELIC","is_daily":false,"chose_seed":false,"campfire_upgraded":7,"win_rate":0.0,"timestamp":1609416102,"path_taken":["M","M","?","?","M","R","E","M","T","?","M","R","E","M","R","BOSS","M","?","?","$","?","E","R","?","T","R","?","?","?","?","R","BOSS","M","M","?","?","?","E","?","?","T","?","?","?","R","M","R","BOSS"],"items_purchased_type":["Card","Card","Relic","Card"],"build_version":"2020-12-22","purchased_purges":2,"victory":false,"max_hp_per_floor":[66,66,66,66,66,66,66,66,66,66,66,66,66,66,66,66,66,66,66,66,66,66,66,66,66,66,66,66,33,33,33,33,33,33,33,33,33,33,33,33,33,31,31,31,31,31,31,31,31,31,31],"relic_stats":{"Darkstone Periapt":0,"Dream Catcher":0,"counters":[22,119],"Bird Faced Urn":[51],"Eternal Feather":49,"PreservedInsect":205,"obtain_stats":[{"Darkstone Periapt":43,"The Specimen":19,"SacredBark":34,"Oddly Smooth Stone":13,"Eternal Feather":23,"PreservedInsect":20,"Omamori":9,"Empty Cage":0,"Dream Catcher":40,"Bird Faced Urn":4,"Orrery":21,"Coffee Dripper":17,"Red Mask":28,"Bottled Lightning":38,"FossilizedHelix":45,"Ring of the Snake":0},{"Darkstone Periapt":19,"The Specimen":11,"SacredBark":15,"Oddly Smooth Stone":8,"Eternal Feather":13,"PreservedInsect":11,"Omamori":6,"Empty Cage":0,"Dream Catcher":19,"Bird Faced Urn":3,"Orrery":11,"Coffee Dripper":10,"Red Mask":14,"Bottled Lightning":17,"FossilizedHelix":20,"Ring of the Snake":0},{"Darkstone Periapt":94,"The Specimen":49,"SacredBark":73,"Oddly Smooth Stone":31,"Eternal Feather":57,"PreservedInsect":49,"Omamori":22,"Empty Cage":0,"Dream Catcher":94,"Bird Faced Urn":13,"Orrery":49,"Coffee Dripper":41,"Red Mask":62,"Bottled Lightning":81,"FossilizedHelix":102,"Ring of the Snake":0}]},"card_choices":[{"not_picked":["Deflect","Blade Dance"],"picked":"Backstab","floor":1.0},{"not_picked":["Setup","Bane"],"picked":"Quick Slash","floor":2.0},{"not_picked":["Deflect","Bane"],"picked":"Sucker Punch","floor":3.0},{"not_picked":["Cloak And Dagger","Sucker Punch"],"picked":"Envenom","floor":5.0},{"not_picked":["Leg Sweep","Dagger Throw"],"picked":"Bane","floor":8.0},{"not_picked":["Acrobatics","Skewer"],"picked":"Dagger Throw","floor":11.0},{"not_picked":["Choke","Dodge and Roll"],"picked":"Masterful Stab","floor":13.0},{"not_picked":["Outmaneuver","All Out Attack"],"picked":"Blade Dance","floor":14.0},{"not_picked":["Glass Knife","Storm of Steel"],"picked":"Wraith Form v2","floor":16.0},{"not_picked":["Skewer","Bouncing Flask"],"picked":"Dagger Throw+1","floor":18.0},{"not_picked":["Cloak And Dagger","Poisoned Stab"],"picked":"Blade Dance","floor":21.0},{"not_picked":["Concentrate","Caltrops"],"picked":"Blur","floor":21.0},{"not_picked":["Sucker Punch","Heel Hook"],"picked":"Noxious Fumes","floor":21.0},{"not_picked":["Prepared+1","Setup"],"picked":"Finisher+1","floor":21.0},{"not_picked":["Outmaneuver","Caltrops"],"picked":"Cloak And Dagger","floor":21.0},{"not_picked":["Dagger Throw+1","Skewer"],"picked":"Tactician","floor":22.0},{"not_picked":["Dagger Spray","Prepared"],"picked":"Blur","floor":23.0},{"not_picked":["Deflect","Dagger Throw+1","Outmaneuver"],"picked":"SKIP","floor":35.0},{"not_picked":["Flying Knee","Setup","Endless Agony+1"],"picked":"SKIP","floor":36.0},{"not_picked":["Caltrops","Blur"],"picked":"PiercingWail+1","floor":39.0},{"not_picked":["Dagger Throw","Slice"],"picked":"Tools of the Trade","floor":40.0},{"not_picked":["Jack Of All Trades","Swift Strike"],"picked":"PanicButton","floor":41.0},{"not_picked":["Blind","Madness"],"picked":"Dark Shackles","floor":41.0},{"not_picked":["Dark Shackles","Mind Blast"],"picked":"Secret Weapon","floor":41.0},{"not_picked":["Dagger Spray","Flying Knee","Slice"],"picked":"SKIP","floor":48}],"player_experience":1975354,"relics_obtained":[{"floor":4.0,"key":"Bird Faced Urn"},{"floor":9.0,"key":"Omamori"},{"floor":13.0,"key":"Oddly Smooth Stone"},{"floor":20.0,"key":"PreservedInsect"},{"floor":23.0,"key":"Eternal Feather"},{"floor":28.0,"key":"Red Mask"},{"floor":38.0,"key":"Bottled Lightning"},{"floor":40.0,"key":"Dream Catcher"},{"floor":43.0,"key":"Darkstone Periapt"},{"floor":45.0,"key":"FossilizedHelix"}],"event_choices":[{"damage_healed":0.0,"max_hp_gain":0.0,"max_hp_loss":0.0,"gold_gain":0.0,"event_name":"The Mausoleum","player_choice":"Opened","floor":19.0,"gold_loss":0.0,"damage_taken":0.0,"relics_obtained":["The Specimen"],"cards_obtained":["Writhe"]},{"damage_healed":0.0,"max_hp_gain":0.0,"max_hp_loss":0.0,"gold_gain":0.0,"event_name":"Back to Basics","player_choice":"Simplicity","floor":25.0,"gold_loss":0.0,"damage_taken":0.0,"cards_upgraded":["Strike_G","Strike_G","Strike_G","Defend_G","Defend_G","Defend_G","Defend_G"]},{"damage_healed":0.0,"max_hp_gain":0.0,"max_hp_loss":0.0,"gold_gain":0.0,"event_name":"Masked Bandits","player_choice":"Fought Bandits","floor":28.0,"gold_loss":0.0,"damage_taken":0.0},{"damage_healed":0.0,"max_hp_gain":0.0,"max_hp_loss":33.0,"gold_gain":0.0,"event_name":"Ghosts","player_choice":"Became a Ghost","floor":29.0,"gold_loss":0.0,"damage_taken":0.0,"cards_obtained":["Ghostly","Ghostly","Ghostly"]},{"cards_removed":["Tactician"],"damage_healed":0.0,"max_hp_gain":0.0,"max_hp_loss":0.0,"gold_gain":0.0,"event_name":"Beggar","player_choice":"Gave Gold","floor":31.0,"gold_loss":75.0,"damage_taken":0.0},{"cards_removed":["Backstab"],"damage_healed":0.0,"max_hp_gain":0.0,"max_hp_loss":0.0,"gold_gain":0.0,"event_name":"Falling","player_choice":"Removed Attack","floor":37.0,"gold_loss":0.0,"damage_taken":0.0},{"damage_healed":0.0,"max_hp_gain":0.0,"max_hp_loss":0.0,"gold_gain":0.0,"event_name":"SensoryStone","player_choice":"Memory 3","floor":41.0,"gold_loss":0.0,"damage_taken":10.0},{"damage_healed":0.0,"max_hp_gain":0.0,"max_hp_loss":2.0,"gold_gain":0.0,"event_name":"Winding Halls","player_choice":"Max HP","floor":42.0,"gold_loss":0.0,"damage_taken":0.0},{"damage_healed":0.0,"max_hp_gain":0.0,"max_hp_loss":0.0,"gold_gain":0.0,"event_name":"MindBloom","player_choice":"Fight","floor":45.0,"gold_loss":0.0,"damage_taken":0.0},{"damage_healed":0.0,"max_hp_gain":0.0,"max_hp_loss":0.0,"gold_gain":222.0,"event_name":"Tomb of Lord Red Mask","player_choice":"Wore Mask","floor":46.0,"gold_loss":0.0,"damage_taken":0.0}],"is_beta":false,"boss_relics":[{"not_picked":["Astrolabe","Ectoplasm"],"picked":"Coffee Dripper"},{"not_picked":["Fusion Hammer","Tiny House"],"picked":"SacredBark"}],"items_purged_floors":[10,44],"is_endless":false,"potions_floor_spawned":[1,7,8,11,14,16,23,33,35,40,45],"killed_by":"Time Eater","ascension_level":20}}