{"host":"k6u7q08ihsmpx7o5","time":1609421959,"event":{"mods":["BaseMod","Bestiary","Minty Spire (QoL Compilation)","StSLib"],"gold_per_floor":[119,44,55,69,69,69,103,121,175,195,195,209,209,243,243,320,320,339,355,355,370,390,418,418,437,463,463,496,515,415,448,448,526,526,538,593,593,233,175,206,230,244,244,262,296,296,327,343,343,343,343,343],"floor_reached":51,"playtime":12888,"items_purged":["Defend_B","Defend_B","Defend_B"],"score":1614,"play_id":"924df39c-e4f9-4fab-b77b-390c9c86e228","local_time":"20201231143919","is_ascension_mode":true,"campfire_choices":[{"data":"Doom and Gloom","floor":6.0,"key":"SMITH"},{"data":"Genetic Algorithm","floor":11.0,"key":"SMITH"},{"data":"Lockon","floor":15.0,"key":"SMITH"},{"data":"Biased Cognition","floor":24.0,"key":"SMITH"},{"data":"Electrodynamics","floor":27.0,"key":"SMITH"},{"data":"Loop","floor":32.0,"key":"SMITH"},{"floor":49,"key":"RECALL"}],"circlet_count":0,"master_deck":["AscendersBane","Strike_B","Strike_B","Strike_B+1","Defend_B","Zap","Dualcast","Doom and Gloom+1","Lockon+1","Ball Lightning","Cold Snap+1","Electrodynamics+1","Genetic Algorithm+1","Coolheaded","Undo","Biased Cognition+1","Go for the Eyes","Chill","Loop+1","Skim","Melter+1","Thunder Strike","Rainbow","Dark Shackles","Core Surge","Capacitor","Defragment+1"],"relics":["Black Star","Meat on the Bone","Whetstone","Juzu Bracelet","StrikeDummy","Orichalcum","PreservedInsect","Coffee Dripper","Art of War","Nunchaku","Tiny Chest","Pantograph","Omamori","Bag of Marbles","SacredBark","Bird Faced Urn","Membership Card","Bag of Preparation","Akabeko","Ancient Tea Set","Anchor","Potion Belt","Dead Branch","Centennial Puzzle","Thread and Needle","Pen Nib","Bottled Lightning"],"acts_visited":["Exordium","TheCity","TheBeyond"],"potions_floor_usage":[36,50,50],"damage_taken":[{"damage":2.0,"enemies":"2 Louse","floor":1.0,"turns":2.0},{"damage":0.0,"enemies":"Cultist","floor":3.0,"turns":2.0},{"damage":9.0,"enemies":"Jaw Worm","floor":4.0,"turns":4.0},{"damage":32.0,"enemies":"Gremlin Nob","floor":7.0,"turns":4.0},{"damage":11.0,"enemies":"Exordium Thugs","floor":8.0,"turns":2.0},{"damage":1.0,"enemies":"2 Fungi Beasts","floor":10.0,"turns":3.0},{"damage":2.0,"enemies":"Gremlin Gang","floor":12.0,"turns":3.0},{"damage":18.0,"enemies":"Lagavulin","floor":14.0,"turns":7.0},{"damage":23.0,"enemies":"Hexaghost","floor":16.0,"turns":8.0},{"damage":12.0,"enemies":"Chosen","floor":18.0,"turns":4.0},{"damage":5.0,"enemies":"3 Byrds","floor":19.0,"turns":4.0},{"damage":27.0,"enemies":"Shelled Parasite and Fungi","floor":21.0,"turns":3.0},{"damage":2.0,"enemies":"Snecko","floor":22.0,"turns":5.0},{"damage":6.0,"enemies":"Book of Stabbing","floor":23.0,"turns":4.0},{"damage":1.0,"enemies":"Cultist and Chosen","floor":25.0,"turns":5.0},{"damage":21.0,"enemies":"Slavers","floor":28.0,"turns":2.0},{"damage":0.0,"enemies":"Snake Plant","floor":29.0,"turns":5.0},{"damage":12.0,"enemies":"Book of Stabbing","floor":31.0,"turns":4.0},{"damage":29.0,"enemies":"Champ","floor":33.0,"turns":10.0},{"damage":4,"enemies":"Orb Walker","floor":35,"turns":3},{"damage":2,"enemies":"2 Orb Walkers","floor":36,"turns":4},{"damage":55,"enemies":"Giant Head","floor":40,"turns":8},{"damage":0,"enemies":"3 Shapes","floor":42,"turns":2},{"damage":9,"enemies":"Maw","floor":44,"turns":6},{"damage":9,"enemies":"Nemesis","floor":45,"turns":5},{"damage":36,"enemies":"Reptomancer","floor":47,"turns":6},{"damage":0,"enemies":"3 Darklings","floor":48,"turns":5},{"damage":60,"enemies":"Awakened One","floor":50,"turns":13},{"damage":59,"enemies":"Time Eater","floor":51,"turns":7}],"seed_played":"-9179963812148495686","potions_obtained":[{"floor":3.0,"key":"DuplicationPotion"},{"floor":10.0,"key":"LiquidBronze"},{"floor":12.0,"key":"SpeedPotion"},{"floor":14.0,"key":"Fire Potion"},{"floor":21.0,"key":"GamblersBrew"},{"floor":25.0,"key":"Ancient Potion"},{"floor":33.0,"key":"FearPotion"},{"floor":35,"key":"BlessingOfTheForge"},{"floor":40,"key":"FearPotion"},{"floor":45,"key":"LiquidMemories"},{"floor":48,"key":"DistilledChaos"}],"is_trial":false,"path_per_floor":["M","$","M","M","?","R","E","M","T","M","R","M","?","E","R","B",null,"M","M","?","M","M","E","R","M","T","R","E","M","$","E","R","B",null,"M","?","?","$","?","E","T","M","T","M","E","?","E","M","R","B","B"],"character_chosen":"DEFECT","items_purchased":["Membership Card","Bag of Preparation","Dark Shackles"],"campfire_rested":0,"item_purchase_floors":[38,38,38],"current_hp_per_floor":[62,62,62,53,53,53,21,22,22,33,33,43,32,26,26,15,57,45,40,40,25,35,41,41,40,40,40,31,43,43,43,43,39,63,59,57,57,57,57,20,20,38,38,41,48,71,39,51,51,25,0,0],"gold":343,"neow_bonus":"BOSS_RELIC","is_daily":false,"chose_seed":false,"campfire_upgraded":6,"win_rate":0.0,"timestamp":1609421959,"path_taken":["M","$","M","M","?","R","E","M","T","M","R","M","?","E","R","BOSS","M","M","?","M","M","E","R","M","T","R","E","M","$","E","R","BOSS","M","?","?","$","?","E","?","M","T","M","E","?","E","M","R","BOSS","BOSS"],"items_purchased_type":["Relic","Relic","Card"],"build_version":"2020-12-22","purchased_purges":3,"victory":false,"max_hp_per_floor":[71,71,71,71,71,71,71,71,71,71,71,71,71,71,71,71,71,71,71,71,71,71,71,71,71,71,71,71,71,71,71,71,71,71,71,71,71,71,71,71,71,71,71,71,71,71,71,71,71,71,71,71],"card_choices":[{"not_picked":["Compile Driver","Streamline"],"picked":"Doom and Gloom","floor":1.0},{"not_picked":["Recycle","Compile Driver"],"picked":"Lockon","floor":3.0},{"not_picked":["Coolheaded","Streamline"],"picked":"Ball Lightning","floor":4.0},{"not_picked":["Steam","Doom and Gloom"],"picked":"Cold Snap","floor":7.0},{"not_picked":["Compile Driver","Cold Snap"],"picked":"Electrodynamics","floor":8.0},{"not_picked":["Steam Power","Leap"],"picked":"Genetic Algorithm","floor":10.0},{"not_picked":["Cold Snap","Glacier"],"picked":"Coolheaded","floor":12.0},{"not_picked":["Skim","Lockon"],"picked":"Undo","floor":14.0},{"not_picked":["Amplify","Seek"],"picked":"Biased Cognition","floor":16.0},{"not_picked":["Lockon","Beam Cell"],"picked":"Go for the Eyes","floor":18.0},{"not_picked":["Hologram","Rebound","Cold Snap"],"picked":"SKIP","floor":19.0},{"not_picked":["Blizzard","Leap","Hello World+1"],"picked":"SKIP","floor":21.0},{"not_picked":["Go for the Eyes","Stack","Tempest"],"picked":"SKIP","floor":22.0},{"not_picked":["Steam","Turbo"],"picked":"Loop","floor":23.0},{"not_picked":["BootSequence","Rip and Tear","Leap"],"picked":"SKIP","floor":25.0},{"not_picked":["Aggregate","Hello World"],"picked":"Skim","floor":28.0},{"not_picked":["Ball Lightning","All For One"],"picked":"Melter+1","floor":29.0},{"not_picked":["Leap","Gash"],"picked":"Thunder Strike","floor":31.0},{"not_picked":["Creative AI","Meteor Strike"],"picked":"Rainbow","floor":33.0},{"not_picked":["Compile Driver","Doom and Gloom","Leap+1"],"picked":"SKIP","floor":35},{"not_picked":["Beam Cell","Go for the Eyes"],"picked":"Core Surge","floor":40},{"not_picked":["Conserve Battery","BootSequence"],"picked":"Capacitor","floor":42},{"not_picked":["Doom and Gloom+1","Rebound"],"picked":"Defragment+1","floor":44},{"not_picked":["Static Discharge","Go for the Eyes","Stack"],"picked":"SKIP","floor":45},{"not_picked":["Reprogram","Chill+1","Consume"],"picked":"SKIP","floor":47},{"not_picked":["Chill","Cold Snap","Hello World"],"picked":"SKIP","floor":48}],"player_experience":1887846,"relics_obtained":[{"floor":7.0,"key":"Meat on the Bone"},{"floor":7.0,"key":"Whetstone"},{"floor":9.0,"key":"Juzu Bracelet"},{"floor":14.0,"key":"Orichalcum"},{"floor":14.0,"key":"PreservedInsect"},{"floor":23.0,"key":"Art of War"},{"floor":23.0,"key":"Nunchaku"},{"floor":28.0,"key":"Tiny Chest"},{"floor":28.0,"key":"Pantograph"},{"floor":31.0,"key":"Omamori"},{"floor":31.0,"key":"Bag of Marbles"},{"floor":36,"key":"Bird Faced Urn"},{"floor":40,"key":"Ancient Tea Set"},{"floor":40,"key":"Anchor"},{"floor":41,"key":"Potion Belt"},{"floor":43,"key":"Dead Branch"},{"floor":45,"key":"Centennial Puzzle"},{"floor":45,"key":"Thread and Needle"},{"floor":47,"key":"Pen Nib"},{"floor":47,"key":"Bottled Lightning"}],"event_choices":[{"cards_removed":["Strike_B"],"damage_healed":0.0,"max_hp_gain":0.0,"max_hp_loss":0.0,"gold_gain":0.0,"event_name":"Bonfire Elementals","player_choice":"Offered Basic","floor":5.0,"gold_loss":0.0,"damage_taken":0.0},{"damage_healed":0.0,"max_hp_gain":0.0,"max_hp_loss":0.0,"gold_gain":0.0,"event_name":"Scrap Ooze","player_choice":"Success","floor":13.0,"gold_loss":0.0,"damage_taken":11.0,"relics_obtained":["StrikeDummy"]},{"damage_healed":0.0,"max_hp_gain":0.0,"max_hp_loss":0.0,"gold_gain":0.0,"event_name":"The Library","player_choice":"Read","floor":20.0,"gold_loss":0.0,"damage_taken":0.0,"cards_obtained":["Chill"]},{"damage_healed":0,"gold_gain":0,"player_choice":"Fight","damage_taken":0,"max_hp_gain":0,"max_hp_loss":0,"event_name":"Mysterious Sphere","floor":36,"gold_loss":0},{"damage_healed":0,"gold_gain":0,"player_choice":"Ignored","damage_taken":0,"max_hp_gain":0,"max_hp_loss":0,"event_name":"Tomb of Lord Red Mask","floor":37,"gold_loss":0},{"damage_healed":0,"gold_gain":0,"player_choice":"Paid Gold","damage_taken":0,"relics_obtained":["Akabeko"],"max_hp_gain":0,"max_hp_loss":0,"event_name":"WeMeetAgain","floor":39,"gold_loss":58},{"damage_healed":23,"gold_gain":0,"player_choice":"Full Heal","damage_taken":0,"max_hp_gain":0,"max_hp_loss":0,"event_name":"Wheel of Change","floor":46,"gold_loss":0}],"is_beta":false,"boss_relics":[{"not_picked":["Cursed Key","SlaversCollar"],"picked":"Coffee Dripper"},{"not_picked":["Runic Dome","Nuclear Battery"],"picked":"SacredBark"}],"items_purged_floors":[2,30,38],"is_endless":false,"potions_floor_spawned":[3,10,12,14,21,22,25,33,35,40,45,48],"killed_by":"Time Eater","ascension_level":20}}