{"host":"tfkz8stxzb1up54p","time":1609453086,"event":{"mods":["AchievementEnabler","BaseMod","Block Reminder","Colored Powertips","Curses Come First","Disable Question Mark Monsters","Emptier Cage","Gold Saver","Gremlin Skip","Highlight Path","Minty Spire (QoL Compilation)","Permanent Neow","StSLib"],"gold_per_floor":[1154,1174,1174,1184,1184,1212,1212,1162,1188,1227,1240,1240,395,395,395,526,526,550,565,36,56,71,102,102,115,170,183,218,241,276,33,33,163,163,177,195,195,209,225,269,284,324,351,376,376,376,411,436,436,436,436],"floor_reached":50,"playtime":3559,"items_purged":["Strike_R","Strike_R","Strike_R"],"score":1226,"play_id":"625f7b04-3927-422a-ab0e-0294fadeb6d2","local_time":"20201231221806","is_ascension_mode":true,"campfire_choices":[{"data":"Inflame","floor":12,"key":"SMITH"},{"data":"Heavy Blade","floor":15,"key":"SMITH"},{"data":"Brutality","floor":24,"key":"SMITH"},{"floor":32,"key":"DIG"},{"floor":46,"key":"DIG"},{"floor":49,"key":"DIG"}],"circlet_count":0,"master_deck":["AscendersBane","Strike_R+1","Strike_R+1","Defend_R","Defend_R","Defend_R","Defend_R","Bash","Inflame+1","Anger+1","Heavy Blade+1","Thunderclap","Immolate+1","Body Slam+1","Dropkick+1","Rampage+1","Dropkick+1","Purity","Brutality+1","Cleave+1","Dramatic Entrance+1","Dropkick+1","Dropkick+1","Infernal Blade","Anger+1","Body Slam+1","Dropkick+1","Dramatic Entrance+1","Disarm","Pain","Rage","Parasite","Shrug It Off","Shrug It Off","Pommel Strike+1"],"relics":["Black Blood","Regal Pillow","Golden Idol","Bag of Marbles","Molten Egg 2","Art of War","Magic Flower","DollysMirror","Membership Card","Whetstone","CaptainsWheel","Orichalcum","PreservedInsect","Tiny Chest","Smiling Mask","Shovel","Bird Faced Urn","Fusion Hammer","WarpedTongs","Nunchaku","Eternal Feather","Oddly Smooth Stone","Meat on the Bone","Girya","MealTicket","Self Forming Clay"],"acts_visited":["Exordium","TheCity","TheBeyond"],"potions_floor_usage":[6,10,16,19,19,21,21,22,27,28,29,33,39,41,47,50],"damage_taken":[{"damage":9,"enemies":"Jaw Worm","floor":1,"turns":4},{"damage":6,"enemies":"Cultist","floor":2,"turns":4},{"damage":0,"enemies":"2 Louse","floor":4,"turns":3},{"damage":25,"enemies":"3 Sentries","floor":6,"turns":8},{"damage":30,"enemies":"Lagavulin","floor":10,"turns":5},{"damage":0,"enemies":"Exordium Thugs","floor":11,"turns":1},{"damage":2,"enemies":"Slime Boss","floor":16,"turns":3},{"damage":0,"enemies":"2 Thieves","floor":18,"turns":1},{"damage":25,"enemies":"3 Byrds","floor":19,"turns":5},{"damage":1,"enemies":"3 Cultists","floor":21,"turns":2},{"damage":15,"enemies":"Shelled Parasite and Fungi","floor":22,"turns":2},{"damage":0,"enemies":"Slavers","floor":23,"turns":1},{"damage":20,"enemies":"Snake Plant","floor":25,"turns":3},{"damage":9,"enemies":"Cultist and Chosen","floor":27,"turns":2},{"damage":25,"enemies":"Book of Stabbing","floor":28,"turns":3},{"damage":10,"enemies":"Centurion and Healer","floor":29,"turns":3},{"damage":2,"enemies":"Gremlin Leader","floor":30,"turns":3},{"damage":14,"enemies":"Collector","floor":33,"turns":4},{"damage":12,"enemies":"3 Shapes","floor":35,"turns":1},{"damage":19,"enemies":"3 Darklings","floor":36,"turns":2},{"damage":0,"enemies":"4 Shapes","floor":38,"turns":1},{"damage":22,"enemies":"Writhing Mass","floor":39,"turns":5},{"damage":12,"enemies":"Giant Head","floor":40,"turns":5},{"damage":21,"enemies":"Spire Growth","floor":41,"turns":4},{"damage":13,"enemies":"Reptomancer","floor":42,"turns":4},{"damage":26,"enemies":"Transient","floor":44,"turns":5},{"damage":33,"enemies":"Giant Head","floor":47,"turns":6},{"damage":96,"enemies":"Awakened One","floor":50,"turns":7}],"seed_played":"-1760206045757093929","potions_obtained":[{"floor":4,"key":"Swift Potion"},{"floor":6,"key":"GamblersBrew"},{"floor":10,"key":"GamblersBrew"},{"floor":16,"key":"PowerPotion"},{"floor":18,"key":"PowerPotion"},{"floor":23,"key":"SkillPotion"},{"floor":27,"key":"ColorlessPotion"},{"floor":28,"key":"Explosive Potion"},{"floor":30,"key":"DistilledChaos"},{"floor":33,"key":"FearPotion"},{"floor":35,"key":"EssenceOfSteel"},{"floor":39,"key":"BlessingOfTheForge"},{"floor":41,"key":"ElixirPotion"}],"is_trial":false,"path_per_floor":["M","M","?","M","?","E","?","?","T","E","M","R","$","?","R","B",null,"M","M","$","M","M","E","R","M","T","M","E","M","E","$","R","B",null,"M","M","?","M","M","E","M","E","T","M","?","R","E","T","R","B"],"character_chosen":"IRONCLAD","items_purchased":["Dropkick+1","Rampage+1","Art of War","Magic Flower","DollysMirror","Purity","Membership Card","Whetstone","CaptainsWheel","Dramatic Entrance+1","EntropicBrew","Shovel","Dramatic Entrance+1"],"campfire_rested":0,"item_purchase_floors":[13,13,13,13,13,13,20,20,20,20,20,31,31],"current_hp_per_floor":[69,69,80,80,80,61,61,61,61,37,43,43,43,43,43,50,73,80,73,73,80,80,80,80,78,78,80,73,80,80,80,80,80,80,80,80,80,80,79,80,77,80,80,74,74,80,68,68,80,0,0],"gold":436,"neow_bonus":"THREE_CARDS","is_daily":false,"chose_seed":false,"campfire_upgraded":3,"win_rate":0.0,"timestamp":1609453086,"path_taken":["M","M","?","?","?","E","?","?","T","E","?","R","$","?","R","BOSS","M","?","$","M","M","E","R","M","T","M","E","M","E","$","R","BOSS","M","M","?","M","?","E","M","E","T","M","?","R","E","?","R","BOSS"],"items_purchased_type":["Card","Card","Relic","Relic","Relic","Card","Relic","Relic","Relic","Card","Potion","Relic","Card"],"build_version":"2020-12-22","purchased_purges":3,"victory":false,"max_hp_per_floor":[80,80,80,80,80,80,80,80,80,80,80,80,80,80,80,80,80,80,80,80,80,80,80,80,80,80,80,80,80,80,80,80,80,80,80,80,80,80,80,80,80,80,80,80,80,80,80,80,80,80,80],"card_choices":[{"not_picked":["Pummel","Shockwave"],"picked":"Inflame","floor":0},{"not_picked":["Havoc","Battle Trance"],"picked":"Anger","floor":1},{"not_picked":["Shockwave","Perfected Strike"],"picked":"Pummel","floor":2},{"not_picked":["Clothesline","Spot Weakness"],"picked":"Heavy Blade","floor":4},{"not_picked":["Heavy Blade","Dual Wield"],"picked":"Thunderclap","floor":6},{"not_picked":["Inflame","Headbutt+1"],"picked":"Immolate+1","floor":10},{"not_picked":["Twin Strike+1","True Grit"],"picked":"Body Slam+1","floor":11},{"not_picked":["Sword Boomerang+1","Clash+1"],"picked":"Cleave+1","floor":18},{"not_picked":["Iron Wave+1","Fire Breathing","Warcry"],"picked":"SKIP","floor":19},{"not_picked":["Twin Strike+1","Battle Trance"],"picked":"Dropkick+1","floor":21},{"not_picked":["True Grit","Wild Strike+1","Havoc+1"],"picked":"SKIP","floor":22},{"not_picked":["Rage","Bloodletting"],"picked":"Dropkick+1","floor":23},{"not_picked":["Sword Boomerang+1","Twin Strike+1"],"picked":"Infernal Blade","floor":25},{"not_picked":["Body Slam+1","Corruption"],"picked":"Anger+1","floor":27},{"not_picked":["Berserk","Infernal Blade"],"picked":"Body Slam+1","floor":28},{"not_picked":["Heavy Blade+1","Thunderclap+1"],"picked":"Dropkick+1","floor":29},{"not_picked":["Anger+1","Bludgeon+1","Heavy Blade+1"],"picked":"SKIP","floor":30},{"not_picked":["Flex+1","Headbutt+1","Whirlwind+1"],"picked":"SKIP","floor":35},{"not_picked":["Uppercut+1","True Grit"],"picked":"Disarm","floor":36},{"not_picked":["Battle Trance","Heavy Blade+1"],"picked":"Rage","floor":38},{"not_picked":["Headbutt+1","Iron Wave+1","Clothesline+1"],"picked":"SKIP","floor":39},{"not_picked":["Bloodletting","Entrench"],"picked":"Shrug It Off","floor":40},{"not_picked":["Clash+1","Sword Boomerang+1"],"picked":"Shrug It Off","floor":41},{"not_picked":["Offering","Spot Weakness"],"picked":"Pommel Strike+1","floor":42},{"not_picked":["Evolve+1","Rupture+1","Headbutt+1"],"picked":"SKIP","floor":44},{"not_picked":["Clash+1","Shrug It Off","Iron Wave+1"],"picked":"SKIP","floor":47}],"player_experience":1282980,"relics_obtained":[{"floor":6,"key":"Regal Pillow"},{"floor":9,"key":"Bag of Marbles"},{"floor":10,"key":"Molten Egg 2"},{"floor":23,"key":"Orichalcum"},{"floor":26,"key":"PreservedInsect"},{"floor":28,"key":"Tiny Chest"},{"floor":30,"key":"Smiling Mask"},{"floor":32,"key":"Bird Faced Urn"},{"floor":40,"key":"Nunchaku"},{"floor":42,"key":"Eternal Feather"},{"floor":43,"key":"Oddly Smooth Stone"},{"floor":46,"key":"Meat on the Bone"},{"floor":47,"key":"Girya"},{"floor":48,"key":"MealTicket"},{"floor":49,"key":"Self Forming Clay"}],"event_choices":[{"cards_removed":["Pummel"],"damage_healed":11,"gold_gain":0,"player_choice":"Offered Uncommon","damage_taken":0,"max_hp_gain":0,"max_hp_loss":0,"event_name":"Bonfire Elementals","floor":3,"gold_loss":0},{"damage_healed":0,"gold_gain":0,"player_choice":"Grow","damage_taken":0,"max_hp_gain":0,"max_hp_loss":0,"event_name":"Living Wall","floor":5,"gold_loss":0,"cards_upgraded":["Anger"]},{"damage_healed":0,"gold_gain":0,"player_choice":"Take Wound","damage_taken":0,"relics_obtained":["Golden Idol"],"max_hp_gain":0,"max_hp_loss":0,"event_name":"Golden Idol","floor":7,"gold_loss":0,"cards_obtained":["Injury"]},{"cards_removed":["Injury"],"damage_healed":0,"gold_gain":0,"player_choice":"Card Removal","damage_taken":0,"max_hp_gain":0,"max_hp_loss":0,"event_name":"The Cleric","floor":8,"gold_loss":50},{"damage_healed":0,"gold_gain":0,"player_choice":"1 cards matched","damage_taken":0,"max_hp_gain":0,"max_hp_loss":0,"event_name":"Match and Keep!","floor":14,"gold_loss":0,"cards_obtained":["Brutality"]},{"damage_healed":0,"gold_gain":0,"player_choice":"Rummage","damage_taken":0,"relics_obtained":["WarpedTongs"],"max_hp_gain":0,"max_hp_loss":0,"event_name":"Accursed Blacksmith","floor":37,"gold_loss":0,"cards_obtained":["Pain"]},{"damage_healed":0,"gold_gain":0,"player_choice":"Got Potions","damage_taken":0,"max_hp_gain":0,"max_hp_loss":0,"event_name":"Lab","floor":45,"gold_loss":0}],"is_beta":false,"boss_relics":[{"not_picked":["Busted Crown","Philosopher\u0027s Stone"],"picked":"Black Blood"},{"not_picked":["SacredBark","Pandora\u0027s Box"],"picked":"Fusion Hammer"}],"items_purged_floors":[13,20,31],"is_endless":false,"potions_floor_spawned":[4,6,10,16,18,23,27,28,30,33,35,39,41,42],"killed_by":"Awakened One","ascension_level":12}}