{"host":"9n6i2vl93jt4o42q","time":1609428919,"event":{"mods":["BaseMod","Minty Spire (QoL Compilation)","Relic Stats"],"gold_per_floor":[126,10,10,19,44,44,78,78,78,3,3,47,70,115,115,213,213,233,254,254,276,8,8,33,63,63,63,72,95,95,95],"floor_reached":30,"playtime":2100,"items_purged":["Pain","Strike_R"],"score":493,"play_id":"d46c83bc-7d88-4f07-9631-37f9b44dbfef","local_time":"20201231163519","is_ascension_mode":true,"campfire_choices":[{"data":"Intimidate","floor":6.0,"key":"SMITH"},{"data":"Anger","floor":8.0,"key":"SMITH"},{"data":"Clothesline","floor":11.0,"key":"SMITH"},{"data":"Disarm","floor":15.0,"key":"SMITH"},{"data":"True Grit","floor":23.0,"key":"SMITH"},{"data":"True Grit","floor":27.0,"key":"SMITH"}],"circlet_count":0,"master_deck":["AscendersBane","Strike_R","Strike_R","Defend_R","Defend_R","Defend_R","Defend_R","Bash","Headbutt","Anger+1","Metallicize","Intimidate+1","Clothesline+1","Disarm+1","True Grit+1","Pommel Strike","Feed","Sentinel","Armaments","True Grit+1","Disarm+1"],"relics":["Burning Blood","CeramicFish","Golden Idol","WarpedTongs","Bottled Flame","Gremlin Horn","Centennial Puzzle","Empty Cage","Lee\u0027s Waffle","Ornamental Fan"],"acts_visited":["Exordium","TheCity"],"potions_floor_usage":[],"damage_taken":[{"damage":19.0,"enemies":"Small Slimes","floor":1.0,"turns":4.0},{"damage":5.0,"enemies":"Cultist","floor":5.0,"turns":3.0},{"damage":2.0,"enemies":"2 Louse","floor":7.0,"turns":3.0},{"damage":21.0,"enemies":"Lagavulin","floor":12.0,"turns":6.0},{"damage":14.0,"enemies":"Exordium Thugs","floor":13.0,"turns":4.0},{"damage":33.0,"enemies":"Gremlin Nob","floor":14.0,"turns":5.0},{"damage":12.0,"enemies":"Hexaghost","floor":16.0,"turns":14.0},{"damage":6.0,"enemies":"3 Byrds","floor":18.0,"turns":6.0},{"damage":16.0,"enemies":"Spheric Guardian","floor":19.0,"turns":6.0},{"damage":20.0,"enemies":"Cultist and Chosen","floor":21.0,"turns":8.0},{"damage":38.0,"enemies":"Snecko","floor":24.0,"turns":9.0},{"damage":42.0,"enemies":"Chosen and Byrds","floor":25.0,"turns":5.0},{"damage":24,"enemies":"Cultist and Chosen","floor":29,"turns":10},{"damage":17,"enemies":"Snecko","floor":30,"turns":4}],"seed_played":"364222225229846790","potions_obtained":[{"floor":1.0,"key":"Fruit Juice"},{"floor":13.0,"key":"Dexterity Potion"},{"floor":16.0,"key":"Block Potion"},{"floor":20.0,"key":"Explosive Potion"},{"floor":21.0,"key":"PowerPotion"}],"is_trial":false,"path_per_floor":["M","$","?","?","M","R","M","R","T","$","R","E","M","E","R","B",null,"M","M","?","M","$","R","M","M","T","R","?","M","M"],"character_chosen":"IRONCLAD","items_purchased":["Anger","Metallicize","Lee\u0027s Waffle"],"campfire_rested":0,"item_purchase_floors":[2,2,22],"current_hp_per_floor":[55,55,55,55,56,56,60,60,60,60,60,45,37,10,10,9,57,60,54,54,44,91,91,63,27,27,27,27,9,0,0],"gold":95,"neow_bonus":"RANDOM_COMMON_RELIC","is_daily":false,"chose_seed":false,"campfire_upgraded":6,"win_rate":0.0,"timestamp":1609428919,"path_taken":["M","$","?","?","M","R","M","R","T","$","R","E","?","E","R","BOSS","M","M","?","M","?","R","M","?","T","R","?","?","M"],"items_purchased_type":["Card","Card","Relic"],"build_version":"2020-12-22","purchased_purges":2,"victory":false,"max_hp_per_floor":[75,75,68,68,68,68,68,68,68,68,68,68,68,68,68,73,73,76,80,80,84,91,91,95,95,95,95,95,95,95,95],"relic_stats":{"Centennial Puzzle":[24],"Lee\u0027s Waffle":47,"Gremlin Horn":[6,6],"counters":[14,87],"Golden Idol":66,"Ornamental Fan":[16],"CeramicFish":126,"obtain_stats":[{"Bottled Flame":9,"Centennial Puzzle":14,"Lee\u0027s Waffle":22,"Gremlin Horn":12,"Golden Idol":3,"Ornamental Fan":26,"CeramicFish":0,"Empty Cage":17,"Burning Blood":0,"WarpedTongs":4},{"Bottled Flame":3,"Centennial Puzzle":6,"Lee\u0027s Waffle":10,"Gremlin Horn":4,"Golden Idol":1,"Ornamental Fan":12,"CeramicFish":0,"Empty Cage":7,"Burning Blood":0,"WarpedTongs":1},{"Bottled Flame":10,"Centennial Puzzle":25,"Lee\u0027s Waffle":59,"Gremlin Horn":16,"Golden Idol":4,"Ornamental Fan":73,"CeramicFish":0,"Empty Cage":39,"Burning Blood":0,"WarpedTongs":4}],"Burning Blood":78,"WarpedTongs":[77]},"card_choices":[{"not_picked":["Sever Soul","Pummel"],"picked":"Headbutt","floor":1.0},{"not_picked":["Twin Strike","Flex"],"picked":"Intimidate","floor":5.0},{"not_picked":["Perfected Strike","Anger"],"picked":"Clothesline","floor":7.0},{"not_picked":["Uppercut","Feel No Pain"],"picked":"Disarm","floor":12.0},{"not_picked":["Carnage","Dark Embrace"],"picked":"True Grit","floor":13.0},{"not_picked":["Body Slam","Fiend Fire"],"picked":"Pommel Strike","floor":14.0},{"not_picked":["Brutality","Barricade"],"picked":"Feed","floor":16.0},{"not_picked":["Sword Boomerang","Pommel Strike","Clash"],"picked":"SKIP","floor":18.0},{"not_picked":["Dual Wield","Clothesline","Entrench"],"picked":"SKIP","floor":19.0},{"not_picked":["Armaments","Entrench"],"picked":"Sentinel","floor":21.0},{"not_picked":["Infernal Blade","Body Slam"],"picked":"Armaments","floor":24.0},{"not_picked":["Carnage","Clothesline"],"picked":"True Grit","floor":25.0},{"not_picked":["Clash","True Grit","Flex"],"picked":"SKIP","floor":29}],"player_experience":2002755,"relics_obtained":[{"floor":9.0,"key":"Bottled Flame"},{"floor":12.0,"key":"Gremlin Horn"},{"floor":14.0,"key":"Centennial Puzzle"},{"floor":26.0,"key":"Ornamental Fan"}],"event_choices":[{"damage_healed":0.0,"max_hp_gain":0.0,"max_hp_loss":7.0,"gold_gain":0.0,"event_name":"Golden Idol","player_choice":"Lose Max HP","floor":3.0,"gold_loss":0.0,"damage_taken":0.0,"relics_obtained":["Golden Idol"]},{"damage_healed":0.0,"max_hp_gain":0.0,"max_hp_loss":0.0,"gold_gain":0.0,"event_name":"Accursed Blacksmith","player_choice":"Rummage","floor":4.0,"gold_loss":0.0,"damage_taken":0.0,"relics_obtained":["WarpedTongs"],"cards_obtained":["Pain"]},{"damage_healed":0.0,"max_hp_gain":0.0,"max_hp_loss":0.0,"gold_gain":0.0,"event_name":"Lab","player_choice":"Got Potions","floor":20.0,"gold_loss":0.0,"damage_taken":0.0},{"damage_healed":0.0,"max_hp_gain":0.0,"max_hp_loss":0.0,"gold_gain":0.0,"event_name":"Duplicator","player_choice":"Copied","floor":28.0,"gold_loss":0.0,"damage_taken":0.0,"cards_obtained":["Disarm"]}],"is_beta":false,"boss_relics":[{"not_picked":["SacredBark","Pandora\u0027s Box"],"picked":"Empty Cage"}],"items_purged_floors":[10,22],"is_endless":false,"potions_floor_spawned":[1,13,16,21,24],"killed_by":"Snecko","ascension_level":19}}