{"host":"tpbmol9dayg75a5s","time":1609434955,"event":{"mods":["BaseMod","Bestiary","Block Reminder","Colored Powertips","Downfall","Minty Spire (QoL Compilation)","Relic Stats","StSLib"],"gold_per_floor":[114,114,134,144,69,69,99,119,145,36,36,36,55,74,74,151,151,171,171,184,200,213,213,247,247,247,274,274,274,286,309,321,405,417,439,471,483,8,19,19,19,19],"floor_reached":41,"playtime":4083,"items_purged":[],"score":867,"play_id":"8771eca3-d345-498c-91b2-c0bbebc61407","local_time":"20201231141555","is_ascension_mode":true,"campfire_choices":[{"data":"After Image","floor":6,"key":"SMITH"},{"floor":12,"key":"REST"},{"data":"Neutralize","floor":15,"key":"SMITH"},{"data":"Burst","floor":23,"key":"SMITH"},{"data":"Footwork","floor":25,"key":"SMITH"},{"data":"Noxious Fumes","floor":30,"key":"SMITH"},{"floor":32,"key":"REST"},{"data":"Footwork","floor":40,"key":"SMITH"}],"circlet_count":0,"master_deck":["AscendersBane","Strike_G+1","Strike_G+1","Strike_G+1","Defend_G+1","Defend_G+1","Defend_G+1","Defend_G+1","Survivor","Neutralize+1","After Image+1","Poisoned Stab","PiercingWail","Dash+1","Dagger Throw+1","Cloak And Dagger","Cloak And Dagger","Slice","Blade Dance","Dash","Burst+1","Leg Sweep","Footwork+1","Cloak And Dagger+1","Deadly Poison","Noxious Fumes+1","Decay","Writhe","Riddle With Holes","Die Die Die","Bane+1","Blur","Writhe","Escape Plan","Footwork+1","Blade Dance+1"],"relics":["Ring of the Snake","Snake Skull","Bag of Preparation","sneckomod:SneckoTalon","Du-Vu Doll","Whetstone","Blood Vial","MawBank","Empty Cage","sneckomod:BlankCard","Lee\u0027s Waffle"],"acts_visited":["Exordium","TheCity","TheBeyond"],"potions_floor_usage":[11,27,27,33],"damage_taken":[{"damage":1,"enemies":"Jaw Worm","floor":1,"turns":6},{"damage":0,"enemies":"2 Louse","floor":3,"turns":3},{"damage":1,"enemies":"Small Slimes","floor":4,"turns":3},{"damage":39,"enemies":"3 Sentries","floor":7,"turns":16},{"damage":1,"enemies":"3 Louse","floor":8,"turns":4},{"damage":0,"enemies":"Lagavulin","floor":11,"turns":2},{"damage":1,"enemies":"Blue Slaver","floor":13,"turns":4},{"damage":0,"enemies":"Looter","floor":14,"turns":3},{"damage":9,"enemies":"Hexaghost","floor":16,"turns":15},{"damage":1,"enemies":"Shell Parasite","floor":18,"turns":7},{"damage":0,"enemies":"Chosen","floor":20,"turns":5},{"damage":0,"enemies":"Shelled Parasite and Fungi","floor":21,"turns":9},{"damage":2,"enemies":"Centurion and Healer","floor":22,"turns":8},{"damage":2,"enemies":"Book of Stabbing","floor":24,"turns":7},{"damage":10,"enemies":"Gremlin Leader","floor":27,"turns":6},{"damage":15,"enemies":"Snake Plant","floor":31,"turns":4},{"damage":19,"enemies":"Automaton","floor":33,"turns":9},{"damage":16,"enemies":"3 Darklings","floor":35,"turns":7},{"damage":0,"enemies":"Orb Walker","floor":36,"turns":4},{"damage":8,"enemies":"Spire Growth","floor":39,"turns":4},{"damage":71,"enemies":"Giant Head","floor":41,"turns":7}],"seed_played":"-3967037371789941493","potions_obtained":[{"floor":4,"key":"Dexterity Potion"},{"floor":7,"key":"SmokeBomb"},{"floor":14,"key":"Energy Potion"},{"floor":31,"key":"SkillPotion"},{"floor":33,"key":"LiquidBronze"},{"floor":35,"key":"SpeedPotion"}],"is_trial":false,"path_per_floor":["M","?","M","M","?","R","E","M","T","$","E","R","M","M","R","B",null,"M","?","M","M","M","R","E","R","T","E","?","?","R","M","R","B",null,"M","M","?","$","M","R","E"],"character_chosen":"THE_SILENT","items_purchased":["Cloak And Dagger","Slice","sneckomod:BlankCard","Lee\u0027s Waffle","Escape Plan","Footwork"],"campfire_rested":2,"item_purchase_floors":[10,10,38,38,38,38],"current_hp_per_floor":[58,51,51,50,50,50,11,10,10,10,10,29,28,28,28,19,54,53,53,53,53,51,51,49,49,49,39,39,39,39,26,45,28,57,43,45,58,73,65,65,0,0],"gold":19,"neow_bonus":"ONE_RANDOM_RARE_CARD","is_daily":false,"chose_seed":false,"campfire_upgraded":6,"win_rate":0.0,"timestamp":1609434955,"path_taken":["M","?","M","M","?","R","E","M","T","?","E","R","?","M","R","BOSS","M","?","M","M","M","R","E","R","T","E","?","?","R","M","R","BOSS","M","M","?","$","M","R","E"],"items_purchased_type":["Card","Card","Relic","Relic","Card","Card"],"build_version":"2020-12-22","purchased_purges":0,"victory":false,"max_hp_per_floor":[66,66,66,66,66,66,66,66,66,66,66,66,66,66,66,66,66,66,66,66,66,66,66,66,66,66,66,66,66,66,66,66,66,66,66,66,66,73,73,73,73,73],"relic_stats":{"Blood Vial":10,"Lee\u0027s Waffle":15,"counters":[21,133],"Snake Skull":[73],"Bag of Preparation":[32],"Whetstone":["Dagger Throw","Dash"],"MawBank":108,"obtain_stats":[{"Du-Vu Doll":24,"Blood Vial":27,"Lee\u0027s Waffle":38,"sneckomod:BlankCard":38,"Snake Skull":7,"Bag of Preparation":9,"Whetstone":26,"sneckomod:SneckoTalon":17,"MawBank":29,"Empty Cage":34,"Ring of the Snake":0},{"Du-Vu Doll":14,"Blood Vial":15,"Lee\u0027s Waffle":19,"sneckomod:BlankCard":19,"Snake Skull":4,"Bag of Preparation":5,"Whetstone":14,"sneckomod:SneckoTalon":9,"MawBank":15,"Empty Cage":17,"Ring of the Snake":0},{"Du-Vu Doll":92,"Blood Vial":98,"Lee\u0027s Waffle":122,"sneckomod:BlankCard":122,"Snake Skull":28,"Bag of Preparation":32,"Whetstone":92,"sneckomod:SneckoTalon":56,"MawBank":98,"Empty Cage":111,"Ring of the Snake":0}],"Ring of the Snake":[42]},"card_choices":[{"not_picked":["Dagger Spray","Bane"],"picked":"Poisoned Stab","floor":1},{"not_picked":["Accuracy","Outmaneuver"],"picked":"PiercingWail","floor":3},{"not_picked":["Acrobatics","Concentrate"],"picked":"Dash","floor":4},{"not_picked":["Accuracy","Quick Slash"],"picked":"Dagger Throw","floor":7},{"not_picked":["Outmaneuver","Blade Dance"],"picked":"Cloak And Dagger","floor":8},{"not_picked":["Expertise","Dash"],"picked":"Blade Dance","floor":13},{"not_picked":["Dagger Spray","Skewer"],"picked":"Dash","floor":14},{"not_picked":["Envenom","After Image"],"picked":"Burst","floor":16},{"not_picked":["Skewer","Blade Dance"],"picked":"Leg Sweep","floor":18},{"not_picked":["Deadly Poison+1","Flying Knee"],"picked":"Footwork","floor":20},{"not_picked":["Dodge and Roll+1","Acrobatics"],"picked":"Cloak And Dagger+1","floor":21},{"not_picked":["Expertise","Masterful Stab"],"picked":"Deadly Poison","floor":22},{"not_picked":["Acrobatics+1","Dash"],"picked":"Noxious Fumes","floor":24},{"not_picked":["Quick Slash","Bane"],"picked":"Bullet Time","floor":27},{"not_picked":["Dagger Spray","PiercingWail"],"picked":"Riddle With Holes","floor":31},{"not_picked":["Burst","Unload"],"picked":"Die Die Die","floor":33},{"not_picked":["Leg Sweep","Reflex"],"picked":"Bane+1","floor":35},{"not_picked":["Masterful Stab","Blade Dance"],"picked":"Blur","floor":36},{"not_picked":["Tactician+1","Underhanded Strike"],"picked":"Blade Dance+1","floor":39}],"player_experience":992392,"relics_obtained":[{"floor":7,"key":"Snake Skull"},{"floor":9,"key":"Bag of Preparation"},{"floor":24,"key":"Du-Vu Doll"},{"floor":26,"key":"Whetstone"},{"floor":27,"key":"Blood Vial"}],"event_choices":[{"cards_removed":["Defend_G"],"damage_healed":0,"gold_gain":0,"player_choice":"Card Removal","damage_taken":7,"max_hp_gain":0,"max_hp_loss":0,"event_name":"Golden Wing","floor":2,"gold_loss":0},{"cards_removed":["Strike_G"],"damage_healed":0,"gold_gain":0,"player_choice":"Card Removal","damage_taken":0,"max_hp_gain":0,"max_hp_loss":0,"event_name":"The Cleric","floor":5,"gold_loss":75},{"damage_healed":0,"gold_gain":0,"player_choice":"Simplicity","damage_taken":0,"max_hp_gain":0,"max_hp_loss":0,"event_name":"Back to Basics","floor":19,"gold_loss":0,"cards_upgraded":["Strike_G","Strike_G","Strike_G","Strike_G","Defend_G","Defend_G","Defend_G","Defend_G"]},{"damage_healed":0,"gold_gain":0,"player_choice":"Smashed Altar","damage_taken":0,"max_hp_gain":0,"max_hp_loss":0,"event_name":"Forgotten Altar","floor":28,"gold_loss":0,"cards_obtained":["Decay"]},{"damage_healed":0,"gold_gain":0,"player_choice":"Opened","damage_taken":0,"relics_obtained":["MawBank"],"max_hp_gain":0,"max_hp_loss":0,"event_name":"The Mausoleum","floor":29,"gold_loss":0,"cards_obtained":["Writhe"]},{"damage_healed":13,"gold_gain":0,"player_choice":"Writhe","damage_taken":0,"max_hp_gain":0,"max_hp_loss":0,"event_name":"Winding Halls","floor":37,"gold_loss":0,"cards_obtained":["Writhe"]}],"is_beta":false,"boss_relics":[{"not_picked":["Velvet Choker","Fusion Hammer"],"picked":"sneckomod:SneckoTalon"},{"not_picked":["Philosopher\u0027s Stone","SlaversCollar"],"picked":"Empty Cage"}],"items_purged_floors":[],"is_endless":false,"potions_floor_spawned":[4,7,11,14,18,24,31,33,35],"killed_by":"Giant Head","ascension_level":18}}