{"host":"wshh0nphwn6jv7vj","time":1609456608,"event":{"mods":["BaseMod","Bestiary","Minty Spire (QoL Compilation)"],"gold_per_floor":[110,129,129,24,41,74,74,74,122,147,164,179,179,210,210,281,281,296,276,292,292,29,29,62,62,62,0,0,13,33,33,33,105,155,165,165,217,233,233,233],"floor_reached":39,"playtime":1750,"items_purged":["Defend_R"],"score":771,"play_id":"5a66cb2f-9612-413e-97f5-05ca7ab9265a","local_time":"20201231181648","is_ascension_mode":true,"campfire_choices":[{"floor":7.0,"key":"REST"},{"data":"Disarm","floor":13.0,"key":"SMITH"},{"data":"Limit Break","floor":15.0,"key":"SMITH"},{"data":"Demon Form","floor":23.0,"key":"SMITH"},{"data":"Flex","floor":25.0,"key":"SMITH"},{"data":"Shrug It Off","floor":32.0,"key":"SMITH"}],"circlet_count":0,"master_deck":["AscendersBane","Strike_R+1","Strike_R+1","Strike_R+1","Strike_R+1","Strike_R+1","Defend_R+1","Defend_R+1","Defend_R+1","Bash","Iron Wave+1","Twin Strike","Reaper","Shrug It Off+1","Perfected Strike","Uppercut+1","Reaper","Disarm+1","Flex+1","Limit Break+1","Demon Form+1","Warcry+1","Flex","Sword Boomerang","Pommel Strike+1","Pummel+1","Double Tap","Shockwave","Whirlwind+1","Berserk"],"relics":["Burning Blood","Torii","Regal Pillow","Whetstone","PreservedInsect","Coffee Dripper","Pantograph","Molten Egg 2","Bag of Preparation","Tiny House","Calipers"],"acts_visited":["Exordium","TheCity","TheBeyond"],"potions_floor_usage":[37,37],"damage_taken":[{"damage":7.0,"enemies":"Small Slimes","floor":1.0,"turns":4.0},{"damage":8.0,"enemies":"Cultist","floor":2.0,"turns":5.0},{"damage":7.0,"enemies":"Jaw Worm","floor":5.0,"turns":4.0},{"damage":42.0,"enemies":"3 Sentries","floor":6.0,"turns":9.0},{"damage":27.0,"enemies":"Gremlin Nob","floor":10.0,"turns":4.0},{"damage":13.0,"enemies":"2 Fungi Beasts","floor":11.0,"turns":4.0},{"damage":10.0,"enemies":"Lots of Slimes","floor":12.0,"turns":5.0},{"damage":30.0,"enemies":"Lagavulin","floor":14.0,"turns":7.0},{"damage":26.0,"enemies":"Hexaghost","floor":16.0,"turns":16.0},{"damage":20.0,"enemies":"Chosen","floor":18.0,"turns":6.0},{"damage":7.0,"enemies":"3 Byrds","floor":20.0,"turns":5.0},{"damage":41.0,"enemies":"Gremlin Leader","floor":24.0,"turns":5.0},{"damage":11.0,"enemies":"Centurion and Healer","floor":29.0,"turns":7.0},{"damage":12.0,"enemies":"Chosen and Byrds","floor":30.0,"turns":3.0},{"damage":68.0,"enemies":"Automaton","floor":33.0,"turns":7.0},{"damage":49,"enemies":"3 Darklings","floor":35,"turns":8},{"damage":49,"enemies":"2 Orb Walkers","floor":37,"turns":4},{"damage":8,"enemies":"Orb Walker","floor":38,"turns":2},{"damage":70,"enemies":"Transient","floor":39,"turns":6}],"seed_played":"-8477413452351270506","potions_obtained":[{"floor":1.0,"key":"LiquidMemories"},{"floor":2.0,"key":"Fire Potion"},{"floor":10.0,"key":"Regen Potion"},{"floor":19.0,"key":"Explosive Potion"},{"floor":29.0,"key":"Weak Potion"},{"floor":30.0,"key":"Dexterity Potion"},{"floor":33.0,"key":"Energy Potion"},{"floor":34,"key":"LiquidMemories"}],"is_trial":false,"path_per_floor":["M","M","?","$","M","E","R","$","T","E","M","M","R","E","R","B",null,"M","?","M","?","$","R","E","R","T","?","?","M","M","?","R","B",null,"M","?","?","M","M"],"character_chosen":"IRONCLAD","items_purchased":["Shrug It Off","Pantograph"],"campfire_rested":1,"item_purchase_floors":[4,22],"current_hp_per_floor":[67,65,65,65,64,36,68,68,68,47,56,68,68,46,46,51,64,54,54,60,60,60,60,68,68,68,68,68,63,57,57,57,58,71,73,73,39,37,0,0],"gold":233,"neow_bonus":"ONE_RARE_RELIC","is_daily":false,"chose_seed":false,"campfire_upgraded":5,"win_rate":0.0,"timestamp":1609456608,"path_taken":["M","M","?","?","M","E","R","?","T","E","M","M","R","E","R","BOSS","M","?","?","?","$","R","E","R","T","?","?","M","M","?","R","BOSS","M","?","?","M","M"],"items_purchased_type":["Card","Relic"],"build_version":"2020-12-22","purchased_purges":1,"victory":false,"max_hp_per_floor":[68,68,68,68,68,68,68,68,68,68,68,68,68,68,68,68,68,68,68,68,68,68,68,68,68,68,68,68,68,68,68,68,68,73,73,73,73,73,73,73],"card_choices":[{"not_picked":["Sentinel","Wild Strike"],"picked":"Iron Wave","floor":1.0},{"not_picked":["Sentinel","Feel No Pain"],"picked":"Twin Strike","floor":2.0},{"not_picked":["Armaments","Fire Breathing"],"picked":"Perfected Strike","floor":5.0},{"not_picked":["Warcry","Headbutt"],"picked":"Uppercut","floor":6.0},{"not_picked":["Fire Breathing","Power Through"],"picked":"Reaper","floor":10.0},{"not_picked":["Havoc","Twin Strike"],"picked":"Disarm","floor":11.0},{"not_picked":["Clash","Shrug It Off"],"picked":"Flex","floor":12.0},{"not_picked":["Sword Boomerang","Pummel"],"picked":"Limit Break","floor":14.0},{"not_picked":["Fiend Fire","Berserk"],"picked":"Demon Form","floor":16.0},{"not_picked":["Carnage","Pummel"],"picked":"Warcry+1","floor":18.0},{"not_picked":["Iron Wave","Headbutt"],"picked":"Flex","floor":20.0},{"not_picked":["Twin Strike+1","Power Through"],"picked":"Pommel Strike+1","floor":24.0},{"not_picked":["Infernal Blade","Bloodletting"],"picked":"Pummel+1","floor":29.0},{"not_picked":["Entrench","Clothesline+1","Flex"],"picked":"SKIP","floor":30.0},{"not_picked":["Barricade","Fiend Fire+1"],"picked":"Double Tap","floor":33.0},{"not_picked":["Rage","Cleave+1"],"picked":"Shockwave","floor":34},{"not_picked":["Flex+1","Twin Strike+1"],"picked":"Whirlwind+1","floor":35},{"not_picked":["Body Slam+1","Anger+1"],"picked":"Berserk","floor":38}],"player_experience":1532157,"relics_obtained":[{"floor":6.0,"key":"Regal Pillow"},{"floor":10.0,"key":"Whetstone"},{"floor":14.0,"key":"PreservedInsect"},{"floor":24.0,"key":"Molten Egg 2"},{"floor":26.0,"key":"Bag of Preparation"},{"floor":37,"key":"Calipers"}],"event_choices":[{"damage_healed":0.0,"max_hp_gain":0.0,"max_hp_loss":0.0,"gold_gain":0.0,"event_name":"Match and Keep!","player_choice":"1 cards matched","floor":3.0,"gold_loss":0.0,"damage_taken":0.0,"cards_obtained":["Reaper"]},{"damage_healed":0.0,"max_hp_gain":0.0,"max_hp_loss":0.0,"gold_gain":0.0,"event_name":"The Woman in Blue","player_choice":"Bought 1 Potion","floor":19.0,"gold_loss":0.0,"damage_taken":0.0},{"damage_healed":0.0,"max_hp_gain":0.0,"max_hp_loss":0.0,"gold_gain":0.0,"event_name":"The Library","player_choice":"Read","floor":21.0,"gold_loss":0.0,"damage_taken":0.0,"cards_obtained":["Sword Boomerang"]},{"damage_healed":0.0,"max_hp_gain":0.0,"max_hp_loss":0.0,"gold_gain":0.0,"event_name":"Masked Bandits","player_choice":"Paid Fearfully","floor":27.0,"gold_loss":62.0,"damage_taken":0.0},{"damage_healed":0.0,"max_hp_gain":0.0,"max_hp_loss":0.0,"gold_gain":0.0,"event_name":"Back to Basics","player_choice":"Simplicity","floor":28.0,"gold_loss":0.0,"damage_taken":0.0,"cards_upgraded":["Strike_R","Strike_R","Strike_R","Strike_R","Defend_R","Defend_R","Defend_R"]},{"damage_healed":0.0,"max_hp_gain":0.0,"max_hp_loss":0.0,"gold_gain":0.0,"event_name":"Match and Keep!","player_choice":"0 cards matched","floor":31.0,"gold_loss":0.0,"damage_taken":0.0,"cards_obtained":[]},{"damage_healed":0,"gold_gain":0,"player_choice":"Ignored","damage_taken":0,"max_hp_gain":0,"max_hp_loss":0,"event_name":"Tomb of Lord Red Mask","floor":36,"gold_loss":0},{"damage_healed":0,"gold_gain":0,"player_choice":"Fight","damage_taken":0,"max_hp_gain":0,"max_hp_loss":0,"event_name":"Mysterious Sphere","floor":37,"gold_loss":0}],"is_beta":false,"boss_relics":[{"not_picked":["SacredBark","Calling Bell"],"picked":"Coffee Dripper"},{"not_picked":["Runic Cube","Mark of Pain"],"picked":"Tiny House"}],"items_purged_floors":[4],"is_endless":false,"potions_floor_spawned":[1,2,10,14,29,30,33,35],"killed_by":"Transient","ascension_level":17}}