{"host":"zekcc3vicrep0och","time":1609422687,"event":{"mods":["AchievementEnabler","BaseMod","Colored Map","Colored Powertips","Displayed Cursed Tome","Minty Spire (QoL Compilation)","Relic Stats","StSLib"],"gold_per_floor":[109,109,127,142,161,189,189,222,222,236,265,275,275,275,275,347,347,366,57,66,82,82,82,107,107,107,107,107],"floor_reached":27,"playtime":1391,"items_purged":["Decay"],"score":632,"play_id":"919ff904-6455-41f0-81ce-290add82885f","local_time":"20201231165127","is_ascension_mode":true,"campfire_choices":[{"data":"Static Discharge","floor":7.0,"key":"SMITH"},{"floor":13.0,"key":"REST"},{"data":"Double Energy","floor":15.0,"key":"SMITH"},{"data":"Buffer","floor":23.0,"key":"SMITH"},{"data":"Hologram","floor":25,"key":"SMITH"}],"circlet_count":0,"master_deck":["AscendersBane","Strike_B","Strike_B","Strike_B","Strike_B","Defend_B","Defend_B","Defend_B","Defend_B","Zap","Dualcast","Static Discharge+1","Steam","Cold Snap","Lockon","Double Energy+1","Hologram+1","Conserve Battery","Genetic Algorithm","Buffer+1","CurseOfTheBell","Auto Shields","Doom and Gloom","Ball Lightning"],"relics":["Cracked Core","Boot","Strawberry","Bronze Scales","Gremlin Horn","Calling Bell","Turnip","Pantograph","CeramicFish","Orichalcum","Akabeko","Molten Egg 2"],"acts_visited":["Exordium","TheCity"],"potions_floor_usage":[],"damage_taken":[{"damage":1.0,"enemies":"Cultist","floor":1.0,"turns":3.0},{"damage":5.0,"enemies":"Small Slimes","floor":3.0,"turns":3.0},{"damage":3.0,"enemies":"2 Louse","floor":4.0,"turns":2.0},{"damage":11.0,"enemies":"Blue Slaver","floor":5.0,"turns":4.0},{"damage":5.0,"enemies":"Lagavulin","floor":6.0,"turns":7.0},{"damage":18.0,"enemies":"Gremlin Nob","floor":8.0,"turns":4.0},{"damage":13.0,"enemies":"Exordium Thugs","floor":10.0,"turns":4.0},{"damage":11.0,"enemies":"Lagavulin","floor":11.0,"turns":5.0},{"damage":0.0,"enemies":"3 Louse","floor":12.0,"turns":4.0},{"damage":26.0,"enemies":"Slime Boss","floor":16.0,"turns":9.0},{"damage":20.0,"enemies":"Spheric Guardian","floor":18.0,"turns":7.0},{"damage":28.0,"enemies":"Chosen","floor":21.0,"turns":4.0},{"damage":49,"enemies":"Gremlin Leader","floor":24,"turns":7},{"damage":39,"enemies":"Book of Stabbing","floor":27,"turns":6}],"seed_played":"368263514744477988","potions_obtained":[{"floor":1.0,"key":"DistilledChaos"},{"floor":3.0,"key":"Dexterity Potion"},{"floor":8.0,"key":"LiquidBronze"},{"floor":12.0,"key":"SteroidPotion"},{"floor":16.0,"key":"FearPotion"},{"floor":18.0,"key":"Regen Potion"}],"is_trial":false,"path_per_floor":["M","?","M","M","M","E","R","E","T","M","E","M","R","?","R","B",null,"M","$","?","M","?","R","E","R","T","E"],"character_chosen":"DEFECT","items_purchased":["Orichalcum","Doom and Gloom"],"campfire_rested":1,"item_purchase_floors":[19,19],"current_hp_per_floor":[63,63,58,55,44,39,39,28,28,15,4,4,27,27,27,1,59,39,39,39,25,88,88,39,39,39,0,0],"gold":107,"neow_bonus":"ONE_RANDOM_RARE_CARD","is_daily":false,"chose_seed":false,"campfire_upgraded":4,"win_rate":0.0,"timestamp":1609422687,"path_taken":["M","?","M","M","M","E","R","E","T","?","E","M","R","?","R","BOSS","M","$","?","M","?","R","E","R","T","E"],"items_purchased_type":["Relic","Card"],"build_version":"2020-12-22","purchased_purges":1,"victory":false,"max_hp_per_floor":[71,71,71,71,71,71,71,78,78,78,78,78,78,78,78,78,78,78,78,78,78,88,88,88,88,88,88,88],"relic_stats":{"Gremlin Horn":[11,11],"counters":[14,69],"Bronze Scales":[124],"Pantograph":0,"CeramicFish":27,"Turnip":[5],"Orichalcum":[30],"Boot":[23],"obtain_stats":[{"Calling Bell":17,"Gremlin Horn":11,"Strawberry":8,"Bronze Scales":9,"Pantograph":17,"CeramicFish":17,"Molten Egg 2":26,"Turnip":17,"Orichalcum":19,"Cracked Core":0,"Boot":6,"Akabeko":24},{"Calling Bell":10,"Gremlin Horn":8,"Strawberry":6,"Bronze Scales":6,"Pantograph":10,"CeramicFish":10,"Molten Egg 2":13,"Turnip":10,"Orichalcum":11,"Cracked Core":0,"Boot":5,"Akabeko":13},{"Calling Bell":45,"Gremlin Horn":32,"Strawberry":23,"Bronze Scales":23,"Pantograph":45,"CeramicFish":45,"Molten Egg 2":63,"Turnip":45,"Orichalcum":52,"Cracked Core":0,"Boot":19,"Akabeko":63}]},"card_choices":[{"not_picked":["Double Energy","Stack"],"picked":"Static Discharge","floor":1.0},{"not_picked":["Coolheaded","Stack"],"picked":"Steam","floor":3.0},{"not_picked":["Turbo","Creative AI","Steam Power"],"picked":"SKIP","floor":4.0},{"not_picked":["Compile Driver","Rebound"],"picked":"Cold Snap","floor":5.0},{"not_picked":["Redo","Rebound"],"picked":"Lockon","floor":6.0},{"not_picked":["Redo","Streamline"],"picked":"Double Energy","floor":8.0},{"not_picked":["Creative AI","Beam Cell"],"picked":"Hologram","floor":10.0},{"not_picked":["Skim","Rip and Tear"],"picked":"Conserve Battery","floor":11.0},{"not_picked":["Stack","Go for the Eyes"],"picked":"Genetic Algorithm","floor":12.0},{"not_picked":["Reboot","Creative AI"],"picked":"Buffer","floor":16.0},{"not_picked":["Aggregate","Coolheaded"],"picked":"Auto Shields","floor":18.0},{"not_picked":["Loop","Gash","Stack"],"picked":"SKIP","floor":21.0},{"not_picked":["Rebound","Leap","Streamline"],"picked":"SKIP","floor":24}],"player_experience":480051,"relics_obtained":[{"floor":6.0,"key":"Boot"},{"floor":8.0,"key":"Strawberry"},{"floor":9.0,"key":"Bronze Scales"},{"floor":11.0,"key":"Gremlin Horn"},{"floor":17.0,"key":"Turnip"},{"floor":17.0,"key":"Pantograph"},{"floor":17.0,"key":"CeramicFish"},{"floor":24,"key":"Akabeko"},{"floor":26,"key":"Molten Egg 2"}],"event_choices":[{"damage_healed":0.0,"max_hp_gain":0.0,"max_hp_loss":0.0,"gold_gain":0.0,"event_name":"Wheel of Change","player_choice":"Cursed","floor":2.0,"gold_loss":0.0,"damage_taken":0.0,"cards_obtained":["Decay"]},{"damage_healed":0.0,"max_hp_gain":0.0,"max_hp_loss":0.0,"gold_gain":0.0,"event_name":"Golden Idol","player_choice":"Ignored","floor":14.0,"gold_loss":0.0,"damage_taken":0.0},{"damage_healed":0.0,"max_hp_gain":0.0,"max_hp_loss":0.0,"gold_gain":0.0,"event_name":"The Library","player_choice":"Read","floor":20.0,"gold_loss":0.0,"damage_taken":0.0,"cards_obtained":["Ball Lightning"]},{"cards_removed":["Reboot"],"damage_healed":53.0,"max_hp_gain":10.0,"max_hp_loss":0.0,"gold_gain":0.0,"event_name":"Bonfire Elementals","player_choice":"Offered Rare","floor":22.0,"gold_loss":0.0,"damage_taken":0.0}],"is_beta":false,"boss_relics":[{"not_picked":["Black Star","SlaversCollar"],"picked":"Calling Bell"}],"items_purged_floors":[19],"is_endless":false,"potions_floor_spawned":[1,3,8,12,16,18],"killed_by":"Book of Stabbing","ascension_level":16}}