{"host":"nlowmoq7gy18n72d","time":1609432517,"event":{"mods":["BaseMod","Conspire","Downfall","Hermit","Infinite Spire","Jorbs\u0027s Wanderer Trilogy","Minty Spire (QoL Compilation)","Replay The Spire","StSLib","The Cursed"],"gold_per_floor":[99,114,114,134,150,175,175,100,127,127,127,148,182,209,220,220,220,220],"floor_reached":16,"playtime":591,"items_purged":[],"score":160,"play_id":"1d876b88-27d2-4963-b3a1-90c094de8a79","local_time":"20201231193517","is_ascension_mode":true,"campfire_choices":[{"floor":1,"key":"RECALL"},{"data":"champ:Control","floor":8,"key":"SMITH"}],"circlet_count":0,"master_deck":["champ:Strike","champ:Strike","champ:Strike","champ:Strike","champ:Defend","champ:Defend","champ:Defend","champ:Defend","champ:Execute","champ:Taunt","Spreading Infection","champ:EnchantSword+1","champ:Control+1","champ:ShieldWall","champ:BerserkerStyle","champ:HoldFirm+1","champ:ArenaPreparation","champ:AdrenalArmor","champ:Backstep","champ:CheapShot"],"relics":["champ:ChampionCrown","ReplayTheSpireMod:Shallot","CeramicFish","downfall:HeartBlessingRed","Pantograph","Smiling Mask"],"acts_visited":["Exordium"],"potions_floor_usage":[6,9],"damage_taken":[{"damage":11,"enemies":"Cultist","floor":2,"turns":4},{"damage":1,"enemies":"Small Slimes","floor":4,"turns":4},{"damage":4,"enemies":"Jaw Worm","floor":5,"turns":5},{"damage":69,"enemies":"3 Sentries","floor":6,"turns":8},{"damage":16,"enemies":"Lots of Slimes","floor":9,"turns":5},{"damage":27,"enemies":"Gremlin Gang","floor":12,"turns":4},{"damage":31,"enemies":"Lagavulin","floor":13,"turns":8},{"damage":15,"enemies":"Red Slaver","floor":14,"turns":3},{"damage":26,"enemies":"Lots of Slimes","floor":15,"turns":4},{"damage":44,"enemies":"downfall:Defect","floor":16,"turns":4}],"seed_played":"-5387437626924256024","potions_obtained":[{"floor":4,"key":"SkillPotion"},{"floor":5,"key":"DistilledChaos"},{"floor":6,"key":"SmokeBomb"},{"floor":9,"key":"SpeedPotion"}],"is_trial":false,"path_per_floor":["R","M","?","M","M","E","T","R","M","?","T","M","E","M","M","B"],"character_chosen":"THE_CHAMP","items_purchased":[],"campfire_rested":0,"item_purchase_floors":[],"current_hp_per_floor":[90,84,84,83,79,34,34,34,28,28,28,28,28,28,17,0,0,0],"gold":220,"neow_bonus":"THREE_RARE_CARDS","is_daily":false,"chose_seed":false,"campfire_upgraded":1,"win_rate":0.0,"timestamp":1609432517,"path_taken":["R","M","?","M","M","E","T","R","?","?","?","M","E","?","M","BOSS"],"items_purchased_type":[],"build_version":"2020-12-22","purchased_purges":0,"victory":false,"max_hp_per_floor":[90,90,90,90,90,90,90,90,90,90,90,90,90,90,90,90,90,90],"card_choices":[{"not_picked":["champ:HeavySlash","champ:StrikeOfGenius"],"picked":"champ:EnchantSword","floor":0},{"not_picked":["champ:GladiatorsShout","champ:StanceDance"],"picked":"champ:Control","floor":2},{"not_picked":["champ:BringItOn","champ:FocusedBerserking"],"picked":"champ:ShieldWall","floor":4},{"not_picked":["champ:GladiatorsShout","champ:FanOfKnives"],"picked":"champ:BerserkerStyle","floor":5},{"not_picked":["champ:StanceDance","champ:Circumvent"],"picked":"champ:HoldFirm","floor":6},{"not_picked":["champ:HeartStrike","champ:Backstep"],"picked":"champ:ArenaPreparation","floor":9},{"not_picked":["champ:Lariat","champ:Circumvent"],"picked":"champ:AdrenalArmor","floor":12},{"not_picked":["champ:FlashCut","champ:StanceDance"],"picked":"champ:Backstep","floor":13},{"not_picked":["champ:Encircle","champ:BladeFlurry"],"picked":"champ:CheapShot","floor":14},{"not_picked":["champ:FanOfKnives","champ:RapidStrikes","champ:BladeFlurry"],"picked":"SKIP","floor":15}],"player_experience":618509,"relics_obtained":[{"floor":6,"key":"ReplayTheSpireMod:Shallot"},{"floor":7,"key":"CeramicFish"},{"floor":11,"key":"Pantograph"},{"floor":13,"key":"Smiling Mask"}],"event_choices":[{"damage_healed":0,"gold_gain":0,"player_choice":"Upgraded","damage_taken":0,"max_hp_gain":0,"max_hp_loss":0,"event_name":"Upgrade Shrine","floor":3,"gold_loss":0,"cards_upgraded":["champ:EnchantSword"]},{"damage_healed":0,"gold_gain":0,"player_choice":"Grow","damage_taken":0,"max_hp_gain":0,"max_hp_loss":0,"event_name":"Living Wall","floor":10,"gold_loss":0,"cards_upgraded":["champ:HoldFirm"]}],"is_beta":false,"boss_relics":[],"items_purged_floors":[],"is_endless":false,"potions_floor_spawned":[4,5,6,9],"killed_by":"downfall:Defect","ascension_level":3}}