{"host":"tcbcu0e72zetwacg","time":1609432176,"event":{"mods":["AchievementEnabler","BaseMod","Downfall","Minty Spire (QoL Compilation)","StSLib"],"gold_per_floor":[99,112,112,112,128,32,56,6,21,41,41,68,87,104,114,114,114,114],"floor_reached":16,"playtime":821,"items_purged":[],"score":104,"play_id":"0fc13320-d318-47eb-9fc6-f6ccf00f05c8","local_time":"20201231182936","is_ascension_mode":false,"campfire_choices":[{"data":"Slimebound:CorrosiveSpit","floor":1,"key":"SMITH"},{"data":"Slimebound:FirmFortitude","floor":8,"key":"SMITH"}],"circlet_count":0,"master_deck":["Slimebound:Strike_Slimebound","Slimebound:Strike_Slimebound","Slimebound:Strike_Slimebound","Slimebound:Tackle","Slimebound:Defend_Slimebound","Slimebound:Defend_Slimebound","Slimebound:Defend_Slimebound","Slimebound:Defend_Slimebound","Slimebound:Split","Slimebound:CorrosiveSpit+1","Slimebound:FirmFortitude+1","Slimebound:HauntingLick","Slimebound:LeadByExample","Slimebound:OozeBath","Slimebound:ProtectTheBoss"],"relics":["Slimebound:AbsorbEndCombat","Slimebound:GreedOozeRelic","Toy Ornithopter","Incense Burner","Potion Belt"],"acts_visited":["Exordium"],"potions_floor_usage":[14],"damage_taken":[{"damage":8,"enemies":"Cultist","floor":2,"turns":4},{"damage":5,"enemies":"Jaw Worm","floor":5,"turns":4},{"damage":5,"enemies":"downfall:FleeingMerchant","floor":6,"turns":4},{"damage":12,"enemies":"Small Slimes","floor":9,"turns":3},{"damage":7,"enemies":"Blue Slaver","floor":10,"turns":3},{"damage":38,"enemies":"3 Sentries","floor":12,"turns":6},{"damage":20,"enemies":"Exordium Thugs","floor":13,"turns":3},{"damage":4,"enemies":"Exordium Wildlife","floor":14,"turns":5},{"damage":8,"enemies":"Lots of Slimes","floor":15,"turns":5},{"damage":28,"enemies":"downfall:Defect","floor":16,"turns":4}],"seed_played":"357348098657289587","potions_obtained":[{"floor":5,"key":"Block Potion"},{"floor":9,"key":"sneckomod:MuddlingPotion"},{"floor":14,"key":"Swift Potion"},{"floor":15,"key":"Strength Potion"}],"is_trial":false,"path_per_floor":["R","M","?","?","M","$","T","R","M","M","T","E","M","M","M","B"],"character_chosen":"SLIMEBOUND","items_purchased":["Slimebound:LeadByExample"],"campfire_rested":0,"item_purchase_floors":[6],"current_hp_per_floor":[66,62,62,62,62,63,63,63,57,52,52,20,4,11,17,0,0,0],"gold":114,"neow_bonus":"TEN_PERCENT_HP_BONUS","is_daily":false,"chose_seed":false,"campfire_upgraded":2,"win_rate":0.0,"timestamp":1609432176,"path_taken":["R","?","?","?","M","$","T","R","M","M","?","E","?","M","M","BOSS"],"items_purchased_type":["Card"],"build_version":"2020-12-22","purchased_purges":0,"victory":false,"max_hp_per_floor":[66,66,66,66,66,66,66,66,66,66,66,66,66,66,66,66,66,66],"card_choices":[{"not_picked":["Slimebound:SplitAcid","Slimebound:ForwardTackle"],"picked":"Slimebound:FirmFortitude","floor":2},{"not_picked":["Slimebound:FirmFortitude","Slimebound:LeechingTouch","Slimebound:GrowthPunch"],"picked":"SKIP","floor":5},{"not_picked":["Slimebound:Schlurp","Slimebound:GrowthPunch"],"picked":"Slimebound:HauntingLick","floor":6},{"not_picked":["Slimebound:SplitBruiser","Slimebound:GrowthPunch","Slimebound:LivingWall"],"picked":"SKIP","floor":9},{"not_picked":["Slimebound:MegaLick","Slimebound:Equalize"],"picked":"Slimebound:OozeBath","floor":10},{"not_picked":["Slimebound:SplitMire","Slimebound:GoopSpray"],"picked":"Slimebound:ProtectTheBoss","floor":12},{"not_picked":["Slimebound:SlimeBrawl","Slimebound:SplitAcid","Slimebound:ItLooksTasty"],"picked":"SKIP","floor":13},{"not_picked":["Slimebound:FlameTackle","Slimebound:GrowthPunch","Slimebound:SplitLeeching"],"picked":"SKIP","floor":14},{"not_picked":["Slimebound:Dissolve","Slimebound:MassFeed","Slimebound:SplitLeeching"],"picked":"SKIP","floor":15}],"player_experience":233021,"relics_obtained":[{"floor":7,"key":"Toy Ornithopter"},{"floor":11,"key":"Incense Burner"},{"floor":12,"key":"Potion Belt"}],"event_choices":[],"is_beta":false,"boss_relics":[],"items_purged_floors":[],"is_endless":false,"potions_floor_spawned":[5,9,14,15],"killed_by":"downfall:Defect","ascension_level":0}}