{"host":"hwrdjx5eod2cxh09","time":1609408862,"event":{"mods":["AchievementEnabler","BaseMod","Bestiary","Minty Spire (QoL Compilation)","Relic Stats"],"gold_per_floor":[111,111,125,145,145,175,191,191,191,209,239,239,3,19,19,122,122,141,158,172,182,182,182,194,194,194,209,209,220,255,265,265,265,265],"floor_reached":33,"playtime":1892,"items_purged":[],"score":283,"play_id":"3fd1cbdf-16b4-423a-8cea-748d046f7a87","local_time":"20201231190102","is_ascension_mode":false,"campfire_choices":[{"data":"Dualcast","floor":8.0,"key":"SMITH"},{"data":"Glacier","floor":12.0,"key":"SMITH"},{"floor":15.0,"key":"REST"},{"floor":23,"key":"REST"},{"floor":25,"key":"REST"},{"floor":32,"key":"REST"}],"circlet_count":0,"master_deck":["Strike_B+1","Defend_B","Defend_B","Defend_B","Defend_B","Zap+1","Dualcast+1","Beam Cell","Glacier+1","Ball Lightning+1","Sweeping Beam","Glacier","Cold Snap","Capacitor","Echo Form","Hologram","Seek","Conserve Battery+1","Tempest","Leap+1","Core Surge","Go for the Eyes","Machine Learning","Steam"],"relics":["Cracked Core","Juzu Bracelet","Turnip","Dream Catcher","Anchor","Nuclear Battery","Singing Bowl","Whetstone"],"acts_visited":["Exordium","TheCity"],"potions_floor_usage":[27,30,31],"damage_taken":[{"damage":3.0,"enemies":"Small Slimes","floor":1.0,"turns":4.0},{"damage":7.0,"enemies":"2 Louse","floor":3.0,"turns":2.0},{"damage":2.0,"enemies":"Jaw Worm","floor":4.0,"turns":5.0},{"damage":4.0,"enemies":"3 Sentries","floor":6.0,"turns":8.0},{"damage":8.0,"enemies":"Exordium Wildlife","floor":7.0,"turns":5.0},{"damage":8.0,"enemies":"3 Louse","floor":10.0,"turns":3.0},{"damage":6.0,"enemies":"Lagavulin","floor":11.0,"turns":6.0},{"damage":0.0,"enemies":"2 Fungi Beasts","floor":14.0,"turns":3.0},{"damage":42.0,"enemies":"Slime Boss","floor":16.0,"turns":11.0},{"damage":0,"enemies":"Spheric Guardian","floor":18,"turns":4},{"damage":13,"enemies":"2 Thieves","floor":19,"turns":4},{"damage":16,"enemies":"Snake Plant","floor":20,"turns":6},{"damage":34,"enemies":"Cultist and Chosen","floor":21,"turns":9},{"damage":18,"enemies":"Chosen and Byrds","floor":24,"turns":9},{"damage":6,"enemies":"Snecko","floor":27,"turns":5},{"damage":15,"enemies":"Shelled Parasite and Fungi","floor":29,"turns":8},{"damage":11,"enemies":"Book of Stabbing","floor":30,"turns":8},{"damage":6,"enemies":"3 Cultists","floor":31,"turns":5},{"damage":13,"enemies":"Automaton","floor":33,"turns":5}],"seed_played":"-6037958063011378677","potions_obtained":[{"floor":0.0,"key":"EssenceOfDarkness"},{"floor":0.0,"key":"LiquidMemories"},{"floor":0.0,"key":"Weak Potion"},{"floor":3.0,"key":"SteroidPotion"},{"floor":6.0,"key":"FearPotion"},{"floor":14.0,"key":"PowerPotion"},{"floor":16.0,"key":"FocusPotion"},{"floor":30,"key":"DistilledChaos"},{"floor":31,"key":"EssenceOfSteel"}],"is_trial":false,"path_per_floor":["M","?","M","M","?","E","M","R","T","M","E","R","$","M","R","B",null,"M","M","M","M","?","R","M","R","T","M","?","M","E","M","R","B"],"character_chosen":"DEFECT","items_purchased":["Capacitor","Anchor"],"campfire_rested":4,"item_purchase_floors":[13,13],"current_hp_per_floor":[72,69,62,60,60,56,48,48,48,40,34,34,34,34,56,14,75,75,62,46,12,12,34,16,38,38,34,34,19,10,6,30,17,17],"gold":265,"neow_bonus":"THREE_SMALL_POTIONS","is_daily":false,"chose_seed":false,"campfire_upgraded":2,"win_rate":0.0,"timestamp":1609408862,"path_taken":["M","?","M","M","?","E","M","R","T","M","E","R","?","M","R","BOSS","M","M","M","M","?","R","M","R","T","M","?","M","E","M","R","BOSS"],"items_purchased_type":["Card","Relic"],"build_version":"2020-12-22","purchased_purges":0,"victory":false,"max_hp_per_floor":[75,75,75,75,75,75,75,75,75,75,75,75,75,75,75,75,75,75,75,75,75,75,75,75,75,75,77,77,77,79,81,81,81,81],"relic_stats":{"Dream Catcher":4,"Singing Bowl":6,"counters":[19,110],"Turnip":[18],"Juzu Bracelet":0,"Whetstone":["Ball Lightning","Strike_B"],"obtain_stats":[{"Dream Catcher":11,"Anchor":13,"Singing Bowl":26,"Turnip":6,"Juzu Bracelet":2,"Whetstone":30,"Cracked Core":0,"Nuclear Battery":17},{"Dream Catcher":7,"Anchor":7,"Singing Bowl":14,"Turnip":4,"Juzu Bracelet":1,"Whetstone":17,"Cracked Core":0,"Nuclear Battery":9},{"Dream Catcher":33,"Anchor":33,"Singing Bowl":79,"Turnip":19,"Juzu Bracelet":4,"Whetstone":100,"Cracked Core":0,"Nuclear Battery":47}]},"card_choices":[{"not_picked":["Streamline","Redo"],"picked":"Beam Cell","floor":1.0},{"not_picked":["BootSequence","Cold Snap"],"picked":"Glacier","floor":3.0},{"not_picked":["Double Energy","Hello World"],"picked":"Ball Lightning","floor":4.0},{"not_picked":["Meteor Strike","Hologram"],"picked":"Sweeping Beam","floor":6.0},{"not_picked":["Recycle","Conserve Battery"],"picked":"Glacier","floor":7.0},{"not_picked":["Turbo","Self Repair"],"picked":"Cold Snap","floor":10.0},{"not_picked":["Sweeping Beam","Cold Snap","Melter"],"picked":"SKIP","floor":11.0},{"not_picked":["Beam Cell","Turbo","Go for the Eyes"],"picked":"SKIP","floor":14.0},{"not_picked":["All For One","Thunder Strike"],"picked":"Echo Form","floor":16.0},{"not_picked":["Stack","Sweeping Beam","Static Discharge"],"picked":"SKIP","floor":18},{"not_picked":["Doom and Gloom","Compile Driver","Steam Power+1"],"picked":"SKIP","floor":19},{"not_picked":["Cold Snap","Compile Driver"],"picked":"Hologram","floor":20},{"not_picked":["Turbo","Streamline+1"],"picked":"Seek","floor":21},{"not_picked":["Heatsinks+1","Cold Snap"],"picked":"Conserve Battery+1","floor":23},{"not_picked":["Leap","Reinforced Body+1"],"picked":"Tempest","floor":24},{"not_picked":["Steam","Rebound"],"picked":"Leap+1","floor":25},{"not_picked":["Sweeping Beam","FTL","Hologram"],"picked":"Singing Bowl","floor":27},{"not_picked":["Beam Cell+1","Gash"],"picked":"Machine Learning","floor":29},{"not_picked":["Steam","Hyperbeam","Leap"],"picked":"Singing Bowl","floor":30},{"not_picked":["Auto Shields","Hologram+1","Gash"],"picked":"Singing Bowl","floor":31},{"not_picked":["Barrage","Go for the Eyes"],"picked":"Steam","floor":32}],"player_experience":117108,"relics_obtained":[{"floor":6.0,"key":"Turnip"},{"floor":11.0,"key":"Dream Catcher"},{"floor":26,"key":"Singing Bowl"},{"floor":30,"key":"Whetstone"}],"event_choices":[{"damage_healed":0.0,"max_hp_gain":0.0,"max_hp_loss":0.0,"gold_gain":0.0,"event_name":"Scrap Ooze","player_choice":"Success","floor":2.0,"gold_loss":0.0,"damage_taken":3.0,"relics_obtained":["Juzu Bracelet"]},{"damage_healed":0.0,"max_hp_gain":0.0,"max_hp_loss":0.0,"gold_gain":0.0,"event_name":"Living Wall","player_choice":"Grow","floor":5.0,"gold_loss":0.0,"damage_taken":0.0,"cards_upgraded":["Zap"]},{"cards_removed":["Strike_B"],"damage_healed":0,"gold_gain":0,"player_choice":"Elegance","damage_taken":0,"max_hp_gain":0,"max_hp_loss":0,"event_name":"Back to Basics","floor":22,"gold_loss":0},{"damage_healed":0,"gold_gain":0,"cards_transformed":["Strike_B","Strike_B"],"player_choice":"Became Test Subject","damage_taken":0,"max_hp_gain":0,"max_hp_loss":0,"event_name":"Drug Dealer","floor":28,"gold_loss":0,"cards_obtained":["Core Surge","Go for the Eyes"]}],"is_beta":false,"boss_relics":[{"not_picked":["Coffee Dripper","Runic Dome"],"picked":"Nuclear Battery"}],"items_purged_floors":[],"is_endless":false,"potions_floor_spawned":[3,4,6,14,16,21,24,30,31],"killed_by":"Automaton","ascension_level":0}}