{"host":"08xvxt5w1s7zc7e5","time":1609385190,"event":{"mods":["BaseMod","Minty Spire (QoL Compilation)","StSLib","SuperFastMode"],"gold_per_floor":[109,109,109,66,87,121,155,155,225,249,268,282,233,256,256,346,346,366,321,321],"floor_reached":19,"playtime":329,"items_purged":[],"score":349,"play_id":"607adf4e-d4b6-4496-9075-46f3082b5a2a","local_time":"20201231122630","is_ascension_mode":true,"campfire_choices":[{"data":"Eruption","floor":8,"key":"SMITH"},{"floor":15,"key":"REST"}],"circlet_count":0,"master_deck":["AscendersBane","Strike_P","Strike_P","Strike_P","Strike_P","Defend_P","Defend_P","Defend_P","Defend_P","Eruption+1","Vigilance","FollowUp","Adaptation","Vault","EmptyFist+1","InnerPeace","FlurryOfBlows+1","DeusExMachina","InnerPeace"],"relics":["PureWater","NeowsBlessing","Golden Idol","Molten Egg 2","Odd Mushroom","Bottled Lightning","Philosopher\u0027s Stone"],"acts_visited":["Exordium","TheCity"],"potions_floor_usage":[7,16,16],"damage_taken":[{"damage":0,"enemies":"Jaw Worm","floor":1,"turns":1},{"damage":0,"enemies":"Small Slimes","floor":5,"turns":1},{"damage":0,"enemies":"Lagavulin","floor":6,"turns":1},{"damage":4,"enemies":"The Mushroom Lair","floor":7,"turns":3},{"damage":0,"enemies":"Cultist","floor":10,"turns":3},{"damage":20,"enemies":"3 Louse","floor":11,"turns":4},{"damage":2,"enemies":"Large Slime","floor":12,"turns":3},{"damage":0,"enemies":"Blue Slaver","floor":14,"turns":2},{"damage":25,"enemies":"Hexaghost","floor":16,"turns":9},{"damage":6,"enemies":"Chosen","floor":18,"turns":5},{"damage":50,"enemies":"2 Thieves","floor":19,"turns":3}],"seed_played":"1491762549414124458","potions_obtained":[{"floor":1,"key":"Explosive Potion"},{"floor":5,"key":"Weak Potion"},{"floor":14,"key":"Weak Potion"},{"floor":16,"key":"Ancient Potion"}],"is_trial":false,"path_per_floor":["M","?","?","$","M","E","?","R","T","M","M","M","?","M","R","B",null,"M","M"],"character_chosen":"WATCHER","items_purchased":["Adaptation"],"campfire_rested":1,"item_purchase_floors":[4],"current_hp_per_floor":[61,38,38,38,38,38,34,34,34,34,14,12,12,12,32,7,53,47,0,0],"gold":321,"neow_bonus":"THREE_ENEMY_KILL","is_daily":false,"chose_seed":false,"campfire_upgraded":1,"win_rate":0.0,"timestamp":1609385190,"path_taken":["M","?","?","$","M","E","?","R","T","M","M","M","?","M","R","BOSS","M","M"],"items_purchased_type":["Card"],"build_version":"2020-12-22","purchased_purges":0,"victory":false,"max_hp_per_floor":[68,68,68,68,68,68,68,68,68,68,68,68,68,68,68,68,68,68,68,68],"card_choices":[{"not_picked":["WheelKick","Halt"],"picked":"FollowUp","floor":1},{"not_picked":["SandsOfTime","ClearTheMind","Protect"],"picked":"SKIP","floor":5},{"not_picked":["WindmillStrike+1","LikeWater"],"picked":"Vault","floor":6},{"not_picked":["Pray","LikeWater"],"picked":"EmptyFist+1","floor":7},{"not_picked":["CutThroughFate+1","DeceiveReality"],"picked":"InnerPeace","floor":10},{"not_picked":["EmptyFist+1","PathToVictory"],"picked":"FlurryOfBlows+1","floor":11},{"not_picked":["BowlingBash+1","CutThroughFate+1"],"picked":"DeusExMachina","floor":12},{"not_picked":["ClearTheMind","SashWhip+1"],"picked":"InnerPeace","floor":14},{"not_picked":["ThirdEye","Wallop+1","Crescendo"],"picked":"SKIP","floor":18}],"player_experience":228260,"relics_obtained":[{"floor":6,"key":"Molten Egg 2"},{"floor":7,"key":"Odd Mushroom"},{"floor":9,"key":"Bottled Lightning"}],"event_choices":[{"damage_healed":0,"gold_gain":0,"player_choice":"Take Damage","damage_taken":23,"relics_obtained":["Golden Idol"],"max_hp_gain":0,"max_hp_loss":0,"event_name":"Golden Idol","floor":2,"gold_loss":0},{"damage_healed":0,"gold_gain":0,"player_choice":"Ignored","damage_taken":0,"max_hp_gain":0,"max_hp_loss":0,"event_name":"Liars Game","floor":3,"gold_loss":0},{"damage_healed":0,"gold_gain":0,"player_choice":"Fought Mushrooms","damage_taken":0,"max_hp_gain":0,"max_hp_loss":0,"event_name":"Mushrooms","floor":7,"gold_loss":0},{"damage_healed":0,"gold_gain":0,"player_choice":"Left Gold","damage_taken":0,"max_hp_gain":0,"max_hp_loss":0,"event_name":"World of Goop","floor":13,"gold_loss":49}],"is_beta":false,"boss_relics":[{"not_picked":["Black Star","Pandora\u0027s Box"],"picked":"Philosopher\u0027s Stone"}],"items_purged_floors":[],"is_endless":false,"potions_floor_spawned":[1,5,14,16],"killed_by":"2 Thieves","ascension_level":16}}