{"host":"jzehok24c0182h89","time":1609444447,"event":{"mods":["Bard","BaseMod","Colored Map","Colored Powertips","Downfall","Hermit","Marisa????????","Minty Spire (QoL Compilation)","Random Character Button","Shade Mod","StSLib","The Alterego","The Blackbeard","The Bug Knight","The Construct","The Cursed","The Disciple","The Hierophant","The Necromancer","The Servant 0.9.4"],"gold_per_floor":[112,15,28,43,60,88,38,38,64,64,74,106,106,139,139,238,238,251,265,279,35,49,49,82,94,106,143,155,185,231,35,35,135,135,146,166,166,166,220,252,252,277,301,328,328,55,55,66,66,66,66,66,1,34,34],"floor_reached":56,"playtime":3858,"items_purged":["Shade:Strike_Shade","Shade:Defend_Shade","Shade:Defend_Shade"],"score":1678,"play_id":"03eb21a5-103c-4248-b9aa-b5df31457ac8","local_time":"20201231145407","is_ascension_mode":true,"campfire_choices":[{"data":"Shade:SensePrey","floor":8,"key":"SMITH"},{"data":"Shade:WallOfFlesh","floor":10,"key":"SMITH"},{"data":"Shade:Carnophage","floor":15,"key":"SMITH"},{"data":"Shade:OfferingToTheBeyond","floor":23,"key":"SMITH"},{"data":"Shade:FleshToFlesh","floor":25,"key":"SMITH"},{"data":"Shade:LoseControl","floor":32,"key":"SMITH"},{"data":"expansioncontent:DecasProtection","floor":41,"key":"SMITH"},{"data":"Shade:Coordination","floor":47,"key":"SMITH"},{"floor":49,"key":"RECALL"},{"data":"Shade:MadHubris","floor":52,"key":"SMITH"}],"circlet_count":0,"master_deck":["Shade:Defend_Shade","Shade:Defend_Shade","Shade:AnimateDead","Shade:CarefulCut","Shade:SensePrey+1","Shade:GraveStillness","Shade:WallOfFlesh+1","Shade:PoundOfFlesh","Shade:CloudOfShrapnel","Shade:Brains","Shade:FleshToFlesh+1","Shade:AblativeArmor","Shade:Consume","Shade:Carnophage+1","Shade:OfferingToTheBeyond+1","Shade:SkeletonArmy+1","Shade:AuraOfUnlife+1","Shade:FeralStrike+1","Shade:Brains","Shade:DangerousRitual","Shade:Premonition+1","Shade:Frenzy","Shade:Carnophage","Shade:LoseControl+1","Shade:MadHubris+1","Shade:FreshBones","expansioncontent:DecasProtection+1","expansioncontent:StudyTheSpire","Shade:Carnophage+1","Shade:Brains+1","Shade:Coordination+1","Shade:WallOfFlesh","Shade:CallOfTheGrave","Shade:FleshOffering","Shade:SkeletonArmy+1"],"relics":["Coffee Dripper","Centennial Puzzle","Regal Pillow","Bag of Marbles","Bird Faced Urn","Astrolabe","ClockworkSouvenir","MawBank","The Courier","Pen Nib","Bottled Flame","Velvet Choker","Unceasing Top","Matryoshka","Sundial","PreservedInsect","Ancient Tea Set","Blood Vial","Bronze Scales","Oddly Smooth Stone"],"acts_visited":["Exordium","TheCity","TheBeyond","TheEnding"],"potions_floor_usage":[20,44,55,55,55],"damage_taken":[{"damage":0,"enemies":"Cultist","floor":1,"turns":3},{"damage":0,"enemies":"2 Louse","floor":3,"turns":2},{"damage":0,"enemies":"Jaw Worm","floor":4,"turns":3},{"damage":2,"enemies":"Large Slime","floor":5,"turns":9},{"damage":0,"enemies":"Lagavulin","floor":6,"turns":7},{"damage":0,"enemies":"Red Slaver","floor":11,"turns":3},{"damage":0,"enemies":"HollowMod:MossKnight","floor":12,"turns":25},{"damage":0,"enemies":"3 Sentries","floor":14,"turns":5},{"damage":0,"enemies":"Hexaghost","floor":16,"turns":14},{"damage":0,"enemies":"Chosen","floor":18,"turns":5},{"damage":0,"enemies":"3 Byrds","floor":19,"turns":4},{"damage":0,"enemies":"Shelled Parasite and Fungi","floor":20,"turns":3},{"damage":0,"enemies":"Sentry and Sphere","floor":22,"turns":3},{"damage":0,"enemies":"HollowMod:Nosk","floor":24,"turns":7},{"damage":0,"enemies":"Slavers","floor":27,"turns":2},{"damage":5,"enemies":"Centurion and Healer","floor":29,"turns":8},{"damage":0,"enemies":"HollowMod:Nosk","floor":30,"turns":5},{"damage":0,"enemies":"Collector","floor":33,"turns":13},{"damage":0,"enemies":"Orb Walker","floor":35,"turns":3},{"damage":0,"enemies":"3 Darklings","floor":36,"turns":1},{"damage":4,"enemies":"2 Orb Walkers","floor":39,"turns":3},{"damage":42,"enemies":"Nemesis","floor":40,"turns":7},{"damage":8,"enemies":"Giant Head","floor":42,"turns":10},{"damage":23,"enemies":"Nemesis","floor":44,"turns":3},{"damage":2,"enemies":"Sphere and 2 Shapes","floor":48,"turns":7},{"damage":13,"enemies":"Time Eater","floor":50,"turns":17},{"damage":1,"enemies":"Shield and Spear","floor":54,"turns":6},{"damage":0,"enemies":"The Heart","floor":55,"turns":11}],"seed_played":"-4309133453440282083","potions_obtained":[{"floor":3,"key":"champ:CounterPotion"},{"floor":6,"key":"Dexterity Potion"},{"floor":12,"key":"Explosive Potion"},{"floor":20,"key":"FearPotion"},{"floor":28,"key":"Guardian:BlockOnCardUsePotion"},{"floor":28,"key":"LiquidBronze"},{"floor":42,"key":"DistilledChaos"},{"floor":44,"key":"SkillPotion"}],"is_trial":false,"path_per_floor":["M","$","M","M","M","E","$","R","T","R","M","E","?","E","R","B",null,"M","M","M","$","M","R","E","R","T","E","?","M","E","$","R","B",null,"M","M","?","?","?","E","R","E","T","E","?","$","R","M","R","B",null,"R","$","E","B",null],"character_chosen":"SHADE","items_purchased":["Shade:GraveStillness","Shade:FleshToFlesh","ClockworkSouvenir","Shade:LoseControl","Shade:WallOfFlesh","Blood Vial","Bronze Scales","Shade:FleshOffering"],"campfire_rested":0,"item_purchase_floors":[2,7,21,31,46,46,46,53],"current_hp_per_floor":[65,65,65,65,63,63,63,63,63,63,63,63,57,57,57,59,65,65,65,65,65,65,65,65,65,65,65,65,60,65,65,65,65,65,65,65,55,55,57,31,31,39,39,26,26,26,26,40,40,41,65,65,65,65,65],"gold":34,"neow_bonus":"BOSS_RELIC","is_daily":false,"chose_seed":false,"campfire_upgraded":9,"win_rate":0.0,"timestamp":1609444447,"path_taken":["M","$","?","M","M","E","$","R","T","R","M","E","?","E","R","BOSS","M","?","M","$","M","R","E","R","T","E","?","M","E","?","R","BOSS","M","M","?","?","?","E","R","E","T","E","?","$","R","?","R","BOSS","R","$","E","BOSS"],"items_purchased_type":["Card","Card","Relic","Card","Card","Relic","Relic","Card"],"build_version":"2020-12-22","purchased_purges":3,"victory":true,"max_hp_per_floor":[65,65,65,65,65,65,65,65,65,65,65,65,65,65,65,65,65,65,65,65,65,65,65,65,65,65,65,65,65,65,65,65,65,65,65,65,65,65,65,65,65,65,65,65,65,65,65,65,65,65,65,65,65,65,65],"card_choices":[{"not_picked":["Shade:AncientSpear","Shade:Frenzy"],"picked":"Shade:SensePrey","floor":1},{"not_picked":["Shade:LyeBath","Shade:FleshLikeOak"],"picked":"Shade:WallOfFlesh","floor":3},{"not_picked":["Shade:SensePrey","Shade:SoulToxin"],"picked":"Shade:PoundOfFlesh","floor":4},{"not_picked":["Shade:ClawBack","Shade:Frenzy"],"picked":"Shade:CloudOfShrapnel","floor":5},{"not_picked":["Shade:OpenGraves","Shade:FreshBones"],"picked":"Shade:Brains","floor":6},{"not_picked":["Shade:SpontaneousRitual","Shade:CommandSoldier"],"picked":"Shade:AblativeArmor","floor":11},{"not_picked":["Shade:PotionOfRestlessness","Shade:FuneraryArmor"],"picked":"Shade:Consume","floor":12},{"not_picked":["Shade:Doomsay","Shade:Frenzy"],"picked":"Shade:Carnophage","floor":14},{"not_picked":["Shade:LoseControl","Shade:Coordination"],"picked":"Shade:OfferingToTheBeyond","floor":16},{"not_picked":["Shade:Trample","Shade:ClawBack"],"picked":"Shade:Brains","floor":18},{"not_picked":["Shade:FuneraryArmor","Shade:CommandSoldier","Shade:GraveStillness+1"],"picked":"SKIP","floor":19},{"not_picked":["Shade:OneIsEnough","Shade:Bite_Shade+1"],"picked":"Shade:DangerousRitual","floor":20},{"not_picked":["Shade:ClawBack","Shade:Trample+1"],"picked":"Shade:Premonition+1","floor":22},{"not_picked":["Shade:AncientSpear","Shade:RavenousHorde"],"picked":"Shade:Frenzy","floor":24},{"not_picked":["Shade:RavenousHorde","Shade:ClawBack+1"],"picked":"Shade:Carnophage","floor":27},{"not_picked":["Shade:GraveStillness+1","Shade:Asphyxiate","Shade:FeralStrike"],"picked":"SKIP","floor":29},{"not_picked":["Shade:DarkOfNight","Shade:SkeletonHug","Shade:Bite_Shade"],"picked":"SKIP","floor":30},{"not_picked":["Shade:LastGasp","Shade:DarkOfNight"],"picked":"Shade:MadHubris","floor":33},{"not_picked":["Shade:FuneraryArmor+1","Shade:AblativeArmor+1"],"picked":"Shade:FreshBones","floor":35},{"not_picked":["Shade:FuneraryArmor+1","Shade:ClawBack+1","Shade:FeralStrike"],"picked":"SKIP","floor":36},{"not_picked":["expansioncontent:Corrupt","Good Instincts"],"picked":"expansioncontent:DecasProtection","floor":37},{"not_picked":["Mayhem","Jack Of All Trades"],"picked":"expansioncontent:StudyTheSpire","floor":37},{"not_picked":["Shade:AncientSpear+1","Shade:SkeletonHug+1"],"picked":"Shade:Carnophage+1","floor":39},{"not_picked":["Shade:SoulToxin+1","Shade:CloudOfShrapnel+1"],"picked":"Shade:Brains+1","floor":40},{"not_picked":["Shade:GoDigging+1","Shade:Bite_Shade"],"picked":"Shade:Coordination","floor":42},{"not_picked":["Shade:Frenzy","Shade:Brains+1","Shade:Premonition+1"],"picked":"SKIP","floor":44},{"not_picked":["Shade:Asphyxiate+1","Shade:Brains+1"],"picked":"Shade:CallOfTheGrave","floor":48},{"not_picked":["Shade:PoundOfFlesh+1","Shade:BoneShards"],"picked":"Shade:SkeletonArmy+1","floor":54}],"player_experience":835865,"relics_obtained":[{"floor":6,"key":"Centennial Puzzle"},{"floor":9,"key":"Regal Pillow"},{"floor":12,"key":"Bag of Marbles"},{"floor":14,"key":"Bird Faced Urn"},{"floor":24,"key":"MawBank"},{"floor":26,"key":"The Courier"},{"floor":27,"key":"Pen Nib"},{"floor":30,"key":"Bottled Flame"},{"floor":39,"key":"Unceasing Top"},{"floor":40,"key":"Matryoshka"},{"floor":42,"key":"Sundial"},{"floor":43,"key":"PreservedInsect"},{"floor":44,"key":"Ancient Tea Set"},{"floor":54,"key":"Oddly Smooth Stone"}],"event_choices":[{"damage_healed":0,"gold_gain":0,"player_choice":"Damaged","damage_taken":6,"max_hp_gain":0,"max_hp_loss":0,"event_name":"Wheel of Change","floor":13,"gold_loss":0},{"damage_healed":0,"gold_gain":0,"player_choice":"Got Potions","damage_taken":0,"max_hp_gain":0,"max_hp_loss":0,"event_name":"Lab","floor":28,"gold_loss":0},{"damage_healed":0,"gold_gain":0,"player_choice":"Memory 3","damage_taken":10,"max_hp_gain":0,"max_hp_loss":0,"event_name":"SensoryStone","floor":37,"gold_loss":0},{"damage_healed":0,"gold_gain":0,"player_choice":"Ignored","damage_taken":0,"max_hp_gain":0,"max_hp_loss":0,"event_name":"Tomb of Lord Red Mask","floor":38,"gold_loss":0},{"damage_healed":0,"gold_gain":0,"player_choice":"Fight","damage_taken":0,"max_hp_gain":0,"max_hp_loss":0,"event_name":"Mysterious Sphere","floor":39,"gold_loss":0},{"damage_healed":0,"gold_gain":0,"player_choice":"Bought 0 Potions","damage_taken":0,"max_hp_gain":0,"max_hp_loss":0,"event_name":"The Woman in Blue","floor":45,"gold_loss":0}],"is_beta":false,"boss_relics":[{"not_picked":["Snecko Eye","Runic Pyramid"],"picked":"Astrolabe"},{"not_picked":["Fusion Hammer","Busted Crown"],"picked":"Velvet Choker"}],"items_purged_floors":[2,21,31],"is_endless":false,"potions_floor_spawned":[3,6,12,19,20,29,30,33,35,42,44,54],"ascension_level":1}}