{"host":"0cgp910o8339lr91","time":1609382688,"event":{"mods":["BaseMod","Colored Map","Filter the Spire","Minty Spire (QoL Compilation)","Relic Stats","Slay-I","ojb\u0027s Better Paths Mod","ojb\u0027s Info Mod"],"gold_per_floor":[109,122,47,47,63,63,82,82,82,82,93,122,132,167,167,244,244,254,314,364,375,393,421,64,96,145,145,176,28,28,53,53,135,135,146,221,271,341,358,388,388,422,422,518,543,543,583,625,625,650,650,650,81,113,113],"floor_reached":56,"playtime":5662,"items_purged":["MentalFortress","Prostrate"],"score":2915,"play_id":"efcf6e7d-6954-44e7-9e24-956199323a7b","local_time":"20201231034448","is_ascension_mode":true,"campfire_choices":[{"data":"Adaptation","floor":6,"key":"SMITH"},{"data":"Adaptation","floor":8,"key":"SMITH"},{"data":"Eruption","floor":15,"key":"SMITH"},{"data":"Vault","floor":27,"key":"SMITH"},{"data":"Panacea","floor":30,"key":"SMITH"},{"floor":32,"key":"RECALL"},{"data":"Vault","floor":41,"key":"SMITH"},{"data":"Vigilance","floor":46,"key":"PURGE"},{"data":"Prostrate+1","floor":49,"key":"PURGE"},{"data":"Wish","floor":52,"key":"PURGE"}],"circlet_count":0,"master_deck":["AscendersBane","Eruption+1","Adaptation+1","MentalFortress+1","Scrawl+1","Adaptation+1","InnerPeace","FearNoEvil+1","Vault+1","Panacea+1","Vault+1","EmptyMind+1","Prostrate","Master of Strategy"],"relics":["Pandora\u0027s Box","Potion Belt","SsserpentHead","Pear","Gremlin Horn","Empty Cage","Mango","Shuriken","Pantograph","CeramicFish","TungstenRod","Yang","VioletLotus","Turnip","Du-Vu Doll","Boot","Peace Pipe","The Courier","Ginger","Calipers","Ancient Tea Set","Gambling Chip","Toolbox","Torii"],"acts_visited":["Exordium","TheCity","TheBeyond","TheEnding"],"potions_floor_usage":[16,16,31,40,44,55],"damage_taken":[{"damage":0,"enemies":"2 Louse","floor":1,"turns":3},{"damage":10,"enemies":"Small Slimes","floor":2,"turns":6},{"damage":0,"enemies":"Cultist","floor":5,"turns":4},{"damage":0,"enemies":"Red Slaver","floor":7,"turns":3},{"damage":6,"enemies":"Exordium Thugs","floor":11,"turns":4},{"damage":0,"enemies":"Lagavulin","floor":12,"turns":5},{"damage":8,"enemies":"Exordium Wildlife","floor":13,"turns":4},{"damage":0,"enemies":"Gremlin Nob","floor":14,"turns":3},{"damage":23,"enemies":"The Guardian","floor":16,"turns":3},{"damage":0,"enemies":"Spheric Guardian","floor":18,"turns":2},{"damage":10,"enemies":"2 Thieves","floor":19,"turns":2},{"damage":9,"enemies":"Centurion and Healer","floor":21,"turns":2},{"damage":0,"enemies":"Sentry and Sphere","floor":22,"turns":2},{"damage":24,"enemies":"Slavers","floor":23,"turns":2},{"damage":0,"enemies":"Gremlin Leader","floor":25,"turns":1},{"damage":0,"enemies":"Book of Stabbing","floor":28,"turns":2},{"damage":0,"enemies":"Gremlin Leader","floor":31,"turns":2},{"damage":0,"enemies":"Collector","floor":33,"turns":3},{"damage":0,"enemies":"Orb Walker","floor":35,"turns":1},{"damage":0,"enemies":"Mind Bloom Boss Battle","floor":36,"turns":4},{"damage":0,"enemies":"3 Darklings","floor":38,"turns":2},{"damage":0,"enemies":"4 Shapes","floor":39,"turns":2},{"damage":3,"enemies":"Reptomancer","floor":40,"turns":2},{"damage":0,"enemies":"Nemesis","floor":42,"turns":1},{"damage":0,"enemies":"2 Orb Walkers","floor":44,"turns":1},{"damage":0,"enemies":"Reptomancer","floor":45,"turns":1},{"damage":0,"enemies":"Giant Head","floor":47,"turns":1},{"damage":0,"enemies":"Sphere and 2 Shapes","floor":48,"turns":3},{"damage":5,"enemies":"Time Eater","floor":50,"turns":5},{"damage":0,"enemies":"Shield and Spear","floor":54,"turns":1},{"damage":6,"enemies":"The Heart","floor":55,"turns":6}],"seed_played":"2329417735152085992","potions_obtained":[{"floor":1,"key":"Weak Potion"},{"floor":12,"key":"Fruit Juice"},{"floor":14,"key":"SteroidPotion"},{"floor":19,"key":"SpeedPotion"},{"floor":25,"key":"BottledMiracle"},{"floor":28,"key":"SkillPotion"},{"floor":33,"key":"Strength Potion"},{"floor":39,"key":"Fruit Juice"},{"floor":42,"key":"BottledMiracle"},{"floor":44,"key":"Block Potion"},{"floor":54,"key":"Explosive Potion"}],"is_trial":false,"path_per_floor":["M","M","?","?","M","R","M","R","T","?","M","E","M","E","R","B",null,"M","M","T","M","M","E","$","E","T","R","E","$","R","E","R","B",null,"M","?","?","M","M","E","R","E","T","?","E","R","E","M","R","B",null,"R","$","E","B",null],"character_chosen":"WATCHER","items_purchased":["Shuriken","Panacea","Gambling Chip","Prostrate","Master of Strategy","Toolbox"],"campfire_rested":0,"item_purchase_floors":[24,29,53,53,53,53],"current_hp_per_floor":[61,51,51,31,31,31,31,31,31,31,25,35,27,27,27,9,65,65,55,55,46,46,36,36,36,36,36,36,36,36,36,36,61,88,88,97,97,97,97,94,94,94,94,99,99,99,99,99,99,97,101,101,101,101,96],"gold":113,"neow_bonus":"BOSS_RELIC","is_daily":false,"chose_seed":false,"campfire_upgraded":6,"win_rate":0.0,"timestamp":1609382688,"path_taken":["M","M","?","?","M","R","M","R","T","?","M","E","M","E","R","BOSS","M","?","?","M","M","E","$","E","T","R","E","?","R","E","R","BOSS","M","?","?","?","M","E","R","E","T","?","E","R","E","M","R","BOSS","R","$","E","BOSS"],"items_purchased_type":["Relic","Card","Relic","Card","Card","Relic"],"build_version":"2020-12-22","purchased_purges":2,"victory":true,"max_hp_per_floor":[68,68,68,68,68,68,68,68,68,68,68,78,78,78,78,83,83,83,83,83,83,83,97,97,97,97,97,97,97,97,97,97,97,97,97,97,97,97,97,97,97,97,97,102,102,102,102,102,102,102,102,102,102,102,102],"relic_stats":{"Gremlin Horn":[22,22],"Torii":0,"counters":[31,83],"CeramicFish":54,"Yang":[279],"Ginger":[2],"Boot":[1],"Peace Pipe":3,"SsserpentHead":350,"Shuriken":[90],"Pantograph":38,"Gambling Chip":[2],"Pandora\u0027s Box":["Prostrate","WindmillStrike","FollowUp","Adaptation","MentalFortress","MentalFortress","SpiritShield","Scrawl"],"VioletLotus":[171],"Turnip":[2],"obtain_stats":[{"Calipers":45,"Gremlin Horn":14,"Torii":54,"CeramicFish":26,"Mango":23,"Yang":31,"Ginger":44,"Empty Cage":17,"Boot":40,"Ancient Tea Set":47,"SsserpentHead":10,"Pantograph":25,"Gambling Chip":53,"Toolbox":53,"VioletLotus":34,"Potion Belt":9,"Pear":12,"The Courier":43,"Du-Vu Doll":37,"Peace Pipe":42,"Shuriken":24,"Pandora\u0027s Box":0,"Turnip":36,"PureWater":0,"TungstenRod":28},{"Calipers":26,"Gremlin Horn":8,"Torii":30,"CeramicFish":15,"Mango":14,"Yang":17,"Ginger":25,"Empty Cage":9,"Boot":23,"Ancient Tea Set":27,"SsserpentHead":4,"Pantograph":15,"Gambling Chip":29,"Toolbox":29,"VioletLotus":18,"Potion Belt":4,"Pear":6,"The Courier":24,"Du-Vu Doll":20,"Peace Pipe":24,"Shuriken":14,"Pandora\u0027s Box":0,"Turnip":20,"PureWater":0,"TungstenRod":16},{"Calipers":67,"Gremlin Horn":32,"Torii":77,"CeramicFish":46,"Mango":45,"Yang":50,"Ginger":66,"Empty Cage":35,"Boot":64,"Ancient Tea Set":68,"SsserpentHead":16,"Pantograph":46,"Gambling Chip":76,"Toolbox":76,"VioletLotus":53,"Potion Belt":16,"Pear":25,"The Courier":65,"Du-Vu Doll":58,"Peace Pipe":65,"Shuriken":45,"Pandora\u0027s Box":0,"Turnip":58,"PureWater":0,"TungstenRod":48}],"TungstenRod":8},"card_choices":[{"not_picked":["Conclude","CrushJoints"],"picked":"Adaptation","floor":1},{"not_picked":["JustLucky","ThirdEye","FollowUp"],"picked":"SKIP","floor":2},{"not_picked":["Halt","Evaluate","TalkToTheHand"],"picked":"SKIP","floor":5},{"not_picked":["FlyingSleeves","CrushJoints","ThirdEye"],"picked":"SKIP","floor":7},{"not_picked":["Brilliance","MentalFortress","WaveOfTheHand"],"picked":"SKIP","floor":11},{"not_picked":["ClearTheMind","LikeWater","Swivel"],"picked":"SKIP","floor":12},{"not_picked":["Evaluate","EmptyFist"],"picked":"InnerPeace","floor":13},{"not_picked":["ThirdEye","Swivel","Protect"],"picked":"SKIP","floor":14},{"not_picked":["Indignation","BowlingBash"],"picked":"FearNoEvil+1","floor":18},{"not_picked":["EmptyFist","Crescendo","PathToVictory"],"picked":"SKIP","floor":19},{"not_picked":["LikeWater","Worship","Perseverance"],"picked":"SKIP","floor":21},{"not_picked":["FlurryOfBlows","FlyingSleeves"],"picked":"Prostrate+1","floor":22},{"not_picked":["Ragnarok","WaveOfTheHand","SpiritShield"],"picked":"SKIP","floor":23},{"not_picked":["SashWhip","Halt"],"picked":"Vault","floor":25},{"not_picked":["Crescendo","SashWhip","ThirdEye"],"picked":"SKIP","floor":28},{"not_picked":["Crescendo+1","Consecrate+1","FlurryOfBlows"],"picked":"SKIP","floor":31},{"not_picked":["Blasphemy","Omniscience"],"picked":"Vault","floor":33},{"not_picked":["CutThroughFate","Study","Halt"],"picked":"SKIP","floor":35},{"not_picked":["WreathOfFlame","Fasting2"],"picked":"EmptyMind+1","floor":38},{"not_picked":["FlyingSleeves","FlurryOfBlows","PathToVictory"],"picked":"SKIP","floor":39},{"not_picked":["Evaluate","ThirdEye+1","ClearTheMind"],"picked":"SKIP","floor":40},{"not_picked":["FlyingSleeves","Pray+1","SashWhip"],"picked":"SKIP","floor":42},{"not_picked":["LessonLearned","ThirdEye","Pray"],"picked":"SKIP","floor":45},{"not_picked":["ThirdEye","CutThroughFate"],"picked":"Wish","floor":47},{"not_picked":["SandsOfTime","EmptyFist+1","ClearTheMind"],"picked":"SKIP","floor":48},{"not_picked":["CrushJoints","Worship","Weave"],"picked":"SKIP","floor":54}],"player_experience":1270164,"relics_obtained":[{"floor":9,"key":"Potion Belt"},{"floor":12,"key":"Pear"},{"floor":14,"key":"Gremlin Horn"},{"floor":23,"key":"Mango"},{"floor":25,"key":"Pantograph"},{"floor":26,"key":"CeramicFish"},{"floor":28,"key":"TungstenRod"},{"floor":31,"key":"Yang"},{"floor":36,"key":"Turnip"},{"floor":40,"key":"Boot"},{"floor":42,"key":"Peace Pipe"},{"floor":43,"key":"The Courier"},{"floor":44,"key":"Ginger"},{"floor":45,"key":"Calipers"},{"floor":47,"key":"Ancient Tea Set"},{"floor":54,"key":"Torii"}],"event_choices":[{"cards_removed":["SpiritShield"],"damage_healed":0,"gold_gain":0,"player_choice":"Card Removal","damage_taken":0,"max_hp_gain":0,"max_hp_loss":0,"event_name":"The Cleric","floor":3,"gold_loss":75},{"damage_healed":0,"gold_gain":0,"player_choice":"Entered Light","damage_taken":20,"max_hp_gain":0,"max_hp_loss":0,"event_name":"Shining Light","floor":4,"gold_loss":0,"cards_upgraded":["MentalFortress","Scrawl"]},{"damage_healed":0,"gold_gain":0,"player_choice":"Trade","damage_taken":0,"relics_obtained":["SsserpentHead"],"max_hp_gain":0,"max_hp_loss":0,"event_name":"FaceTrader","floor":10,"gold_loss":0},{"damage_healed":0,"gold_gain":0,"player_choice":"Fight","damage_taken":0,"max_hp_gain":0,"max_hp_loss":0,"event_name":"MindBloom","floor":36,"gold_loss":0},{"damage_healed":0,"gold_gain":0,"player_choice":"Gave Potion","damage_taken":0,"relics_obtained":["Du-Vu Doll"],"max_hp_gain":0,"max_hp_loss":0,"event_name":"WeMeetAgain","floor":37,"gold_loss":0},{"damage_healed":0,"gold_gain":0,"player_choice":"Fight","damage_taken":0,"max_hp_gain":0,"max_hp_loss":0,"event_name":"Mysterious Sphere","floor":44,"gold_loss":0}],"is_beta":false,"boss_relics":[{"not_picked":["Philosopher\u0027s Stone","Cursed Key"],"picked":"Empty Cage"},{"not_picked":["Snecko Eye","Black Star"],"picked":"VioletLotus"}],"items_purged_floors":[24,29],"is_endless":false,"potions_floor_spawned":[1,12,14,19,25,28,33,39,42,44,48,54],"ascension_level":19}}