{"host":"g7trc0x2teqyd8ye","time":1609453462,"event":{"mods":["BaseMod","Key Reminder","Minty Spire (QoL Compilation)","Relic Stats"],"gold_per_floor":[114,189,189,201,212,238,238,272,344,344,356,372,388,4,4,75,75,88,103,3,3,3,38,49,77,77,77,77],"floor_reached":27,"playtime":1072,"items_purged":["Strike_R","Strike_R"],"score":635,"play_id":"7c232622-1bae-4056-acc5-0bfae33163c3","local_time":"20201231232422","is_ascension_mode":true,"campfire_choices":[{"floor":7,"key":"REST"},{"data":"Fiend Fire","floor":15,"key":"SMITH"}],"circlet_count":0,"master_deck":["AscendersBane","Defend_R","Defend_R","Defend_R","Defend_R","Bash+1","Fiend Fire+1","Anger","Anger+1","Second Wind","Disarm","Infernal Blade","Clothesline","Twin Strike+1","Infernal Blade","Carnage+1","Metamorphosis","Finesse","Wild Strike+1","Impervious","Headbutt+1","Iron Wave+1","Bite+1","Bite+1","Bite+1","Bite+1","Bite+1","Offering","Second Wind"],"relics":["Burning Blood","Dead Branch","Akabeko","Molten Egg 2","Philosopher\u0027s Stone","Oddly Smooth Stone","Whetstone","Self Forming Clay"],"acts_visited":["Exordium","TheCity"],"potions_floor_usage":[16,24,27],"damage_taken":[{"damage":7,"enemies":"2 Louse","floor":1,"turns":3},{"damage":7,"enemies":"Small Slimes","floor":4,"turns":3},{"damage":1,"enemies":"Cultist","floor":5,"turns":3},{"damage":36,"enemies":"Lagavulin","floor":6,"turns":6},{"damage":8,"enemies":"Gremlin Nob","floor":8,"turns":3},{"damage":19,"enemies":"Exordium Wildlife","floor":11,"turns":4},{"damage":0,"enemies":"Blue Slaver","floor":12,"turns":1},{"damage":0,"enemies":"Lots of Slimes","floor":13,"turns":1},{"damage":0,"enemies":"Slime Boss","floor":16,"turns":2},{"damage":7,"enemies":"3 Byrds","floor":18,"turns":5},{"damage":5,"enemies":"Spheric Guardian","floor":19,"turns":3},{"damage":39,"enemies":"Book of Stabbing","floor":23,"turns":6},{"damage":10,"enemies":"Snecko","floor":24,"turns":4},{"damage":34,"enemies":"Gremlin Leader","floor":25,"turns":4},{"damage":32,"enemies":"Shelled Parasite and Fungi","floor":27,"turns":2}],"seed_played":"4529034496504394580","potions_obtained":[{"floor":4,"key":"ElixirPotion"},{"floor":8,"key":"SpeedPotion"},{"floor":12,"key":"AttackPotion"},{"floor":19,"key":"Fire Potion"},{"floor":24,"key":"FearPotion"}],"is_trial":false,"path_per_floor":["M","?","?","M","M","E","R","E","T","?","M","M","M","$","R","B",null,"M","M","$","?","?","E","M","E","T","M"],"character_chosen":"IRONCLAD","items_purchased":["Metamorphosis","Finesse","Wild Strike+1"],"campfire_rested":1,"item_purchase_floors":[14,14,14],"current_hp_per_floor":[67,56,56,55,60,30,52,50,50,50,37,43,49,49,49,55,70,69,70,70,52,52,25,30,17,17,0,0],"gold":77,"neow_bonus":"ONE_RANDOM_RARE_CARD","is_daily":false,"chose_seed":false,"campfire_upgraded":1,"win_rate":0.0,"timestamp":1609453462,"path_taken":["M","?","?","M","M","E","R","E","T","?","?","M","M","$","R","BOSS","M","M","$","?","?","E","M","E","T","?"],"items_purchased_type":["Card","Card","Card"],"build_version":"2020-12-22","purchased_purges":2,"victory":false,"max_hp_per_floor":[75,75,75,75,75,75,75,75,75,75,75,75,75,75,75,75,75,75,75,75,52,52,52,52,52,52,52,52],"relic_stats":{"counters":[15,50],"Self Forming Clay":[6],"Dead Branch":[95],"Whetstone":["Bash","Anger"],"obtain_stats":[{"Self Forming Clay":26,"Dead Branch":6,"Oddly Smooth Stone":23,"Molten Egg 2":9,"Philosopher\u0027s Stone":17,"Whetstone":25,"Burning Blood":0,"Akabeko":8},{"Self Forming Clay":14,"Dead Branch":4,"Oddly Smooth Stone":12,"Molten Egg 2":5,"Philosopher\u0027s Stone":9,"Whetstone":14,"Burning Blood":0,"Akabeko":5},{"Self Forming Clay":48,"Dead Branch":15,"Oddly Smooth Stone":40,"Molten Egg 2":18,"Philosopher\u0027s Stone":26,"Whetstone":48,"Burning Blood":0,"Akabeko":18}],"Burning Blood":84},"card_choices":[{"not_picked":["Heavy Blade","Wild Strike"],"picked":"Anger","floor":1},{"not_picked":["Evolve","Body Slam"],"picked":"Second Wind","floor":4},{"not_picked":["Heavy Blade","Flex"],"picked":"Disarm","floor":5},{"not_picked":["Headbutt","Twin Strike"],"picked":"Infernal Blade","floor":6},{"not_picked":["Dual Wield","True Grit"],"picked":"Clothesline","floor":8},{"not_picked":["Infernal Blade","Flame Barrier"],"picked":"Twin Strike+1","floor":11},{"not_picked":["Rupture","Double Tap"],"picked":"Infernal Blade","floor":12},{"not_picked":["Intimidate","Flame Barrier"],"picked":"Carnage+1","floor":13},{"not_picked":["Demon Form","Brutality"],"picked":"Impervious","floor":16},{"not_picked":["Wild Strike+1","Havoc"],"picked":"Headbutt+1","floor":18},{"not_picked":["Disarm","Warcry"],"picked":"Iron Wave+1","floor":19},{"not_picked":["Thunderclap+1","Clothesline+1"],"picked":"Offering","floor":23},{"not_picked":["Bloodletting","Inflame"],"picked":"Second Wind","floor":24},{"not_picked":["Clothesline+1","Power Through","Spot Weakness"],"picked":"SKIP","floor":25}],"player_experience":850526,"relics_obtained":[{"floor":6,"key":"Dead Branch"},{"floor":8,"key":"Akabeko"},{"floor":9,"key":"Molten Egg 2"},{"floor":23,"key":"Oddly Smooth Stone"},{"floor":25,"key":"Whetstone"},{"floor":26,"key":"Self Forming Clay"}],"event_choices":[{"damage_healed":0,"gold_gain":75,"player_choice":"Gather Gold","damage_taken":11,"max_hp_gain":0,"max_hp_loss":0,"event_name":"World of Goop","floor":2,"gold_loss":0},{"damage_healed":0,"gold_gain":0,"cards_transformed":["Strike_R"],"player_choice":"Change","damage_taken":0,"max_hp_gain":0,"max_hp_loss":0,"event_name":"Living Wall","floor":3,"gold_loss":0,"cards_obtained":["Anger"]},{"cards_removed":["Strike_R"],"damage_healed":0,"gold_gain":0,"player_choice":"Purged","damage_taken":0,"max_hp_gain":0,"max_hp_loss":0,"event_name":"Purifier","floor":10,"gold_loss":0},{"damage_healed":0,"gold_gain":0,"player_choice":"Became a vampire","damage_taken":0,"max_hp_gain":0,"max_hp_loss":23,"event_name":"Vampires","floor":21,"gold_loss":0,"cards_obtained":["Bite","Bite","Bite","Bite","Bite"]},{"damage_healed":0,"gold_gain":0,"player_choice":"Ignored","damage_taken":0,"max_hp_gain":0,"max_hp_loss":0,"event_name":"N\u0027loth","floor":22,"gold_loss":0}],"is_beta":false,"boss_relics":[{"not_picked":["Tiny House","Runic Dome"],"picked":"Philosopher\u0027s Stone"}],"items_purged_floors":[14,20],"is_endless":false,"potions_floor_spawned":[4,8,12,19,24],"killed_by":"Shelled Parasite and Fungi","ascension_level":19}}