{"host":"rag04wbrzwiojxfu","time":1609449327,"event":{"mods":["AchievementEnabler","Alarm Clock","BaseMod","Bestiary","Block Reminder","Colored Map","Colored Powertips","Highlight Path","Minty Spire (QoL Compilation)","Quick Restart","Relic Sorter","Relic Stats","Shop Mod","StSLib"],"gold_per_floor":[114,77,27,37,212,212,212],"floor_reached":6,"playtime":1282,"items_purged":[],"score":34,"play_id":"2c43ba19-6984-44e4-be31-79df967985e3","local_time":"20201231151527","daily_mods":["Draft","Colorless Cards","Heirloom","Flight"],"is_ascension_mode":false,"campfire_choices":[],"circlet_count":0,"master_deck":["Warcry","Infernal Blade","Fire Breathing","Fire Breathing","Flash of Steel","Deep Breath","Burning Pact","Dual Wield","Good Instincts","Bloodletting","Warcry","Sentinel","Blind","Pommel Strike","Dramatic Entrance","Searing Blow","Metallicize","Doubt"],"relics":["Burning Blood","Bird Faced Urn"],"acts_visited":["Exordium"],"potions_floor_usage":[4,6],"damage_taken":[{"damage":0,"enemies":"Small Slimes","floor":1,"turns":2},{"damage":3,"enemies":"Cultist","floor":4,"turns":4},{"damage":15,"enemies":"Lagavulin","floor":6,"turns":28}],"seed_played":"-5084739758486134454","potions_obtained":[{"floor":4,"key":"Swift Potion"}],"is_trial":true,"path_per_floor":["M","$","$","M","?","E"],"character_chosen":"IRONCLAD","items_purchased":["Metallicize","Swift Potion"],"campfire_rested":0,"item_purchase_floors":[2,3],"current_hp_per_floor":[80,80,80,80,80,80,80],"gold":212,"neow_bonus":"","is_daily":false,"chose_seed":false,"campfire_upgraded":0,"win_rate":0.0,"timestamp":1609449327,"path_taken":["M","$","$","M","?","E"],"items_purchased_type":["Card","Potion"],"build_version":"2020-12-22","purchased_purges":0,"victory":false,"max_hp_per_floor":[80,80,80,80,80,80,80],"relic_stats":{"counters":[3,34],"Bird Faced Urn":[17],"obtain_stats":[{"Bird Faced Urn":0,"Burning Blood":0},{"Bird Faced Urn":0,"Burning Blood":0},{"Bird Faced Urn":0,"Burning Blood":0}],"Burning Blood":1},"card_choices":[{"not_picked":["Heavy Blade","Thunderclap"],"picked":"Warcry","floor":0},{"not_picked":["Whirlwind","True Grit"],"picked":"Infernal Blade","floor":0},{"not_picked":["Blind","Warcry"],"picked":"Fire Breathing","floor":0},{"not_picked":["Warcry","Rage"],"picked":"Fire Breathing","floor":0},{"not_picked":["Panacea","Sword Boomerang"],"picked":"Flash of Steel","floor":0},{"not_picked":["Impatience","Sentinel"],"picked":"Deep Breath","floor":0},{"not_picked":["Fire Breathing","Dramatic Entrance"],"picked":"Burning Pact","floor":0},{"not_picked":["Body Slam","Thunderclap"],"picked":"Dual Wield","floor":0},{"not_picked":["Swift Strike","Perfected Strike"],"picked":"Good Instincts","floor":0},{"not_picked":["Pommel Strike","Blood for Blood"],"picked":"Bloodletting","floor":0},{"not_picked":["Anger","Clash"],"picked":"Warcry","floor":0},{"not_picked":["Sever Soul","Enlightenment"],"picked":"Sentinel","floor":0},{"not_picked":["Wild Strike","Thunderclap"],"picked":"Blind","floor":0},{"not_picked":["Wild Strike","Clash"],"picked":"Pommel Strike","floor":0},{"not_picked":["Warcry","Anger"],"picked":"Dramatic Entrance","floor":0},{"not_picked":["Heavy Blade","Warcry"],"picked":"Searing Blow","floor":1},{"not_picked":["Flex","Reckless Charge","Havoc"],"picked":"SKIP","floor":4}],"player_experience":260159,"relics_obtained":[],"event_choices":[{"damage_healed":0,"gold_gain":175,"player_choice":"AGREE","damage_taken":0,"max_hp_gain":0,"max_hp_loss":0,"event_name":"Liars Game","floor":5,"gold_loss":0,"cards_obtained":["Doubt"]}],"is_beta":false,"boss_relics":[],"items_purged_floors":[],"is_endless":true,"potions_floor_spawned":[4],"killed_by":"Lagavulin","ascension_level":0}}