{"host":"nk1hwk2qadwaubm5","time":1609429246,"event":{"mods":["BaseMod","Hubris","Infinite Spire","Minty Spire (QoL Compilation)","Replay The Spire","StSLib","The Cursed","The Jungle"],"gold_per_floor":[114,162,17,28,28,28,54,54,54,29,45,65,93,107,107,209,209,222,257,102,102,102,102,113,132,185,218,218,218,236,269,269,370,370,390,612,612,512,522,522,522],"floor_reached":40,"playtime":2668,"items_purged":["TheCursedMod:Strike_TheCursed","TheCursedMod:Defend_TheCursed"],"score":603,"play_id":"5d061656-84be-408b-9c27-ffa0062cde66","local_time":"20201231164046","is_ascension_mode":true,"campfire_choices":[{"data":"TheCursedMod:CleanUpWorkshop","floor":6,"key":"SMITH"},{"data":"TheCursedMod:CursedBlade","floor":15,"key":"SMITH"},{"data":"TheCursedMod:OutForBlood","floor":23,"key":"SMITH"},{"data":"Dark Embrace","floor":32,"key":"SMITH"}],"circlet_count":0,"master_deck":["TheCursedMod:Strike_TheCursed+1","TheCursedMod:Strike_TheCursed+1","TheCursedMod:Defend_TheCursed","TheCursedMod:Defend_TheCursed","TheCursedMod:CursedWand+1","TheCursedMod:CleanUpWorkshop+1","TheCursedMod:Dregs","TheCursedMod:CursedBlade+1","TheCursedMod:Torture","TheCursedMod:SurpriseAttack+1","Injury","TheCursedMod:RapidMovement","TheCursedMod:DemonSword","TheCursedMod:ReleasedStrength","TheCursedMod:OutForBlood+1","ReplayTheSpireMod:Splinters","Defy Death","TheCursedMod:CursedBoomerang","TheCursedMod:HellsGateOpen","Decay","TheCursedMod:CursedBlade+1","TheCursedMod:AshesToAshes+1","TheCursedMod:SpitefulPlan","Dark Embrace+1","TheCursedMod:VoidForm","TheCursedMod:CircleOfWindfury","Swift Strike"],"relics":["TheCursedMod:BlackMagic101","NeowsBlessing","Centennial Puzzle","infinitespire:Lucky Rock","Bottled Flame","hubris:DisguiseKit","TheCursedMod:Tack","Onion Ring","Replay:Ancient Bell","Omamori","Darkstone Periapt","Ice Cream","Red Mask","hubris:Towel","Whetstone","TheCursedMod:CrystalBall","Busted Crown","Gremlin Horn","Question Card","Empty Cage"],"acts_visited":["Exordium","TheCity","TheBeyond"],"potions_floor_usage":[24,25,27,27,33,35,40],"damage_taken":[{"damage":0,"enemies":"Cultist","floor":1,"turns":1},{"damage":0,"enemies":"Small Slimes","floor":4,"turns":1},{"damage":0,"enemies":"Lagavulin","floor":7,"turns":1},{"damage":0,"enemies":"Jaw Worm","floor":11,"turns":3},{"damage":6,"enemies":"Looter","floor":12,"turns":2},{"damage":4,"enemies":"3 Sentries","floor":13,"turns":7},{"damage":0,"enemies":"Large Slime","floor":14,"turns":4},{"damage":28,"enemies":"The Guardian","floor":16,"turns":11},{"damage":4,"enemies":"Spheric Guardian","floor":18,"turns":3},{"damage":0,"enemies":"Masked Bandits","floor":19,"turns":2},{"damage":4,"enemies":"Shell Parasite","floor":24,"turns":3},{"damage":14,"enemies":"Snake Plant","floor":25,"turns":3},{"damage":6,"enemies":"Slavers","floor":27,"turns":2},{"damage":2,"enemies":"Sentry and Sphere","floor":30,"turns":2},{"damage":0,"enemies":"Gremlin Leader","floor":31,"turns":3},{"damage":12,"enemies":"Pondfish","floor":33,"turns":6},{"damage":13,"enemies":"Orb Walker","floor":35,"turns":3},{"damage":0,"enemies":"3 Shapes","floor":39,"turns":1},{"damage":62,"enemies":"Nightmare","floor":40,"turns":6}],"seed_played":"-4314183282637303618","potions_obtained":[{"floor":4,"key":"Energy Potion"},{"floor":14,"key":"Weak Potion"},{"floor":16,"key":"SkillPotion"},{"floor":24,"key":"Energy Potion"},{"floor":25,"key":"DistilledChaos"},{"floor":27,"key":"ColorlessPotion"},{"floor":35,"key":"Block Potion"}],"is_trial":false,"path_per_floor":["M","T","$","M","?","R","E","?","T","$","M","M","E","M","R","B",null,"M","?","$","?","?","R","M","M","T","E","AVR","?","M","E","R","B",null,"M","?","?","$","M","NM"],"character_chosen":"THE_CURSED","items_purchased":["infinitespire:Lucky Rock","TheCursedMod:RapidMovement","TheCursedMod:HellsGateOpen"],"campfire_rested":0,"item_purchase_floors":[3,10,20],"current_hp_per_floor":[75,75,75,75,60,60,60,60,60,60,60,54,50,50,50,22,68,64,64,64,70,70,70,66,52,52,46,46,46,44,44,44,32,73,60,60,60,60,60,0,0],"gold":522,"neow_bonus":"THREE_ENEMY_KILL","is_daily":false,"chose_seed":false,"campfire_upgraded":4,"win_rate":0.0,"timestamp":1609429246,"path_taken":["M","?","?","?","?","R","E","?","T","$","M","M","E","M","R","BOSS","M","?","$","?","?","R","M","M","T","E","AVR","?","?","E","R","BOSS","M","?","?","$","M","NM"],"items_purchased_type":["Relic","Card","Card"],"build_version":"2020-12-22","purchased_purges":2,"victory":false,"max_hp_per_floor":[75,75,75,75,75,75,75,75,75,75,75,75,75,75,75,75,81,81,81,81,87,87,87,87,87,87,87,87,87,87,87,87,87,87,87,87,87,87,87,87,87],"card_choices":[{"not_picked":["TheCursedMod:CircleOfFlame","TheCursedMod:WearCloak"],"picked":"TheCursedMod:CursedBlade","floor":1},{"not_picked":["TheCursedMod:SmokeScreen","TheCursedMod:Evocation"],"picked":"TheCursedMod:Torture","floor":4},{"not_picked":["TheCursedMod:FuryStrike","TheCursedMod:HellsGateOpen"],"picked":"TheCursedMod:SurpriseAttack","floor":7},{"not_picked":["TheCursedMod:BlessingInDisguise","TheCursedMod:CursedShiv","TheCursedMod:SurpriseAttack","Clash"],"picked":"SKIP","floor":11},{"not_picked":["TheCursedMod:CircleOfAmplification","TheCursedMod:SpreadPlague","TheCursedMod:SpitefulPray","Power Through"],"picked":"SKIP","floor":12},{"not_picked":["TheCursedMod:CircleOfFocus","TheCursedMod:CircleOfBlood","Bloodletting"],"picked":"TheCursedMod:DemonSword","floor":13},{"not_picked":["TheCursedMod:FleshFromBone","TheCursedMod:SmokeScreen","Entrench"],"picked":"TheCursedMod:ReleasedStrength","floor":14},{"not_picked":["TheCursedMod:ForbiddenAlchemy","TheCursedMod:Neurasthenia","Corruption"],"picked":"TheCursedMod:OutForBlood","floor":16},{"not_picked":["Injury","ReplayTheSpireMod:Restless Dread","Hallucinations"],"picked":"Pain","floor":17},{"not_picked":["hubris:Sloth","hubris:Despair","ReplayTheSpireMod:Doomed"],"picked":"Languid","floor":17},{"not_picked":["hubris:Disease","Voices","hubris:Gluttony"],"picked":"ReplayTheSpireMod:Splinters","floor":17},{"not_picked":["TheCursedMod:Wield","TheCursedMod:ParallelWorld","TheCursedMod:SurpriseAttack"],"picked":"Defy Death","floor":18},{"not_picked":["TheCursedMod:SoulReap","TheCursedMod:CircleOfAmplification","infinitespire:OneForAll"],"picked":"TheCursedMod:CursedBoomerang","floor":19},{"not_picked":["TheCursedMod:CursedShiv+1","TheCursedMod:CircleOfFocus","ReplayTheSpireMod:Strike From Hell"],"picked":"TheCursedMod:CursedBlade+1","floor":24},{"not_picked":["TheCursedMod:FleshFromBone","TheCursedMod:ReleasedKnowledge","Run Through"],"picked":"TheCursedMod:AshesToAshes+1","floor":25},{"not_picked":["TheCursedMod:CursedAmulet","TheCursedMod:RavingStaff","Disarm"],"picked":"TheCursedMod:SpitefulPlan","floor":27},{"not_picked":["TheCursedMod:BloodBarrier+1"],"picked":"Dark Embrace","floor":30},{"not_picked":["TheCursedMod:SmokeScreen","infinitespire:OneForAll"],"picked":"SKIP","floor":31},{"not_picked":["TheCursedMod:ManaCirculation","Offering"],"picked":"TheCursedMod:VoidForm","floor":33},{"not_picked":["TheCursedMod:CircleOfBlood+1","TheCursedMod:TacticalStrike+1","Flex"],"picked":"SKIP","floor":35},{"not_picked":["TheCursedMod:FleshFromBone+1","TheCursedMod:Grudge+1","Rage"],"picked":"SKIP","floor":39}],"player_experience":205105,"relics_obtained":[{"floor":2,"key":"Centennial Puzzle"},{"floor":7,"key":"Bottled Flame"},{"floor":9,"key":"TheCursedMod:Tack"},{"floor":13,"key":"Onion Ring"},{"floor":19,"key":"Red Mask"},{"floor":26,"key":"Whetstone"},{"floor":27,"key":"TheCursedMod:CrystalBall"},{"floor":31,"key":"Question Card"}],"event_choices":[{"damage_healed":0,"gold_gain":0,"player_choice":"Entered Light","damage_taken":15,"max_hp_gain":0,"max_hp_loss":0,"event_name":"Shining Light","floor":5,"gold_loss":0,"cards_upgraded":["TheCursedMod:Strike_TheCursed","TheCursedMod:Strike_TheCursed"]},{"damage_healed":0,"gold_gain":0,"player_choice":"Fought Bandits","damage_taken":0,"max_hp_gain":0,"max_hp_loss":0,"event_name":"Masked Bandits","floor":19,"gold_loss":0},{"damage_healed":0,"gold_gain":0,"player_choice":"Smashed Altar","damage_taken":0,"max_hp_gain":0,"max_hp_loss":0,"event_name":"Forgotten Altar","floor":21,"gold_loss":0,"cards_obtained":["Decay"]},{"damage_healed":0,"gold_gain":0,"player_choice":"Ignored","damage_taken":0,"max_hp_gain":0,"max_hp_loss":0,"event_name":"N\u0027loth","floor":29,"gold_loss":0},{"damage_healed":0,"gold_gain":222,"player_choice":"Wore Mask","damage_taken":0,"max_hp_gain":0,"max_hp_loss":0,"event_name":"Tomb of Lord Red Mask","floor":36,"gold_loss":0},{"damage_healed":0,"gold_gain":0,"player_choice":"2 cards matched","damage_taken":0,"max_hp_gain":0,"max_hp_loss":0,"event_name":"Match and Keep!","floor":37,"gold_loss":0,"cards_obtained":["TheCursedMod:CircleOfWindfury","Swift Strike"]}],"is_beta":false,"boss_relics":[{"not_picked":["hubris:Stopwatch","Velvet Choker"],"picked":"Replay:Ancient Bell"},{"not_picked":["infinitespire:Beetle Shell","ReplayFunnel"],"picked":"Omamori"},{"not_picked":["Matryoshka","Toxic Egg 2"],"picked":"Darkstone Periapt"},{"not_picked":["Counterbalance","hubris:FunFungus"],"picked":"Ice Cream"},{"not_picked":["hubris:RunicObelisk","hubris:BlackHole"],"picked":"Empty Cage"}],"items_purged_floors":[20,38],"is_endless":false,"potions_floor_spawned":[4,14,16,19,24,25,27,35],"killed_by":"Nightmare","ascension_level":5}}