{"host":"yvb207ks1sg3cxef","time":1609432218,"event":{"mods":["2.2 Compatiblity","BaseMod","Bestiary","Colored Powertips","Minty Spire (QoL Compilation)","Permanent Neow","Quick Restart","Relic Stats","StSLib"],"gold_per_floor":[364,380,393,11,11,46,46,80,131,160,175,61,61,15,15,118,118,43,59,59,59],"floor_reached":20,"playtime":1628,"items_purged":["Strike_P"],"score":247,"play_id":"3ed1a957-0fa6-4582-9056-8b2b3547b797","local_time":"20201231220018","is_ascension_mode":true,"campfire_choices":[{"data":"TalkToTheHand","floor":7.0,"key":"SMITH"},{"data":"LikeWater","floor":15,"key":"SMITH"}],"circlet_count":0,"master_deck":["Strike_P","Defend_P","Defend_P","Defend_P","Eruption","Vigilance","TalkToTheHand+1","Study","FlurryOfBlows","DeceiveReality","ClearTheMind+1","Protect+1","TalkToTheHand+1","Prostrate+1","LikeWater+1","Meditate+1","Protect+1","Establishment","WaveOfTheHand+1","InnerPeace+1","WreathOfFlame+1","FlurryOfBlows","FlurryOfBlows"],"relics":["PureWater","TeardropLocket","Toxic Egg 2","Omamori","Nunchaku","Damaru","Astrolabe"],"acts_visited":["Exordium","TheCity"],"potions_floor_usage":[],"damage_taken":[{"damage":0.0,"enemies":"2 Louse","floor":1.0,"turns":2.0},{"damage":0.0,"enemies":"Jaw Worm","floor":2.0,"turns":3.0},{"damage":2.0,"enemies":"Cultist","floor":3.0,"turns":5.0},{"damage":1.0,"enemies":"Lagavulin","floor":6.0,"turns":8.0},{"damage":3.0,"enemies":"3 Sentries","floor":8.0,"turns":9.0},{"damage":8.0,"enemies":"Gremlin Nob","floor":10.0,"turns":4.0},{"damage":7.0,"enemies":"Gremlin Gang","floor":11.0,"turns":4.0},{"damage":4,"enemies":"Hexaghost","floor":16,"turns":13},{"damage":15,"enemies":"2 Thieves","floor":18,"turns":5},{"damage":0,"enemies":"Shell Parasite","floor":19,"turns":8},{"damage":65,"enemies":"Cultist and Chosen","floor":20,"turns":7}],"seed_played":"-1959523660330003842","potions_obtained":[{"floor":1.0,"key":"PowerPotion"},{"floor":8.0,"key":"Ambrosia"}],"is_trial":false,"path_per_floor":["M","M","M","$","?","E","R","E","T","E","M","$","?","$","R","B",null,"M","M","M"],"character_chosen":"WATCHER","items_purchased":["TeardropLocket","DeceiveReality","LikeWater","Meditate+1","Protect+1"],"campfire_rested":0,"item_purchase_floors":[4,4,12,12,14],"current_hp_per_floor":[65,65,63,63,63,62,62,59,59,51,44,44,44,44,44,40,59,44,44,0,0],"gold":59,"neow_bonus":"TWO_FIFTY_GOLD","is_daily":false,"chose_seed":false,"campfire_upgraded":2,"win_rate":0.0,"timestamp":1609432218,"path_taken":["M","M","M","$","?","E","R","E","T","E","M","$","?","?","R","BOSS","M","M","?"],"items_purchased_type":["Relic","Card","Card","Card","Card"],"build_version":"2020-12-22","purchased_purges":1,"victory":false,"max_hp_per_floor":[65,65,65,65,65,65,65,65,65,65,65,65,65,65,65,65,65,65,65,65,65],"relic_stats":{"Nunchaku":[8],"counters":[11,68],"Astrolabe":["WaveOfTheHand","InnerPeace","WreathOfFlame"],"obtain_stats":[{"Nunchaku":9,"Astrolabe":17,"Damaru":10,"Omamori":8,"TeardropLocket":4,"PureWater":0,"Toxic Egg 2":6},{"Nunchaku":5,"Astrolabe":8,"Damaru":6,"Omamori":5,"TeardropLocket":3,"PureWater":0,"Toxic Egg 2":4},{"Nunchaku":27,"Astrolabe":48,"Damaru":31,"Omamori":27,"TeardropLocket":10,"PureWater":0,"Toxic Egg 2":18}]},"card_choices":[{"not_picked":["EmptyBody","Halt"],"picked":"TalkToTheHand","floor":1.0},{"not_picked":["Vengeance","SandsOfTime"],"picked":"Study","floor":2.0},{"not_picked":["Crescendo","Prostrate"],"picked":"FlurryOfBlows","floor":3.0},{"not_picked":["Halt+1","FlurryOfBlows"],"picked":"ClearTheMind+1","floor":6.0},{"not_picked":["PathToVictory+1","Ragnarok"],"picked":"Protect+1","floor":8.0},{"not_picked":["CutThroughFate","JustLucky"],"picked":"TalkToTheHand","floor":10.0},{"not_picked":["JustLucky","Consecrate"],"picked":"Prostrate+1","floor":11},{"not_picked":["Wish+1","ConjureBlade+1"],"picked":"Establishment","floor":16},{"not_picked":["FollowUp+1","ClearTheMind+1"],"picked":"FlurryOfBlows","floor":18},{"not_picked":["Halt+1","CrushJoints"],"picked":"FlurryOfBlows","floor":19}],"player_experience":249293,"relics_obtained":[{"floor":6.0,"key":"Toxic Egg 2"},{"floor":8.0,"key":"Omamori"},{"floor":9.0,"key":"Nunchaku"},{"floor":10.0,"key":"Damaru"}],"event_choices":[{"damage_healed":0.0,"max_hp_gain":0.0,"max_hp_loss":0.0,"gold_gain":0.0,"event_name":"Liars Game","player_choice":"Ignored","floor":5.0,"gold_loss":0.0,"damage_taken":0.0},{"damage_healed":0,"gold_gain":0,"player_choice":"Upgraded","damage_taken":0,"max_hp_gain":0,"max_hp_loss":0,"event_name":"Upgrade Shrine","floor":13,"gold_loss":0,"cards_upgraded":["TalkToTheHand"]}],"is_beta":false,"boss_relics":[{"not_picked":["Philosopher\u0027s Stone","Ectoplasm"],"picked":"Astrolabe"}],"items_purged_floors":[4],"is_endless":false,"potions_floor_spawned":[1,8],"killed_by":"Cultist and Chosen","ascension_level":6}}