{"host":"g75gtovmj0ine2rf","time":1609392876,"event":{"mods":["2.2 Compatiblity","AchievementEnabler","Act Like it!","Aspiration","Astrologer","Bard","BaseMod","Better Match","BetterRewards","CapriCore","Challenge The Spire","ChefMod","Colored Map","Conspire","Elementarium","Energized Spire","Friendly Minions","Gensokyo","Halation","Hallownest","Hermit","HexUI Lib","Highlight Path","Hubris","Infinite Spire","Jedi Mod","Lobotomy","Menagerie","Minty Spire (QoL Compilation)","Puzzle Mod","Quick Restart","Rare Cards Sparkle","Relic Stats","Replay The Spire","Robot Space Explorer","Shade Mod","Shop Mod","Spicy Shops","StSLib","SuperFastMode","The Construct","The Cursed","The Dragon Tamer","The Factory","The Jungle","The Marked","The Runesmith","TheBandit","TheFirefly","TheSwordswoman","TheVacant","Transform Curses","Wandering Minibosses","thorton","vexMod"],"gold_per_floor":[113,131,131,143,143,143,143,143],"floor_reached":6,"playtime":132,"items_purged":[],"score":61,"play_id":"33b633b5-8ad7-4a0d-acc3-30137870d4c9","local_time":"20201231163436","is_ascension_mode":false,"metric_token":3539,"campfire_choices":[],"dtmod_dragon_data":[50,50,-1,-1,0,0],"circlet_count":0,"master_deck":["DTMod:Strike","DTMod:Strike","DTMod:Strike","DTMod:Strike","DTMod:DoubleHit","DTMod:SwitchingTactic","DTMod:Haste","DTMod:PurifyingFlame","Hallownest:skillLeafShield","Hallownest:skillLeafShield","Hallownest:skillLeafShield","Hallownest:skillLeafShield","Hallownest:skillLeafShield"],"relics":["DTMod:PactStone","NeowsBlessing","Hallownest:DreamNailRelic"],"acts_visited":["Exordium"],"potions_floor_usage":[],"damage_taken":[{"damage":0,"enemies":"2_ Uuma","floor":1,"turns":1},{"damage":0,"enemies":"Hallownest:2_Baldur","floor":2,"turns":2},{"damage":0,"enemies":"Hallownest:2_MossCreeps","floor":4,"turns":2},{"damage":0,"enemies":"Hallownest:eliteCrystalGuardian","floor":6,"turns":2}],"seed_played":"1751740344108164988","potions_obtained":[{"floor":1,"key":"construct:ShiftPotion"},{"floor":2,"key":"Dexterity Potion"}],"is_trial":false,"path_per_floor":["M","M","?","M","?","E"],"character_chosen":"THE_DT","items_purchased":[],"campfire_rested":0,"item_purchase_floors":[],"current_hp_per_floor":[45,45,45,45,45,45,45,45],"gold":143,"neow_bonus":"THREE_ENEMY_KILL","is_daily":false,"chose_seed":false,"campfire_upgraded":0,"win_rate":0.0,"timestamp":1609392876,"path_taken":["M","M","?","?","?","E"],"items_purchased_type":[],"build_version":"2020-12-22","purchased_purges":0,"victory":false,"max_hp_per_floor":[45,45,45,45,45,45,45,45],"relic_stats":{"counters":[4,7],"obtain_stats":[{"DTMod:PactStone":0,"NeowsBlessing":0,"Hallownest:DreamNailRelic":3},{"DTMod:PactStone":0,"NeowsBlessing":0,"Hallownest:DreamNailRelic":2},{"DTMod:PactStone":0,"NeowsBlessing":0,"Hallownest:DreamNailRelic":3}]},"card_choices":[{"not_picked":["DTMod:BreakAttack","DTMod:Training"],"picked":"DTMod:Haste","floor":1},{"not_picked":["DTMod:Cover","DTMod:BurningEnergy","DTMod:CleansingStrike"],"picked":"SKIP","floor":2},{"not_picked":["DTMod:Cover","DTMod:BurningEnergy","DTMod:CleansingStrike"],"picked":"SKIP","floor":2},{"not_picked":["DTMod:BuildUp","DTMod:ShieldDrain"],"picked":"DTMod:PurifyingFlame","floor":4}],"player_experience":1365904,"relics_obtained":[],"event_choices":[],"is_beta":false,"boss_relics":[],"items_purged_floors":[],"is_endless":false,"potions_floor_spawned":[1,2],"killed_by":"Hallownest:eliteCrystalGuardian","ascension_level":0}}