{"host":"idmgg8r816nmas40","time":1609404395,"event":{"mods":["AchievementEnabler","AlwaysNeverKeys","BaseMod","BetterRewards","Block Reminder","Colored Map","Colored Powertips","DeckTracker","Googly Eyes","Highlight Path","Hubris","Infinite Spire","Minty Spire (QoL Compilation)","Quick Restart","Relic Stats","Replay The Spire","Shop Mod","StSLib","SuperFastMode","Synergy Search","Transform Curses"],"gold_per_floor":[113,133,143,35,55,83,83,102,156,156,173,202,202,232,232,308,308,325,343,356,356,366,394,394,427,427,454,454,454,454,404,404,478,478,497,511,511,411,423,457,457,457,457,470,483,514,514,529,529,529,529,529,214,249,249,249],"floor_reached":55,"playtime":3248,"items_purged":[],"score":2137,"play_id":"cb835ef4-e9f9-4bab-80f8-d11ecff93d0d","local_time":"20201231014635","is_ascension_mode":true,"campfire_choices":[{"data":"Chill","floor":7.0,"key":"SMITH"},{"data":"Force Field","floor":24.0,"key":"SMITH"},{"data":"Buffer","floor":28.0,"key":"SMITH"},{"data":"Dualcast","floor":32.0,"key":"SMITH"},{"data":"Sweeping Beam","floor":42.0,"key":"SMITH"},{"data":"Blizzard","floor":49.0,"key":"SMITH"},{"data":"ReplayGash","floor":52.0,"key":"SMITH"}],"circlet_count":0,"master_deck":["AscendersBane","Strike_B+1","Strike_B+1","Strike_B+1","Strike_B+1","Defend_B+1","Defend_B+1","Defend_B+1","Zap+1","Dualcast+1","Capacitor+1","Sweeping Beam","Cold Snap","ReplayGash+1","Gash","Barrage+1","Chill+1","Loop+1","Conserve Battery","Gash","Sunder+1","Force Field+1","All For One+1","Chill+1","Compile Driver","Coolheaded+1","Gash","Sweeping Beam+1","Ball Lightning","Chill","Buffer+1","Stack","Undo","Go for the Eyes+1","Conserve Battery","Sweeping Beam","Pain","Stack+1","Parasite","Gash","Sweeping Beam+1","Blizzard+1","Mayhem"],"relics":["Cracked Core","Lizard Tail","hubris:Spice","hubris:FunFungus","PreservedInsect","hubris:BallOfYels","infinitespire:Lychee Nut","HandDrill","Happy Flower","MealTicket","DataDisk","Bag of Preparation","Prayer Wheel","Busted Crown","Iron Hammer","infinitespire:WardingShard","Emotion Chip","hubris:Icosahedron","hubris:Backtick","Membership Card","Toy Ornithopter","Ornamental Fan","WarpedTongs","Pear","Art of War","Guide Book","infinitespire:Broken Mirror"],"acts_visited":["Exordium","TheCity","TheBeyond","TheEnding"],"potions_floor_usage":[],"damage_taken":[{"damage":1.0,"enemies":"Cultist","floor":1.0,"turns":3.0},{"damage":5.0,"enemies":"Jaw Worm","floor":2.0,"turns":2.0},{"damage":0.0,"enemies":"2 Louse","floor":3.0,"turns":2.0},{"damage":4.0,"enemies":"Large Slime","floor":5.0,"turns":5.0},{"damage":9.0,"enemies":"Gremlin Nob","floor":6.0,"turns":3.0},{"damage":0.0,"enemies":"2 Fungi Beasts","floor":8.0,"turns":2.0},{"damage":9.0,"enemies":"Gremlin Gang","floor":11.0,"turns":4.0},{"damage":4.0,"enemies":"Replay:BlueRogue","floor":12.0,"turns":3.0},{"damage":13.0,"enemies":"Lagavulin","floor":14.0,"turns":4.0},{"damage":61.0,"enemies":"Fading Forest","floor":16.0,"turns":13.0},{"damage":9.0,"enemies":"Spheric Guardian","floor":18.0,"turns":4.0},{"damage":0.0,"enemies":"3 Byrds","floor":19.0,"turns":5.0},{"damage":0.0,"enemies":"Centurion and Healer","floor":20.0,"turns":6.0},{"damage":13.0,"enemies":"3 Cultists","floor":22.0,"turns":4.0},{"damage":0.0,"enemies":"Gremlin Leader","floor":23.0,"turns":5.0},{"damage":4.0,"enemies":"Slavers","floor":25.0,"turns":4.0},{"damage":12.0,"enemies":"Book of Stabbing","floor":27.0,"turns":4.0},{"damage":22.0,"enemies":"hubris:MusketHawk","floor":33.0,"turns":7.0},{"damage":0.0,"enemies":"3 Darklings","floor":35.0,"turns":5.0},{"damage":45.0,"enemies":"3 Shapes","floor":36.0,"turns":4.0},{"damage":15.0,"enemies":"Maw","floor":39.0,"turns":8.0},{"damage":0.0,"enemies":"Reptomancer","floor":40.0,"turns":5.0},{"damage":0.0,"enemies":"3 Darklings","floor":44.0,"turns":5.0},{"damage":4.0,"enemies":"Writhing Mass","floor":45.0,"turns":6.0},{"damage":6.0,"enemies":"Nemesis","floor":46.0,"turns":5.0},{"damage":12.0,"enemies":"Maw","floor":48.0,"turns":7.0},{"damage":28.0,"enemies":"Donu and Deca","floor":50.0,"turns":9.0},{"damage":21.0,"enemies":"Shield and Spear","floor":54.0,"turns":3.0},{"damage":116,"enemies":"The Heart","floor":55,"turns":6}],"seed_played":"-2527329266365266764","potions_obtained":[{"floor":3.0,"key":"FearPotion"},{"floor":8.0,"key":"SpeedPotion"},{"floor":12.0,"key":"Elixir"},{"floor":20.0,"key":"LiquidMemories"},{"floor":22.0,"key":"FearPotion"},{"floor":23.0,"key":"Elixir"},{"floor":27.0,"key":"SkillPotion"},{"floor":39.0,"key":"Swift Potion"},{"floor":40.0,"key":"SkillPotion"},{"floor":48.0,"key":"Fruit Juice"}],"is_trial":false,"path_per_floor":["M","M","M","$","M","E","R","M","T","?","M","E","?","E","R_BF","B",null,"M","M","M","?","M","E","R","E","T","E","R","?","?","?","R","B",null,"M","M","?","$","M","E","?","R","T","M","M","E","?","M","R","B",null,"R","$","E","B"],"character_chosen":"DEFECT","items_purchased":["Lizard Tail","Capacitor","Sweeping Beam","hubris:FunFungus","PreservedInsect","hubris:BallOfYels","Cold Snap","ReplayGash","HandDrill","Gash","Conserve Battery","Explosive Potion","Sweeping Beam","Toy Ornithopter","Guide Book","Mayhem","infinitespire:Broken Mirror"],"campfire_rested":0,"item_purchase_floors":[0,0,0,0,0,0,0,0,0,0,4,4,38,38,53,53,53],"current_hp_per_floor":[58,54,58,58,55,51,51,54,54,54,51,52,52,45,59,20,49,48,54,59,59,46,55,55,56,56,49,49,49,49,49,49,33,53,59,14,14,29,31,43,43,43,53,66,65,65,65,69,69,49,68,68,74,62,0,0],"gold":249,"neow_bonus":"","is_daily":false,"chose_seed":false,"campfire_upgraded":7,"win_rate":0.0,"timestamp":1609404395,"path_taken":["M","M","?","?","M","E","R","M","T","?","M","E","?","E","R_BF","BOSS","M","M","M","?","M","E","R","E","T","E","R","?","?","?","R","BOSS","M","?","?","$","M","E","?","R","T","M","?","E","?","M","R","BOSS","R","$","E","BOSS"],"items_purchased_type":["Relic","Card","Card","Relic","Relic","Relic","Card","Card","Relic","Card","Card","Potion","Card","Relic","Relic","Card","Relic"],"build_version":"2020-12-22","purchased_purges":0,"victory":false,"max_hp_per_floor":[59,59,59,59,59,59,59,59,59,59,59,59,59,59,59,59,59,59,59,59,59,59,59,59,59,59,59,59,59,59,59,59,59,59,59,59,59,59,59,59,59,59,69,69,69,69,69,74,74,74,74,74,74,82,82,82],"relic_stats":{"Happy Flower":[42],"counters":[62,282],"PreservedInsect":369,"Bag of Preparation":[86],"WarpedTongs":[67],"Lizard Tail":41,"Emotion Chip":[71,28,43,0,0],"Busted Crown":60,"Ornamental Fan":[120],"MealTicket":21,"Prayer Wheel":10,"HandDrill":[66],"Art of War":[0],"obtain_stats":[{"Golden Egg":23,"hubris:BallOfYels":0,"Gremlin Horn":0,"Spirit Poop":48,"Ginger":31,"Blood Vial":29,"Centennial Puzzle":46,"Lizard Tail":0,"DollysMirror":0,"hubris:DeckOfHolding":3,"Philosopher\u0027s Stone":34,"MealTicket":9,"Prayer Wheel":16,"Iron Hammer":9,"HandDrill":53,"Replay:Wax Seal":31,"Pear":43,"Happy Flower":6,"Oddly Smooth Stone":7,"WarpedTongs":37,"infinitespire:Lychee Nut":0,"infinitespire:Broken Mirror":53,"hubris:PeanutButter":9,"Simple Rune":10,"Black Star":17,"StrikeDummy":54,"ReplayTheSpireMod:Ring of Exchange":2,"Regal Pillow":43,"Bag of Preparation":12,"ClockworkSouvenir":0,"Replay:Rubber Ducky":23,"Emotion Chip":26,"Chameleon Ring":0,"hubris:Icosahedron":29,"hubris:Backtick":34,"Mummified Hand":29,"Pantograph":41,"hubris:FunFungus":0,"Replay:Bottled Snecko":7,"Cracked Core":0,"hubris:GlazedTorus":0,"Guide Book":53,"PreservedInsect":0,"Geode":26,"Anchor":41,"DataDisk":12,"Busted Crown":17,"infinitespire:WardingShard":25,"hubris:Spice":0,"Ornamental Fan":40,"Art of War":46,"Bottled Lightning":54,"Membership Card":34,"Toy Ornithopter":38,"infinitespire:Freezer":11},{"Golden Egg":17,"hubris:BallOfYels":33,"Gremlin Horn":0,"Spirit Poop":30,"Ginger":22,"Blood Vial":20,"Centennial Puzzle":29,"Lizard Tail":33,"DollysMirror":6,"hubris:DeckOfHolding":1,"Philosopher\u0027s Stone":23,"MealTicket":39,"Prayer Wheel":43,"Iron Hammer":9,"HandDrill":31,"Replay:Wax Seal":22,"Pear":55,"Happy Flower":38,"Oddly Smooth Stone":9,"WarpedTongs":24,"infinitespire:Lychee Nut":33,"infinitespire:Broken Mirror":60,"hubris:PeanutButter":3,"Simple Rune":10,"Black Star":13,"StrikeDummy":32,"ReplayTheSpireMod:Ring of Exchange":1,"Regal Pillow":27,"Bag of Preparation":10,"ClockworkSouvenir":0,"Replay:Rubber Ducky":17,"Emotion Chip":49,"Chameleon Ring":6,"hubris:Icosahedron":50,"hubris:Backtick":51,"Mummified Hand":20,"Pantograph":27,"hubris:FunFungus":33,"Replay:Bottled Snecko":3,"Cracked Core":0,"hubris:GlazedTorus":6,"Guide Book":60,"PreservedInsect":33,"Geode":18,"Anchor":27,"DataDisk":41,"Busted Crown":43,"infinitespire:WardingShard":49,"hubris:Spice":33,"Ornamental Fan":55,"Art of War":58,"Bottled Lightning":32,"Membership Card":51,"Toy Ornithopter":53,"infinitespire:Freezer":10},{"Golden Egg":72,"hubris:BallOfYels":139,"Gremlin Horn":0,"Spirit Poop":125,"Ginger":93,"Blood Vial":85,"Centennial Puzzle":124,"Lizard Tail":139,"DollysMirror":24,"hubris:DeckOfHolding":3,"Philosopher\u0027s Stone":101,"MealTicket":156,"Prayer Wheel":170,"Iron Hammer":35,"HandDrill":129,"Replay:Wax Seal":93,"Pear":241,"Happy Flower":154,"Oddly Smooth Stone":35,"WarpedTongs":104,"infinitespire:Lychee Nut":139,"infinitespire:Broken Mirror":273,"hubris:PeanutButter":11,"Simple Rune":42,"Black Star":54,"StrikeDummy":134,"ReplayTheSpireMod:Ring of Exchange":3,"Regal Pillow":116,"Bag of Preparation":42,"ClockworkSouvenir":0,"Replay:Rubber Ducky":72,"Emotion Chip":208,"Chameleon Ring":24,"hubris:Icosahedron":212,"hubris:Backtick":219,"Mummified Hand":85,"Pantograph":116,"hubris:FunFungus":139,"Replay:Bottled Snecko":11,"Cracked Core":0,"hubris:GlazedTorus":24,"Guide Book":273,"PreservedInsect":139,"Geode":78,"Anchor":116,"DataDisk":163,"Busted Crown":180,"infinitespire:WardingShard":208,"hubris:Spice":139,"Ornamental Fan":241,"Art of War":257,"Bottled Lightning":134,"Membership Card":219,"Toy Ornithopter":228,"infinitespire:Freezer":42}],"Toy Ornithopter":25},"card_choices":[{"not_picked":["ReplayTheSpireMod:Repulse","Compile Driver"],"picked":"Barrage","floor":1.0},{"not_picked":["Skim","BootSequence"],"picked":"Chill","floor":2.0},{"not_picked":["Reinforced Body","Rip and Tear"],"picked":"Loop","floor":3.0},{"not_picked":["Rebound","ReplayTheSpireMod:System Scan","Streamline"],"picked":"SKIP","floor":5.0},{"not_picked":["Seek","Stack"],"picked":"Gash","floor":6.0},{"not_picked":["Redo","ReplayTheSpireMod:GoodbyeWorld","Reinforced Body"],"picked":"SKIP","floor":8.0},{"not_picked":["Turbo","Sweeping Beam"],"picked":"Sunder","floor":11.0},{"not_picked":["Cold Snap","Go for the Eyes"],"picked":"Force Field","floor":12.0},{"not_picked":["Streamline","Defragment"],"picked":"ReplayTheSpireMod:Fabricate Wheel","floor":14.0},{"not_picked":["hubris:SpecializedCircuitry","Multi-Cast"],"picked":"All For One","floor":16.0},{"not_picked":[],"picked":"Chill+1","floor":18.0},{"not_picked":[],"picked":"Compile Driver","floor":18.0},{"not_picked":[],"picked":"Coolheaded+1","floor":19.0},{"not_picked":["Reinforced Body"],"picked":"SKIP","floor":19.0},{"not_picked":["Reinforced Body"],"picked":"SKIP","floor":19.0},{"not_picked":[],"picked":"Gash","floor":20.0},{"not_picked":[],"picked":"Sweeping Beam","floor":20.0},{"not_picked":[],"picked":"Ball Lightning","floor":22.0},{"not_picked":["Barrage"],"picked":"SKIP","floor":22.0},{"not_picked":["Reprogram"],"picked":"SKIP","floor":23.0},{"not_picked":[],"picked":"Chill","floor":25.0},{"not_picked":[],"picked":"Buffer","floor":27.0},{"not_picked":[],"picked":"Stack","floor":35.0},{"not_picked":[],"picked":"Undo","floor":35.0},{"not_picked":[],"picked":"Go for the Eyes+1","floor":36.0},{"not_picked":[],"picked":"Conserve Battery","floor":36.0},{"not_picked":["Beam Cell"],"picked":"SKIP","floor":39.0},{"not_picked":["Rip and Tear"],"picked":"SKIP","floor":39.0},{"not_picked":["Turbo"],"picked":"SKIP","floor":40.0},{"not_picked":[],"picked":"Stack+1","floor":44.0},{"not_picked":["Static Discharge"],"picked":"SKIP","floor":44.0},{"not_picked":[],"picked":"Gash","floor":45.0},{"not_picked":["Time Bomb+1"],"picked":"SKIP","floor":45.0},{"not_picked":["ReplaySort"],"picked":"SKIP","floor":46.0},{"not_picked":[],"picked":"Sweeping Beam+1","floor":48.0},{"not_picked":[],"picked":"Blizzard","floor":48.0},{"not_picked":["Stack"],"picked":"SKIP","floor":54.0}],"player_experience":1017860,"relics_obtained":[{"floor":6.0,"key":"Happy Flower"},{"floor":9.0,"key":"MealTicket"},{"floor":12.0,"key":"DataDisk"},{"floor":14.0,"key":"Bag of Preparation"},{"floor":23.0,"key":"Iron Hammer"},{"floor":25.0,"key":"infinitespire:WardingShard"},{"floor":26.0,"key":"Emotion Chip"},{"floor":40.0,"key":"Ornamental Fan"},{"floor":43.0,"key":"Pear"},{"floor":46.0,"key":"Art of War"},{"floor":54.0,"key":"hubris:Spice"}],"event_choices":[{"damage_healed":0.0,"max_hp_gain":0.0,"max_hp_loss":0.0,"gold_gain":0.0,"event_name":"Back to Basics","player_choice":"Simplicity","floor":21.0,"gold_loss":0.0,"damage_taken":0.0,"cards_upgraded":["Strike_B","Strike_B","Strike_B","Strike_B","Defend_B","Defend_B","Defend_B","Defend_B"]},{"damage_healed":0.0,"max_hp_gain":0.0,"max_hp_loss":0.0,"gold_gain":0.0,"event_name":"Ghosts","player_choice":"Ignored","floor":30.0,"gold_loss":0.0,"damage_taken":0.0},{"damage_healed":0.0,"max_hp_gain":0.0,"max_hp_loss":0.0,"gold_gain":0.0,"event_name":"Designer","player_choice":"Upgrade","floor":31.0,"gold_loss":50.0,"damage_taken":0.0,"cards_upgraded":["Zap"]},{"damage_healed":0.0,"max_hp_gain":0.0,"max_hp_loss":0.0,"gold_gain":0.0,"event_name":"The Moai Head","player_choice":"Ignored","floor":37.0,"gold_loss":0.0,"damage_taken":0.0},{"damage_healed":0.0,"max_hp_gain":0.0,"max_hp_loss":0.0,"gold_gain":0.0,"event_name":"Accursed Blacksmith","player_choice":"Rummage","floor":41.0,"gold_loss":0.0,"damage_taken":0.0,"relics_obtained":["WarpedTongs"],"cards_obtained":["Pain"]},{"cards_removed":["Defend_B"],"damage_healed":0.0,"max_hp_gain":0.0,"max_hp_loss":0.0,"gold_gain":0.0,"event_name":"Falling","player_choice":"Removed Skill","floor":47.0,"gold_loss":0.0,"damage_taken":0.0}],"is_beta":false,"boss_relics":[{"not_picked":["Runic Pyramid","hubris:Spice"],"picked":"Busted Crown"},{"not_picked":["hubris:Spice","Tiny House"],"picked":"hubris:Backtick"}],"items_purged_floors":[],"is_endless":false,"potions_floor_spawned":[3,5,8,12,14,20,22,23,27,35,36,39,40,48],"killed_by":"The Heart","ascension_level":19}}