{"host":"khm4we1ijduz33xh","time":1609419028,"event":{"mods":["AchievementEnabler","BaseMod","Colored Map","Minty Spire (QoL Compilation)","Rare Cards Sparkle","StSLib","SuperFastMode"],"gold_per_floor":[116,135,63,77,77,111,170,199,222,260,260,302,45,70,70,182,182,200,210,221,53,53,53,91,91,118,153,168,191,191,204,204,311,370,386,405,416,416,135,176,176,176,202,202,202],"floor_reached":44,"playtime":2189,"items_purged":["Strike_R","Strike_R","Feel No Pain"],"score":680,"play_id":"307536b6-1d1f-42a7-968b-4b2b0f5d50e6","local_time":"20201231215028","is_ascension_mode":true,"campfire_choices":[{"data":"Hemokinesis","floor":11,"key":"SMITH"},{"data":"Offering","floor":15,"key":"SMITH"},{"data":"Offering","floor":23,"key":"SMITH"},{"floor":25,"key":"REST"},{"floor":32,"key":"REST"},{"data":"Blood for Blood","floor":42,"key":"SMITH"}],"circlet_count":0,"master_deck":["Strike_R","Strike_R+1","Defend_R","Defend_R","Defend_R","Defend_R","Bash","Anger","Shrug It Off","Hemokinesis+1","Hemokinesis+1","Burning Pact","Metallicize","Offering+1","Blood for Blood+1","Spot Weakness","Offering+1","Combust","Reaper","Metallicize","Seeing Red+1","Berserk+1","Hemokinesis","Hemokinesis"],"relics":["Black Blood","NeowsBlessing","CeramicFish","Strawberry","Akabeko","Oddly Smooth Stone","Vajra","FossilizedHelix","Lantern","Thread and Needle","Tiny House","Whetstone","Bottled Flame","White Beast Statue"],"acts_visited":["Exordium","TheCity","TheBeyond"],"potions_floor_usage":[24,24,33,35,40,40],"damage_taken":[{"damage":0,"enemies":"Jaw Worm","floor":1,"turns":1},{"damage":0,"enemies":"Small Slimes","floor":2,"turns":1},{"damage":0,"enemies":"Cultist","floor":4,"turns":1},{"damage":30,"enemies":"Gremlin Nob","floor":6,"turns":4},{"damage":5,"enemies":"2 Fungi Beasts","floor":8,"turns":3},{"damage":13,"enemies":"3 Sentries","floor":10,"turns":9},{"damage":12,"enemies":"Gremlin Nob","floor":12,"turns":3},{"damage":10,"enemies":"Blue Slaver","floor":14,"turns":1},{"damage":16,"enemies":"Slime Boss","floor":16,"turns":6},{"damage":19,"enemies":"3 Byrds","floor":18,"turns":4},{"damage":28,"enemies":"2 Thieves","floor":19,"turns":3},{"damage":29,"enemies":"Snake Plant","floor":20,"turns":2},{"damage":39,"enemies":"Book of Stabbing","floor":24,"turns":4},{"damage":12,"enemies":"Gremlin Leader","floor":27,"turns":4},{"damage":30,"enemies":"Snecko","floor":28,"turns":4},{"damage":15,"enemies":"3 Cultists","floor":29,"turns":4},{"damage":25,"enemies":"Centurion and Healer","floor":31,"turns":4},{"damage":67,"enemies":"Automaton","floor":33,"turns":7},{"damage":30,"enemies":"3 Darklings","floor":35,"turns":4},{"damage":13,"enemies":"Orb Walker","floor":36,"turns":2},{"damage":27,"enemies":"Spire Growth","floor":37,"turns":4},{"damage":58,"enemies":"Nemesis","floor":40,"turns":5},{"damage":55,"enemies":"Giant Head","floor":44,"turns":6}],"seed_played":"5636055983243348250","potions_obtained":[{"floor":4,"key":"CultistPotion"},{"floor":6,"key":"Swift Potion"},{"floor":10,"key":"Weak Potion"},{"floor":14,"key":"ColorlessPotion"},{"floor":28,"key":"Explosive Potion"},{"floor":31,"key":"Fire Potion"},{"floor":34,"key":"AttackPotion"},{"floor":35,"key":"LiquidBronze"},{"floor":37,"key":"Energy Potion"}],"is_trial":false,"path_per_floor":["M","M","$","M","?","E","?","M","T","E","R","E","$","M","R","B",null,"M","M","M","$","?","R","E","R","T","E","M","M","?","M","R","B",null,"M","M","M","?","$","E","?","R","T","E"],"character_chosen":"IRONCLAD","items_purchased":["Hemokinesis","Feel No Pain","Vajra","Combust","Whetstone"],"campfire_rested":2,"item_purchase_floors":[3,13,13,21,39],"current_hp_per_floor":[80,80,80,80,80,56,56,57,64,57,57,51,51,47,47,37,87,80,64,47,47,47,47,20,46,46,61,48,61,44,31,58,16,97,97,96,89,89,89,51,51,51,51,0,0],"gold":202,"neow_bonus":"THREE_ENEMY_KILL","is_daily":false,"chose_seed":false,"campfire_upgraded":4,"win_rate":0.0,"timestamp":1609419028,"path_taken":["M","M","$","M","?","E","?","M","T","E","R","E","?","M","R","BOSS","M","M","M","$","?","R","E","R","T","E","M","M","?","M","R","BOSS","M","M","M","?","$","E","?","R","T","E"],"items_purchased_type":["Card","Card","Relic","Card","Relic"],"build_version":"2020-12-22","purchased_purges":3,"victory":false,"max_hp_per_floor":[80,80,80,80,80,80,80,80,87,87,87,87,87,87,87,87,87,87,87,87,87,87,87,87,87,87,87,87,87,92,92,92,92,97,97,97,97,97,97,97,97,97,97,97,97],"card_choices":[{"not_picked":["Iron Wave","Cleave"],"picked":"Anger","floor":1},{"not_picked":["Cleave","Havoc"],"picked":"Shrug It Off","floor":2},{"not_picked":["Cleave","Headbutt"],"picked":"Battle Trance","floor":4},{"not_picked":["Sever Soul","Impervious"],"picked":"Burning Pact","floor":6},{"not_picked":["Headbutt","Twin Strike"],"picked":"Metallicize","floor":8},{"not_picked":["Sentinel","Dropkick"],"picked":"Offering","floor":10},{"not_picked":["Entrench","Clothesline"],"picked":"Blood for Blood","floor":12},{"not_picked":["Twin Strike","Thunderclap"],"picked":"Spot Weakness","floor":14},{"not_picked":["Corruption","Bludgeon"],"picked":"Offering","floor":16},{"not_picked":["Havoc+1","Perfected Strike","Pummel+1"],"picked":"SKIP","floor":18},{"not_picked":["Perfected Strike","Twin Strike","True Grit"],"picked":"SKIP","floor":19},{"not_picked":["Fire Breathing","Iron Wave","Clash"],"picked":"SKIP","floor":20},{"not_picked":["Pummel","Wild Strike"],"picked":"Reaper","floor":24},{"not_picked":["Heavy Blade","Headbutt"],"picked":"Metallicize","floor":27},{"not_picked":["Sever Soul","Flex","Wild Strike"],"picked":"SKIP","floor":28},{"not_picked":["Wild Strike","Flame Barrier"],"picked":"Seeing Red+1","floor":29},{"not_picked":["Barricade","Iron Wave","Twin Strike"],"picked":"SKIP","floor":31},{"not_picked":["Corruption","Double Tap"],"picked":"Berserk","floor":33},{"not_picked":["Intimidate+1","Shrug It Off"],"picked":"Hemokinesis","floor":34},{"not_picked":["Whirlwind","Flex","Iron Wave"],"picked":"SKIP","floor":35},{"not_picked":["Cleave+1","Wild Strike","Shrug It Off"],"picked":"SKIP","floor":36},{"not_picked":["Havoc+1","Body Slam+1","Iron Wave"],"picked":"SKIP","floor":37},{"not_picked":["Iron Wave+1","Sentinel+1"],"picked":"Hemokinesis","floor":40}],"player_experience":163567,"relics_obtained":[{"floor":6,"key":"CeramicFish"},{"floor":9,"key":"Strawberry"},{"floor":10,"key":"Akabeko"},{"floor":12,"key":"Oddly Smooth Stone"},{"floor":24,"key":"FossilizedHelix"},{"floor":26,"key":"Lantern"},{"floor":27,"key":"Thread and Needle"},{"floor":40,"key":"Bottled Flame"}],"event_choices":[{"damage_healed":0,"gold_gain":0,"cards_transformed":["Strike_R"],"player_choice":"Change","damage_taken":0,"max_hp_gain":0,"max_hp_loss":0,"event_name":"Living Wall","floor":5,"gold_loss":0,"cards_obtained":["Hemokinesis"]},{"damage_healed":0,"gold_gain":59,"player_choice":"Gained Gold","damage_taken":0,"max_hp_gain":0,"max_hp_loss":0,"event_name":"Golden Wing","floor":7,"gold_loss":0},{"cards_removed":["Battle Trance"],"damage_healed":0,"gold_gain":0,"player_choice":"Elegance","damage_taken":0,"max_hp_gain":0,"max_hp_loss":0,"event_name":"Back to Basics","floor":22,"gold_loss":0},{"damage_healed":0,"gold_gain":0,"player_choice":"Shed Blood","damage_taken":22,"max_hp_gain":5,"max_hp_loss":0,"event_name":"Forgotten Altar","floor":30,"gold_loss":0},{"damage_healed":0,"gold_gain":0,"player_choice":"Ignored","damage_taken":0,"max_hp_gain":0,"max_hp_loss":0,"event_name":"Tomb of Lord Red Mask","floor":38,"gold_loss":0},{"damage_healed":0,"gold_gain":0,"player_choice":"Gave Potion","damage_taken":0,"relics_obtained":["White Beast Statue"],"max_hp_gain":0,"max_hp_loss":0,"event_name":"WeMeetAgain","floor":41,"gold_loss":0}],"is_beta":false,"boss_relics":[{"not_picked":["Sozu","Empty Cage"],"picked":"Black Blood"},{"not_picked":["Velvet Choker","SacredBark"],"picked":"Tiny House"}],"items_purged_floors":[13,21,39],"is_endless":false,"potions_floor_spawned":[4,6,10,14,18,19,28,31,35,37],"killed_by":"Giant Head","ascension_level":2}}