{"host":"1zfbckszmdcrhnfi","time":1609431857,"event":{"mods":["AchievementEnabler","BaseMod","Colored Map","Downfall","Marisa£®ÏF”Í°°ƒß¿Ì…≥£©","Minty Spire (QoL Compilation)","Replay The Spire","Shop Mod","StSLib","The Cursed","The Servant 0.9.4"],"gold_per_floor":[119,119,119,137,137,137,137,162,175,175,175,49,64,64,82,93,93,191,191,203,216,216,216],"floor_reached":22,"playtime":918,"items_purged":["Doubt"],"score":211,"play_id":"9b6290bb-3492-4423-a8e4-abb59211c8d1","local_time":"20210101002417","is_ascension_mode":false,"campfire_choices":[{"data":"Defend_B","floor":14,"key":"PURGE"},{"floor":17,"key":"REST"}],"circlet_count":0,"master_deck":["Strike_B","Strike_B","Strike_B","Defend_B","Defend_B","Defend_B","Zap","Dualcast","Conserve Battery","Streamline","Defragment+1","Consume+1","Rebound","Thunder Strike","CurseOfTheBell","Go for the Eyes+1","ReplayTheSpireMod:Calculation Training","Time Bomb"],"relics":["Cracked Core","NeowsBlessing","ReplayTheSpireMod:Ring of Addiction","Potion Belt","Ring of Hypnosis","Toy Ornithopter","Peace Pipe","CultistMask","Calling Bell","Gremlin Food","Replay:Bottled Eggs","Prayer Wheel"],"acts_visited":["Exordium","TheCity"],"potions_floor_usage":[13,18,22,22],"damage_taken":[{"damage":0.0,"enemies":"Jaw Worm","floor":1.0,"turns":1.0},{"damage":0.0,"enemies":"Small Slimes","floor":4.0,"turns":1.0},{"damage":0.0,"enemies":"Lagavulin","floor":8.0,"turns":1.0},{"damage":0.0,"enemies":"2 Louse","floor":9.0,"turns":2.0},{"damage":18,"enemies":"Lots of Slimes","floor":13,"turns":4},{"damage":14,"enemies":"Large Slime","floor":15,"turns":5},{"damage":6,"enemies":"2 Fungi Beasts","floor":16,"turns":3},{"damage":73,"enemies":"Fading Forest","floor":18,"turns":11},{"damage":39,"enemies":"Spheric Guardian","floor":20,"turns":6},{"damage":17,"enemies":"Chosen","floor":21,"turns":5},{"damage":57,"enemies":"3 Cultists","floor":22,"turns":4}],"seed_played":"6442568532789345807","potions_obtained":[{"floor":1.0,"key":"Fire Potion"},{"floor":3.0,"key":"EntropicBrew"},{"floor":3.0,"key":"Guardian:BlockOnCardUsePotion"},{"floor":3.0,"key":"Languid Potion"},{"floor":9.0,"key":"FairyPotion"},{"floor":13,"key":"SkillPotion"},{"floor":18,"key":"Weak Potion"}],"is_trial":false,"path_per_floor":["M","?","?","M","?","PTL","PTL","E","M","?","T","$","M","R","M","M","R","B",null,"M","M","M"],"character_chosen":"DEFECT","items_purchased":["Defragment+1"],"campfire_rested":1,"item_purchase_floors":[12],"current_hp_per_floor":[75,75,75,75,80,80,78,78,78,76,76,76,58,58,44,38,60,12,74,35,18,0,0],"gold":216,"neow_bonus":"THREE_ENEMY_KILL","is_daily":false,"chose_seed":false,"campfire_upgraded":0,"win_rate":0.0,"timestamp":1609431857,"path_taken":["M","?","?","M","?","PTL","PTL","E","M","?","T","$","M","R","?","M","R","BOSS","M","M","M"],"items_purchased_type":["Card"],"build_version":"2020-12-22","purchased_purges":1,"victory":false,"max_hp_per_floor":[75,75,75,75,80,80,78,78,78,76,76,76,76,76,76,76,74,74,74,74,74,72,72],"card_choices":[{"not_picked":["Auto Shields","ReplayGash","Cold Snap"],"picked":"SKIP","floor":1.0},{"not_picked":["Compile Driver","Sweeping Beam"],"picked":"Conserve Battery","floor":4.0},{"not_picked":["Heatsinks","Double Energy","ReplayTheSpireMod:GoodbyeWorld"],"picked":"SKIP","floor":8.0},{"not_picked":["Undo","Reprogram"],"picked":"Streamline","floor":9.0},{"not_picked":["Ball Lightning","Streamline"],"picked":"Consume","floor":13},{"not_picked":["Ball Lightning","Stack","ReplayTheSpireMod:GoodbyeWorld"],"picked":"SKIP","floor":15},{"not_picked":["Panic Button","Go for the Eyes"],"picked":"Rebound","floor":16},{"not_picked":["All For One","Hyperbeam"],"picked":"Thunder Strike","floor":18},{"not_picked":["Conserve Battery","Sunder"],"picked":"Go for the Eyes+1","floor":20},{"not_picked":["Undo","BasicCrystalCard","Stack"],"picked":"SKIP","floor":20},{"not_picked":["White Noise","Blizzard"],"picked":"ReplayTheSpireMod:Calculation Training","floor":21},{"not_picked":["Tempest","Go for the Eyes+1"],"picked":"Time Bomb","floor":21}],"player_experience":164396,"relics_obtained":[{"floor":3.0,"key":"ReplayTheSpireMod:Ring of Addiction"},{"floor":3.0,"key":"Potion Belt"},{"floor":3.0,"key":"Ring of Hypnosis"},{"floor":3.0,"key":"Toy Ornithopter"},{"floor":8.0,"key":"Peace Pipe"},{"floor":19,"key":"Gremlin Food"},{"floor":19,"key":"Replay:Bottled Eggs"},{"floor":19,"key":"Prayer Wheel"}],"event_choices":[{"damage_healed":0.0,"max_hp_gain":5.0,"max_hp_loss":0.0,"gold_gain":0.0,"event_name":"Big Fish","player_choice":"Donut","floor":5.0,"gold_loss":0.0,"damage_taken":0.0},{"damage_healed":0.0,"max_hp_gain":0.0,"max_hp_loss":0.0,"gold_gain":0.0,"event_name":"FaceTrader","player_choice":"Trade","floor":10.0,"gold_loss":0.0,"damage_taken":0.0,"relics_obtained":["CultistMask"]}],"is_beta":false,"boss_relics":[{"not_picked":["Empty Cage","Ring of Chaos"],"picked":"Calling Bell"}],"items_purged_floors":[12],"is_endless":false,"potions_floor_spawned":[1,9,13,18],"killed_by":"3 Cultists","ascension_level":0}}