{"host":"rmsq46plbpwfbxcc","time":1609403289,"event":{"mods":["AchievementEnabler","BaseMod","Colored Map","Colored Powertips","DeckTracker","KOR Keyword Fix","Minty Spire (QoL Compilation)","Permanent Neow","Quick Restart","SuperFastMode"],"gold_per_floor":[119,119,55,69,80,80,106,106,130,130,142,155,190,204,204,283,283,295,107,107,117,117,117,144,69,94,123,123,123,156,175,175,252,252,267,281,300,300,280,280,314,314,314,46,64,14,27,44,44,44],"floor_reached":51,"playtime":1711,"items_purged":["Defend_G","Parasite","Strike_G"],"score":1454,"play_id":"da6a3e4b-1caa-4ba3-a4e0-7b228e12f9f7","local_time":"20201231172809","is_ascension_mode":true,"campfire_choices":[{"data":"Neutralize","floor":6.0,"key":"SMITH"},{"data":"Blur","floor":8.0,"key":"SMITH"},{"data":"Survivor","floor":10.0,"key":"SMITH"},{"data":"Blade Dance","floor":15.0,"key":"SMITH"},{"data":"Envenom","floor":23.0,"key":"SMITH"},{"data":"Cloak And Dagger","floor":28.0,"key":"SMITH"},{"floor":32.0,"key":"REST"},{"data":"After Image","floor":40.0,"key":"SMITH"},{"data":"Terror","floor":42.0,"key":"SMITH"},{"data":"Phantasmal Killer","floor":49.0,"key":"SMITH"}],"circlet_count":0,"master_deck":["AscendersBane","Strike_G","Defend_G","Defend_G","Survivor+1","Neutralize+1","Reflex+1","Die Die Die+1","Dagger Throw+1","Blur+1","Terror+1","Blade Dance+1","Choke","Envenom+1","Cloak And Dagger+1","Phantasmal Killer+1","After Image+1","Terror+1","Footwork+1"],"relics":["Astrolabe","Nunchaku","The Courier","Bag of Preparation","MealTicket","Black Star","PreservedInsect","Anchor","Eternal Feather","Darkstone Periapt","Smiling Mask","Dream Catcher","Kunai","Lantern","Bronze Scales","Sozu","Vajra","Blood Vial","Frozen Egg 2","Pantograph"],"acts_visited":["Exordium","TheCity","TheBeyond"],"potions_floor_usage":[],"damage_taken":[{"damage":4.0,"enemies":"Jaw Worm","floor":1.0,"turns":2.0},{"damage":0.0,"enemies":"Cultist","floor":4.0,"turns":3.0},{"damage":0.0,"enemies":"2 Louse","floor":5.0,"turns":1.0},{"damage":12.0,"enemies":"Lagavulin","floor":7.0,"turns":8.0},{"damage":1.0,"enemies":"Exordium Thugs","floor":11.0,"turns":6.0},{"damage":0.0,"enemies":"2 Fungi Beasts","floor":12.0,"turns":2.0},{"damage":0.0,"enemies":"Gremlin Nob","floor":13.0,"turns":3.0},{"damage":0.0,"enemies":"3 Louse","floor":14.0,"turns":1.0},{"damage":13.0,"enemies":"Hexaghost","floor":16.0,"turns":9.0},{"damage":3.0,"enemies":"2 Thieves","floor":18.0,"turns":3.0},{"damage":0.0,"enemies":"Chosen","floor":21.0,"turns":3.0},{"damage":24.0,"enemies":"Gremlin Leader","floor":24.0,"turns":5.0},{"damage":35.0,"enemies":"Book of Stabbing","floor":27.0,"turns":5.0},{"damage":13.0,"enemies":"Gremlin Leader","floor":30.0,"turns":5.0},{"damage":13.0,"enemies":"Shelled Parasite and Fungi","floor":31.0,"turns":3.0},{"damage":15.0,"enemies":"Automaton","floor":33.0,"turns":8.0},{"damage":14.0,"enemies":"3 Shapes","floor":35.0,"turns":6.0},{"damage":6.0,"enemies":"3 Darklings","floor":36.0,"turns":7.0},{"damage":0.0,"enemies":"Writhing Mass","floor":37.0,"turns":6.0},{"damage":22.0,"enemies":"Reptomancer","floor":41.0,"turns":6.0},{"damage":12.0,"enemies":"Maw","floor":45.0,"turns":6.0},{"damage":17.0,"enemies":"Spire Growth","floor":47.0,"turns":4.0},{"damage":7.0,"enemies":"Writhing Mass","floor":48.0,"turns":4.0},{"damage":67,"enemies":"Donu and Deca","floor":50,"turns":11}],"seed_played":"9125237253360929945","potions_obtained":[{"floor":4.0,"key":"ColorlessPotion"},{"floor":12.0,"key":"Fire Potion"},{"floor":14.0,"key":"Regen Potion"},{"floor":21.0,"key":"Strength Potion"},{"floor":27.0,"key":"CultistPotion"},{"floor":30.0,"key":"Explosive Potion"}],"is_trial":false,"path_per_floor":["M","$","?","M","M","R","E","R","T","R","M","M","E","M","R","B",null,"M","$","?","M","?","R","E","?","T","E","R","?","E","M","R","B",null,"M","M","M","?","?","R","E","R","T","$","M","$","M","M","R","B",null],"character_chosen":"THE_SILENT","items_purchased":["PreservedInsect","Pantograph"],"campfire_rested":1,"item_purchase_floors":[19,44],"current_hp_per_floor":[55,55,55,55,55,55,43,43,43,43,42,42,42,42,42,29,57,54,66,66,66,66,66,42,42,42,21,30,30,17,4,32,17,54,40,34,40,40,40,49,27,39,39,54,44,59,44,39,48,2],"gold":44,"neow_bonus":"BOSS_RELIC","is_daily":false,"chose_seed":false,"campfire_upgraded":9,"win_rate":0.0,"timestamp":1609403289,"path_taken":["M","$","?","M","M","R","E","R","T","R","M","M","E","?","R","BOSS","M","$","?","M","?","R","E","?","T","E","R","?","E","M","R","BOSS","M","M","M","?","?","R","E","R","T","$","?","$","M","M","R","BOSS"],"items_purchased_type":["Relic","Relic"],"build_version":"2020-12-22","purchased_purges":3,"victory":true,"max_hp_per_floor":[66,66,66,66,66,66,66,66,66,66,66,66,66,66,66,66,66,66,66,66,66,66,66,66,66,66,66,66,66,66,66,66,66,66,66,66,72,72,72,72,72,72,72,69,69,69,69,69,69,69],"card_choices":[{"not_picked":["Deadly Poison","Backflip","Endless Agony"],"picked":"SKIP","floor":1.0},{"not_picked":["Dodge and Roll","Poisoned Stab","Slice"],"picked":"SKIP","floor":4.0},{"not_picked":["Endless Agony","Deadly Poison"],"picked":"Blur","floor":5.0},{"not_picked":["Infinite Blades","Crippling Poison","Masterful Stab"],"picked":"SKIP","floor":7.0},{"not_picked":["Backflip","Prepared"],"picked":"Terror","floor":11.0},{"not_picked":["Backflip","Skewer"],"picked":"Blade Dance","floor":12.0},{"not_picked":["Leg Sweep","Outmaneuver"],"picked":"Choke","floor":13.0},{"not_picked":["Underhanded Strike","Dagger Throw","All Out Attack"],"picked":"SKIP","floor":14.0},{"not_picked":["A Thousand Cuts","Unload"],"picked":"Envenom","floor":16.0},{"not_picked":["Calculated Gamble+1","Dodge and Roll","Underhanded Strike"],"picked":"SKIP","floor":18.0},{"not_picked":["Distraction","Caltrops","Prepared"],"picked":"SKIP","floor":21.0},{"not_picked":["Prepared","Quick Slash","Acrobatics"],"picked":"SKIP","floor":24.0},{"not_picked":["Choke","Envenom"],"picked":"Cloak And Dagger","floor":27.0},{"not_picked":["Dodge and Roll","Deadly Poison"],"picked":"Phantasmal Killer","floor":30.0},{"not_picked":["Riddle With Holes","Outmaneuver","Catalyst"],"picked":"SKIP","floor":31.0},{"not_picked":["Venomology","Envenom"],"picked":"After Image","floor":33.0},{"not_picked":["Dodge and Roll+1","Quick Slash","Poisoned Stab"],"picked":"SKIP","floor":35.0},{"not_picked":["Backflip","Sucker Punch+1","Dodge and Roll"],"picked":"SKIP","floor":36.0},{"not_picked":["Riddle With Holes","Noxious Fumes","Dagger Throw"],"picked":"SKIP","floor":37.0},{"not_picked":["Acrobatics","Deflect+1"],"picked":"Terror+1","floor":41.0},{"not_picked":["Backstab","Masterful Stab"],"picked":"Footwork+1","floor":45.0},{"not_picked":["Footwork+1","Heel Hook","Poisoned Stab"],"picked":"SKIP","floor":47.0},{"not_picked":["Underhanded Strike","Backflip","Dagger Throw"],"picked":"SKIP","floor":48.0}],"player_experience":1417899,"relics_obtained":[{"floor":7.0,"key":"The Courier"},{"floor":9.0,"key":"Bag of Preparation"},{"floor":13.0,"key":"MealTicket"},{"floor":24.0,"key":"Eternal Feather"},{"floor":24.0,"key":"Darkstone Periapt"},{"floor":26.0,"key":"Smiling Mask"},{"floor":27.0,"key":"Dream Catcher"},{"floor":27.0,"key":"Kunai"},{"floor":30.0,"key":"Lantern"},{"floor":30.0,"key":"Bronze Scales"},{"floor":41.0,"key":"Vajra"},{"floor":41.0,"key":"Blood Vial"},{"floor":43.0,"key":"Frozen Egg 2"}],"event_choices":[{"damage_healed":0.0,"max_hp_gain":0.0,"max_hp_loss":0.0,"gold_gain":0.0,"event_name":"WeMeetAgain","player_choice":"Paid Gold","floor":3.0,"gold_loss":64.0,"damage_taken":0.0,"relics_obtained":["Nunchaku"]},{"damage_healed":0.0,"max_hp_gain":0.0,"max_hp_loss":0.0,"gold_gain":0.0,"event_name":"Ghosts","player_choice":"Ignored","floor":20.0,"gold_loss":0.0,"damage_taken":0.0},{"damage_healed":0.0,"max_hp_gain":0.0,"max_hp_loss":0.0,"gold_gain":0.0,"event_name":"The Mausoleum","player_choice":"Opened","floor":22.0,"gold_loss":0.0,"damage_taken":0.0,"relics_obtained":["Anchor"],"cards_obtained":["Writhe"]},{"cards_removed":["Writhe"],"damage_healed":0.0,"max_hp_gain":0.0,"max_hp_loss":0.0,"gold_gain":0.0,"event_name":"Beggar","player_choice":"Gave Gold","floor":25.0,"gold_loss":75.0,"damage_taken":0.0},{"cards_removed":["Strike_G"],"damage_healed":0.0,"max_hp_gain":0.0,"max_hp_loss":0.0,"gold_gain":0.0,"event_name":"Bonfire Elementals","player_choice":"Offered Basic","floor":29.0,"gold_loss":0.0,"damage_taken":0.0},{"cards_removed":["Defend_G"],"damage_healed":0.0,"max_hp_gain":0.0,"max_hp_loss":0.0,"gold_gain":0.0,"event_name":"Falling","player_choice":"Removed Skill","floor":38.0,"gold_loss":0.0,"damage_taken":0.0},{"damage_healed":0.0,"max_hp_gain":0.0,"max_hp_loss":0.0,"gold_gain":0.0,"event_name":"The Woman in Blue","player_choice":"Bought 1 Potion","floor":39.0,"gold_loss":0.0,"damage_taken":0.0}],"is_beta":false,"boss_relics":[{"not_picked":["SlaversCollar","Pandora\u0027s Box"],"picked":"Black Star"},{"not_picked":["Velvet Choker","Fusion Hammer"],"picked":"Sozu"}],"items_purged_floors":[19,44,46],"is_endless":false,"potions_floor_spawned":[4,12,14,21,27,30,37,45,48],"ascension_level":19}}