{"host":"bux1pdxjwq4dkad9","time":1609375677,"event":{"mods":["Arknights The Spire","BaseMod","Colored Map","Evolution","Minty Spire (QoL Compilation)","Quick Restart","StSLib","SuperFastMode","°æ“≈ŒÔMod°øºÚµ•”Œœ∑"],"gold_per_floor":[118,43,43,43,59,94,94,105,105,105,105,133,147,173,173,269,269,286,299,42,56,68,68,99,99,99,99,99,99,150,177,177,274,274,284,303,303,319,143,178,178,207,231,262,162,210,210,210,210,210,210,210,58,87,87],"floor_reached":56,"playtime":1938,"items_purged":["ats:Strike G","ats:Support Order"],"score":2044,"play_id":"24f9478f-7521-4637-94ef-27e37bd54c21","local_time":"20201231084757","is_ascension_mode":true,"campfire_choices":[{"data":"ats:Emotion Absorption","floor":10,"key":"SMITH"},{"floor":15,"key":"DIG"},{"floor":23,"key":"DIG"},{"floor":25,"key":"DIG"},{"floor":28,"key":"DIG"},{"floor":32,"key":"DIG"},{"floor":41,"key":"RECALL"},{"floor":49,"key":"DIG"},{"data":"Apotheosis","floor":52,"key":"SMITH"}],"circlet_count":0,"master_deck":["ats:Armor Crushing Shot","ats:Emotion Absorption+1","Panache","ats:Flexible Camouflage","ats:Roar Of Ursus","ats:Neurotoxin","ats:Ambush","ats:Assault Order","ats:Echo Reverb","ats:Roar Of Ursus","ats:Sunburst+1","ats:Mental Burst+1","ats:Wolf Pack+1","Apotheosis+1","Panache"],"relics":["ats:Sanity","EVO:Axolotl","ImprovedEquipment","Anchor","ats:Originium","Ginger","Shovel","ImprovedEquipment","ats:Ability Aura","Juzu Bracelet","Pandora\u0027s Box","Molten Egg 2","Mummified Hand","Bronze Scales","Bag of Marbles","Centennial Puzzle","Mercury Hourglass","InkBottle","MealTicket","ats:Spiritual Recovery","Ancient Tea Set","Black Star","Sundial","Meat on the Bone","Regal Pillow","Bottled Lightning","Boot","Incense Burner","Lantern","Calipers","ats:Bonebreaker","TheAbacus","Shuriken","Bird Faced Urn"],"acts_visited":["Exordium","TheCity","TheBeyond","TheEnding"],"potions_floor_usage":[55],"damage_taken":[{"damage":0,"enemies":"2 Louse","floor":1,"turns":2},{"damage":0,"enemies":"Small Slimes","floor":5,"turns":1},{"damage":0,"enemies":"3 Sentries","floor":6,"turns":4},{"damage":0,"enemies":"Jaw Worm","floor":8,"turns":2},{"damage":0,"enemies":"Lagavulin","floor":12,"turns":2},{"damage":0,"enemies":"2 Fungi Beasts","floor":13,"turns":1},{"damage":0,"enemies":"Gremlin Nob","floor":14,"turns":1},{"damage":0,"enemies":"Hexaghost","floor":16,"turns":1},{"damage":0,"enemies":"3 Byrds","floor":18,"turns":1},{"damage":0,"enemies":"2 Thieves","floor":19,"turns":2},{"damage":0,"enemies":"3 Cultists","floor":21,"turns":1},{"damage":0,"enemies":"Snecko","floor":22,"turns":2},{"damage":0,"enemies":"Gremlin Leader","floor":24,"turns":1},{"damage":0,"enemies":"Book of Stabbing","floor":31,"turns":1},{"damage":0,"enemies":"Champ","floor":33,"turns":1},{"damage":0,"enemies":"3 Shapes","floor":35,"turns":1},{"damage":0,"enemies":"Orb Walker","floor":36,"turns":1},{"damage":0,"enemies":"Maw","floor":38,"turns":2},{"damage":0,"enemies":"Reptomancer","floor":40,"turns":1},{"damage":0,"enemies":"Nemesis","floor":42,"turns":1},{"damage":0,"enemies":"Reptomancer","floor":44,"turns":1},{"damage":0,"enemies":"2 Orb Walkers","floor":46,"turns":1},{"damage":0,"enemies":"Time Eater","floor":50,"turns":2},{"damage":0,"enemies":"Shield and Spear","floor":54,"turns":1},{"damage":0,"enemies":"The Heart","floor":55,"turns":3}],"seed_played":"1262630125448957869","potions_obtained":[{"floor":8,"key":"SkillPotion"},{"floor":13,"key":"Swift Potion"},{"floor":16,"key":"SpeedPotion"}],"is_trial":false,"path_per_floor":["M","$","?","?","M","E","T","M","T","R","?","E","M","E","R","B",null,"M","M","$","M","M","R","E","R","T","?","R","?","T","E","R","B",null,"M","M","?","M","$","E","R","E","T","E","$","?","?","?","R","B",null,"R","$","E","B",null],"character_chosen":"DOCTOR_CLASS","items_purchased":["Molten Egg 2","Apotheosis","TheAbacus"],"campfire_rested":0,"item_purchase_floors":[20,39,53],"current_hp_per_floor":[51,51,56,53,53,53,53,53,53,53,53,53,53,53,53,53,77,77,77,77,77,77,77,77,77,77,77,77,77,77,77,77,77,77,77,77,77,77,77,77,77,77,77,77,77,77,77,70,70,70,77,77,77,77,77],"gold":87,"neow_bonus":"RANDOM_COLORLESS_2","is_daily":false,"chose_seed":false,"campfire_upgraded":2,"win_rate":0.0,"timestamp":1609375677,"path_taken":["M","$","?","?","M","E","?","M","T","R","?","E","M","E","R","BOSS","M","M","$","M","M","R","E","R","T","?","R","?","?","E","R","BOSS","M","M","?","M","?","E","R","E","T","E","$","?","?","?","R","BOSS","R","$","E","BOSS"],"items_purchased_type":["Relic","Card","Relic"],"build_version":"2020-12-22","purchased_purges":2,"victory":true,"max_hp_per_floor":[72,72,77,77,77,77,77,77,77,77,77,77,77,77,77,77,77,77,77,77,77,77,77,77,77,77,77,77,77,77,77,77,77,77,77,77,77,77,77,77,77,77,77,77,77,77,77,77,77,77,77,77,77,77,77],"card_choices":[{"not_picked":["Thinking Ahead","Transmutation"],"picked":"Panache","floor":0},{"not_picked":["ats:Spore Proliferation","ats:Demon Strength"],"picked":"ats:Flexible Camouflage","floor":1},{"not_picked":["ats:Childhood Dance","ats:Cat Scratch","ats:Powerful Strike"],"picked":"SKIP","floor":5},{"not_picked":["ats:Spore Proliferation","ats:Shell Defense","ats:Consecutive Shot Auto"],"picked":"SKIP","floor":6},{"not_picked":["ats:Directed Diagnosis","ats:Revitalization","ats:Powerful Strike"],"picked":"SKIP","floor":8},{"not_picked":["ats:Durian","ats:Cat Scratch","ats:Leaping Hammer"],"picked":"SKIP","floor":12},{"not_picked":["ats:Poison Spread","ats:Assault Order","ats:Hammer On"],"picked":"SKIP","floor":13},{"not_picked":["ats:Composite Medical Shells","ats:Spore Proliferation","ats:Curse Doll"],"picked":"SKIP","floor":14},{"not_picked":["ats:Revitalization","ats:Childhood Dance","ats:Apocalypse"],"picked":"SKIP","floor":18},{"not_picked":["ats:Support Order+1","ats:Cat Scratch","ats:Explosion Area Strengthen+1"],"picked":"SKIP","floor":19},{"not_picked":["ats:Thorns","ats:Sword Rain+1","ats:Magnetic Hammer+1"],"picked":"SKIP","floor":21},{"not_picked":["ats:Flexible Camouflage","ats:Hook Shot"],"picked":"ats:Assault Order","floor":22},{"not_picked":["ats:Composite Medical Shells+1","ats:Automatic Cover"],"picked":"ats:Echo Reverb","floor":24},{"not_picked":["ats:Powerful Strike+1","ats:Apocalypse"],"picked":"ats:Mental Burst+1","floor":31},{"not_picked":["ats:Fractured Body","ats:Durian"],"picked":"ats:Wolf Pack+1","floor":33},{"not_picked":["ats:Hook Shot+1","ats:Poison Spread+1","ats:Revitalization+1"],"picked":"SKIP","floor":35},{"not_picked":["ats:Soul Absorption+1","ats:Leaping Hammer+1","ats:Explosion Area Strengthen+1"],"picked":"SKIP","floor":36},{"not_picked":["ats:Poison Spread+1","ats:Shell Defense","ats:Powerful Strike+1"],"picked":"SKIP","floor":38},{"not_picked":["ats:Red Shift+1","ats:Directed Diagnosis","ats:Childhood Dance+1"],"picked":"SKIP","floor":40},{"not_picked":["ats:Magnetic Hammer+1","ats:Encircling Forest+1","ats:Explosion Area Strengthen+1"],"picked":"SKIP","floor":42},{"not_picked":["ats:Consecutive Shot Auto+1","ats:Assault Order+1","ats:Ambush"],"picked":"SKIP","floor":44},{"not_picked":["ats:Childhood Dance+1","ats:Assault Order+1","ats:Powerful Strike+1"],"picked":"SKIP","floor":54}],"player_experience":2332923,"relics_obtained":[{"floor":6,"key":"ats:Originium"},{"floor":6,"key":"Ginger"},{"floor":7,"key":"Shovel"},{"floor":12,"key":"ats:Originium"},{"floor":12,"key":"ImprovedEquipment"},{"floor":14,"key":"ats:Originium"},{"floor":14,"key":"ats:Ability Aura"},{"floor":15,"key":"Juzu Bracelet"},{"floor":23,"key":"Mummified Hand"},{"floor":24,"key":"Bronze Scales"},{"floor":25,"key":"Bag of Marbles"},{"floor":26,"key":"Centennial Puzzle"},{"floor":28,"key":"InkBottle"},{"floor":30,"key":"MealTicket"},{"floor":31,"key":"ats:Spiritual Recovery"},{"floor":32,"key":"Ancient Tea Set"},{"floor":40,"key":"Sundial"},{"floor":40,"key":"Meat on the Bone"},{"floor":42,"key":"Regal Pillow"},{"floor":42,"key":"Bottled Lightning"},{"floor":43,"key":"Boot"},{"floor":44,"key":"Incense Burner"},{"floor":44,"key":"Lantern"},{"floor":46,"key":"Calipers"},{"floor":49,"key":"ats:Bonebreaker"},{"floor":54,"key":"Shuriken"},{"floor":54,"key":"Bird Faced Urn"}],"event_choices":[{"damage_healed":0,"gold_gain":0,"player_choice":"Donut","damage_taken":0,"max_hp_gain":5,"max_hp_loss":0,"event_name":"Big Fish","floor":3,"gold_loss":0},{"damage_healed":0,"gold_gain":0,"player_choice":"Success","damage_taken":3,"relics_obtained":["Anchor"],"max_hp_gain":0,"max_hp_loss":0,"event_name":"Scrap Ooze","floor":4,"gold_loss":0},{"cards_removed":["ats:Strike V"],"damage_healed":0,"gold_gain":0,"player_choice":"Forget","damage_taken":0,"max_hp_gain":0,"max_hp_loss":0,"event_name":"Living Wall","floor":11,"gold_loss":0},{"damage_healed":0,"gold_gain":0,"player_choice":"Opened","damage_taken":0,"relics_obtained":["Mercury Hourglass"],"max_hp_gain":0,"max_hp_loss":0,"event_name":"The Mausoleum","floor":27,"gold_loss":0,"cards_obtained":["Writhe"]},{"damage_healed":0,"gold_gain":0,"cards_transformed":["ats:Explosion Area Strengthen","ats:Flexible Camouflage"],"player_choice":"Became Test Subject","damage_taken":0,"max_hp_gain":0,"max_hp_loss":0,"event_name":"Drug Dealer","floor":29,"gold_loss":0,"cards_obtained":["ats:Roar Of Ursus","ats:Sunburst"]},{"cards_removed":["Writhe"],"damage_healed":0,"gold_gain":0,"player_choice":"Purged","damage_taken":0,"max_hp_gain":0,"max_hp_loss":0,"event_name":"Purifier","floor":37,"gold_loss":0},{"damage_healed":0,"gold_gain":0,"player_choice":"Fight","damage_taken":0,"max_hp_gain":0,"max_hp_loss":0,"event_name":"Mysterious Sphere","floor":46,"gold_loss":0},{"damage_healed":0,"gold_gain":0,"player_choice":"Copied","damage_taken":0,"max_hp_gain":0,"max_hp_loss":0,"event_name":"Duplicator","floor":47,"gold_loss":0,"cards_obtained":["Panache"]},{"damage_healed":0,"gold_gain":0,"player_choice":"Damaged","damage_taken":7,"max_hp_gain":0,"max_hp_loss":0,"event_name":"Wheel of Change","floor":48,"gold_loss":0}],"is_beta":false,"boss_relics":[{"not_picked":["Philosopher\u0027s Stone","Ectoplasm"],"picked":"Pandora\u0027s Box"},{"not_picked":["Snecko Eye","Busted Crown"],"picked":"Black Star"}],"items_purged_floors":[2,45],"is_endless":false,"potions_floor_spawned":[8,13,16,21,22,38,42,46],"ascension_level":4}}