{"host":"g75gtovmj0ine2rf","time":1609378882,"event":{"mods":["2.2 Compatiblity","AchievementEnabler","Act Like it!","Aspiration","Astrologer","Bard","BaseMod","Better Match","BetterRewards","CapriCore","Challenge The Spire","ChefMod","Colored Map","Conspire","Elementarium","Energized Spire","Friendly Minions","Gensokyo","Halation","Hallownest","Hermit","HexUI Lib","Highlight Path","Hubris","Infinite Spire","Jedi Mod","Lobotomy","Menagerie","Minty Spire (QoL Compilation)","Puzzle Mod","Quick Restart","Rare Cards Sparkle","Relic Stats","Replay The Spire","Robot Space Explorer","Shade Mod","Shop Mod","Spicy Shops","StSLib","SuperFastMode","The Construct","The Cursed","The Dragon Tamer","The Factory","The Jungle","The Marked","The Runesmith","TheBandit","TheFirefly","TheSwordswoman","TheVacant","Transform Curses","Wandering Minibosses","thorton","vexMod"],"gold_per_floor":[115,40,31,6,6,29,29,29,79,79,79,79,99,100,100,90,90,90],"floor_reached":16,"playtime":1446,"items_purged":[],"score":106,"play_id":"d7eee39c-5e8f-4c18-aa5a-d14d2d6b61d3","local_time":"20201231124122","is_ascension_mode":false,"metric_token":3539,"campfire_choices":[{"data":"DTMod:SwitchingTactic","floor":8,"key":"SMITH"},{"floor":10,"key":"REST"},{"data":"DTMod:CleansingStrike","floor":12,"key":"SMITH"},{"floor":15,"key":"REST"}],"dtmod_dragon_data":[38,50,-1,-1,0,0],"circlet_count":0,"master_deck":["DTMod:Strike","DTMod:Strike+1","DTMod:Strike","DTMod:Strike+1","DTMod:DoubleHit","DTMod:TargetDefense","DTMod:TargetDefense","DTMod:TargetDefense","DTMod:TargetDefense","DTMod:SwitchingTactic+1","DTMod:CleansingStrike+1","DTMod:DragonDance+1","DTMod:Haste","Injury","DTMod:InvisibleFlame"],"relics":["DTMod:PactStone","aspiration:Nostalgia","RobotSpaceExplorer:RoboCore","hubris:Towel","Iron Hammer","hubris:GlazedTorus","Oddly Smooth Stone","hubris:Icosahedron","Whetstone"],"acts_visited":["Exordium"],"potions_floor_usage":[16],"damage_taken":[{"damage":0,"enemies":"Gensokyo:2_Kodama","floor":1,"turns":4},{"damage":0,"enemies":"Gensokyo:Gryphon","floor":3,"turns":5},{"damage":3,"enemies":"Gensokyo:3_Fairies","floor":4,"turns":7},{"damage":24,"enemies":"Gensokyo:Cirno","floor":6,"turns":13},{"damage":13,"enemies":"Gensokyo:Mamizou","floor":13,"turns":6},{"damage":0,"enemies":"Gensokyo:3_Kodama","floor":14,"turns":5},{"damage":40,"enemies":"Gensokyo:Reimu","floor":16,"turns":9}],"seed_played":"6527194571892148060","potions_obtained":[{"floor":6,"key":"Explosive Potion"},{"floor":13,"key":"jedi:wingpotion"}],"is_trial":false,"path_per_floor":["M","?","M","M","?","E","?","R","T","R","?","R","E","M","R","B"],"character_chosen":"THE_DT","items_purchased":[],"campfire_rested":2,"item_purchase_floors":[],"current_hp_per_floor":[45,45,45,42,42,18,18,18,18,31,31,31,18,18,31,0,0,0],"gold":90,"neow_bonus":"NOSTALGIA","is_daily":false,"chose_seed":false,"campfire_upgraded":2,"win_rate":0.0,"timestamp":1609378882,"path_taken":["M","?","M","M","?","E","?","R","T","R","?","R","E","?","R","BOSS"],"items_purchased_type":[],"build_version":"2020-12-22","purchased_purges":0,"victory":false,"max_hp_per_floor":[45,45,45,45,45,45,45,45,45,45,45,45,45,45,45,45,45,45],"relic_stats":{"counters":[7,49],"Whetstone":["DTMod:Strike","DTMod:Strike"],"obtain_stats":[{"hubris:Icosahedron":11,"DTMod:PactStone":0,"aspiration:Nostalgia":0,"Oddly Smooth Stone":9,"RobotSpaceExplorer:RoboCore":0,"Iron Hammer":6,"Whetstone":13,"hubris:Towel":5,"hubris:GlazedTorus":7},{"hubris:Icosahedron":4,"DTMod:PactStone":0,"aspiration:Nostalgia":0,"Oddly Smooth Stone":4,"RobotSpaceExplorer:RoboCore":0,"Iron Hammer":4,"Whetstone":5,"hubris:Towel":3,"hubris:GlazedTorus":4},{"hubris:Icosahedron":29,"DTMod:PactStone":0,"aspiration:Nostalgia":0,"Oddly Smooth Stone":29,"RobotSpaceExplorer:RoboCore":0,"Iron Hammer":29,"Whetstone":35,"hubris:Towel":16,"hubris:GlazedTorus":29}]},"card_choices":[{"not_picked":["DTMod:Cover","DTMod:BizarreTactic"],"picked":"DTMod:CleansingStrike","floor":1},{"not_picked":["DTMod:Overwhelm+1","DTMod:StarRain+1"],"picked":"DTMod:DragonDance+1","floor":2},{"not_picked":["DTMod:MasterPlan","DTMod:MagicField","DTMod:BlazingStrike"],"picked":"SKIP","floor":3},{"not_picked":["DTMod:ShieldDrain","DTMod:PurifyingFlame","DTMod:MagicField"],"picked":"SKIP","floor":4},{"not_picked":["DTMod:CleansingStrike","DTMod:LightShield"],"picked":"DTMod:Haste","floor":6},{"not_picked":["DTMod:Overwhelm","DTMod:ComboAttack"],"picked":"DTMod:InvisibleFlame","floor":13},{"not_picked":["DTMod:BurningEnergy","DTMod:LastStand","DTMod:Cover"],"picked":"SKIP","floor":14}],"player_experience":1364458,"relics_obtained":[{"floor":6,"key":"Iron Hammer"},{"floor":9,"key":"Oddly Smooth Stone"},{"floor":13,"key":"Whetstone"}],"event_choices":[{"damage_healed":0,"gold_gain":0,"player_choice":"2","damage_taken":0,"max_hp_gain":0,"max_hp_loss":0,"event_name":"betterMatch:BetterMatch","floor":2,"gold_loss":0,"cards_obtained":["betterMatch:UncommonCard"]}],"is_beta":false,"boss_relics":[],"items_purged_floors":[],"is_endless":false,"potions_floor_spawned":[6,13],"killed_by":"Gensokyo:Reimu","ascension_level":0}}