{"host":"se62q65hiqxz7cab","time":1609401596,"event":{"mods":["Act Like it!","BaseMod","Colored Map","Minty Spire (QoL Compilation)","Replay The Spire","StSLib","The Bug Knight","The Cursed"],"gold_per_floor":[112,122,122,122,137,137,137,166,166,180,180,192,192,212,212,308,308,328,342,362,217,228,228,228,239,239,239,239,239,92,109,109,205,205,225,225,243,243,243,243,260,271,271,271,285,296,296,148,148,148],"floor_reached":51,"playtime":2493,"items_purged":["HollowMod:CornifersMapStart"],"score":501,"play_id":"00100583-0847-4705-ba09-d89d7de6fe13","local_time":"20201231155956","is_ascension_mode":false,"campfire_choices":[{"data":"HollowMod:DashSlash","floor":6,"key":"SMITH"},{"floor":11,"key":"REST"},{"data":"HollowMod:WraithStrike","floor":13,"key":"SMITH"},{"floor":15,"key":"REST"},{"floor":23,"key":"REST"},{"floor":27,"key":"REST"},{"floor":29,"key":"REST"},{"data":"HollowMod:ShadowDash","floor":32,"key":"SMITH"},{"floor":40,"key":"REST"},{"floor":44,"key":"REST"},{"floor":47,"key":"REST"},{"floor":49,"key":"REST"}],"circlet_count":0,"master_deck":["HollowMod:NailStrikeStart","HollowMod:NailStrikeStart","HollowMod:QuickDashStart","HollowMod:QuickDashStart","HollowMod:QuickDashStart","HollowMod:QuickDashStart","HollowMod:PogoStrike","HollowMod:DashSlash+1","HollowMod:DescendingDark","HollowMod:WraithStrike+1","HollowMod:SiblingsShadow+1","HollowMod:VengefulVoid","HollowMod:ShadowDash+1","HollowMod:SharpenedShadows","HollowMod:DescendingDark","HollowMod:CloakDash","HollowMod:LordofShades","HollowMod:DashSlash","HollowMod:ShadowDash","HollowMod:ShadowDash","HollowMod:SharpenedShadows+1","HollowMod:SharpenedShadows"],"relics":["HollowMod:VesselMask","NeowsBlessing","Sundial","Divine Protection","Honey Jar","Guide Book","MutagenicStrength","Pear","ReplayFunnel","Fusion Hammer","HollowMod:PaleOreRelic"],"acts_visited":["Exordium","TheCity","TheBeyond"],"potions_floor_usage":[8,8,20,22,22,33,33,42,50],"damage_taken":[{"damage":0,"enemies":"Small Slimes","floor":1,"turns":1},{"damage":0,"enemies":"2 Louse","floor":2,"turns":1},{"damage":0,"enemies":"Jaw Worm","floor":5,"turns":1},{"damage":41,"enemies":"Lagavulin","floor":8,"turns":7},{"damage":0,"enemies":"Large Slime","floor":10,"turns":6},{"damage":0,"enemies":"Looter","floor":12,"turns":3},{"damage":0,"enemies":"Exordium Thugs","floor":14,"turns":4},{"damage":71,"enemies":"Slime Boss","floor":16,"turns":12},{"damage":0,"enemies":"Spheric Guardian","floor":18,"turns":3},{"damage":18,"enemies":"2 Thieves","floor":19,"turns":3},{"damage":29,"enemies":"Snake Plant","floor":20,"turns":5},{"damage":7,"enemies":"Shelled Parasite and Fungi","floor":22,"turns":4},{"damage":21,"enemies":"Snecko","floor":25,"turns":5},{"damage":3,"enemies":"Centurion and Healer","floor":31,"turns":5},{"damage":31,"enemies":"HollowMod:NKGrimm","floor":33,"turns":9},{"damage":22,"enemies":"Orb Walker","floor":35,"turns":4},{"damage":6,"enemies":"3 Shapes","floor":37,"turns":3},{"damage":30,"enemies":"3 Darklings","floor":41,"turns":4},{"damage":0,"enemies":"Transient","floor":42,"turns":5},{"damage":4,"enemies":"4 Shapes","floor":45,"turns":5},{"damage":33,"enemies":"Jaw Worm Horde","floor":46,"turns":3},{"damage":66,"enemies":"Replay:Hell Engine","floor":50,"turns":10}],"seed_played":"7831362121992116768","potions_obtained":[{"floor":1,"key":"LiquidBronze"},{"floor":2,"key":"Fire Potion"},{"floor":16,"key":"LiquidMemories"},{"floor":19,"key":"Adrenaline Potion"},{"floor":20,"key":"Block Potion"},{"floor":22,"key":"PowerPotion"},{"floor":25,"key":"Toxic Potion"},{"floor":33,"key":"ColorlessPotion"},{"floor":42,"key":"FearPotion"}],"is_trial":false,"path_per_floor":["M","M","?","?","M","R","?","E","T","M","R","M","R","M","R_BF","B",null,"M","M","M","$","M","R","?","M","T","R","?","R","$","M","R","B",null,"M","?","M","?","?","R","M","M","T","R","M","M","R","$","R","B",null],"character_chosen":"THE_BUGKNIGHT","items_purchased":["Guide Book","ReplayFunnel","HollowMod:SharpenedShadows"],"campfire_rested":9,"item_purchase_floors":[21,30,48],"current_hp_per_floor":[75,75,75,75,75,75,75,34,34,34,56,56,56,56,75,4,75,75,57,28,28,21,43,43,22,32,57,57,82,82,79,79,48,85,63,63,57,57,57,82,52,52,52,77,73,40,65,65,85,19],"gold":148,"neow_bonus":"THREE_ENEMY_KILL","is_daily":false,"chose_seed":false,"campfire_upgraded":3,"win_rate":0.0,"timestamp":1609401596,"path_taken":["M","M","?","?","M","R","?","E","T","M","R","M","R","M","R_BF","BOSS","M","M","M","$","M","R","?","M","T","R","?","R","$","M","R","BOSS","M","?","M","?","?","R","M","M","T","R","?","M","R","$","R","BOSS"],"items_purchased_type":["Relic","Relic","Card"],"build_version":"2020-12-22","purchased_purges":1,"victory":true,"max_hp_per_floor":[75,75,75,75,75,75,75,75,75,75,75,75,75,75,75,75,75,75,75,75,75,75,75,75,75,85,85,85,85,85,85,85,85,85,85,85,85,85,85,85,85,85,85,85,85,85,85,85,85,85],"card_choices":[{"not_picked":["HollowMod:NewJinnsSoul","HollowMod:NewLittleFool"],"picked":"HollowMod:DashSlash","floor":1},{"not_picked":["HollowMod:MonomonsArchive","HollowMod:NewLittleFool"],"picked":"HollowMod:DescendingDark","floor":2},{"not_picked":["HollowMod:SharpenedNail","HollowMod:ChannelNail"],"picked":"HollowMod:WraithStrike","floor":5},{"not_picked":["HollowMod:NewLittleFool","HollowMod:SoulSplash","HollowMod:WraithStrike"],"picked":"SKIP","floor":8},{"not_picked":["HollowMod:FastStrike","HollowMod:NewLittleFool","HollowMod:GoodIntentions"],"picked":"SKIP","floor":10},{"not_picked":["HollowMod:GrimmsGift","HollowMod:SharpenedNail","HollowMod:ElderbugsWisdom"],"picked":"SKIP","floor":12},{"not_picked":["HollowMod:SoulSplash","HollowMod:ChannelNail"],"picked":"HollowMod:SiblingsShadow","floor":14},{"not_picked":["HollowMod:BrokenVessel","HollowMod:InfectedAttack","HollowMod:NewLittleFool"],"picked":"HollowMod:VengefulVoid","floor":18},{"not_picked":["HollowMod:GreatSlash","HollowMod:SoulShaman+1","HollowMod:MidwifesHunger"],"picked":"HollowMod:SoulVessel","floor":19},{"not_picked":["HollowMod:ShapeofUnn","HollowMod:TaintedHusks","HollowMod:GreatSlash"],"picked":"HollowMod:ShadowDash","floor":20},{"not_picked":["HollowMod:TaintedHusks","HollowMod:ShadowDash+1","HollowMod:LuriensSpire"],"picked":"HollowMod:SharpenedShadows","floor":22},{"not_picked":["HollowMod:AbyssShriek","HollowMod:InfectedAttack+1","HollowMod:SharpenedShadows"],"picked":"HollowMod:DescendingDark","floor":25},{"not_picked":["HollowMod:ShapeofUnn+1","HollowMod:SiblingsSouls","HollowMod:DoubleDash+1"],"picked":"HollowMod:CloakDash","floor":31},{"not_picked":["HollowMod:Hiveblood","HollowMod:ElderbugsWisdom","HollowMod:HerrahsAnger"],"picked":"HollowMod:LordofShades","floor":33},{"not_picked":["HollowMod:Grubsong+1","HollowMod:ChannelNail","HollowMod:MawleksShell+1"],"picked":"HollowMod:DashSlash","floor":35},{"not_picked":["HollowMod:VengefulVoid","HollowMod:AbyssShriek+1","HollowMod:ChannelNail+1"],"picked":"HollowMod:ShadowDash","floor":37},{"not_picked":["HollowMod:InfectedAttack+1","HollowMod:MawleksShell+1","HollowMod:InfectedCysts+1","HollowMod:CycloneSlash+1"],"picked":"SKIP","floor":41},{"not_picked":["HollowMod:CloakDash+1","HollowMod:FastStrike+1","HollowMod:PureNailStrike"],"picked":"HollowMod:ShadowDash","floor":42},{"not_picked":["HollowMod:ShapeofUnn","HollowMod:SoulShaman+1","HollowMod:MothsMistake"],"picked":"HollowMod:SharpenedShadows+1","floor":45},{"not_picked":["HollowMod:CycloneSlash+1","HollowMod:QuirrelsAssistance+1","HollowMod:VengefulSpirit+1","HollowMod:NewJinnsSoul+1"],"picked":"SKIP","floor":46}],"player_experience":152686,"relics_obtained":[{"floor":8,"key":"Sundial"},{"floor":9,"key":"Divine Protection"},{"floor":26,"key":"Pear"},{"floor":43,"key":"HollowMod:PaleOreRelic"}],"event_choices":[{"damage_healed":0,"gold_gain":0,"player_choice":"Ignored","damage_taken":0,"max_hp_gain":0,"max_hp_loss":0,"event_name":"Liars Game","floor":3,"gold_loss":0},{"damage_healed":0,"gold_gain":0,"player_choice":"Leave","damage_taken":0,"max_hp_gain":0,"max_hp_loss":0,"event_name":"The Cleric","floor":4,"gold_loss":0},{"cards_removed":["HollowMod:FocusHealStart"],"damage_healed":0,"gold_gain":0,"player_choice":"Forget","damage_taken":0,"max_hp_gain":0,"max_hp_loss":0,"event_name":"Living Wall","floor":7,"gold_loss":0},{"damage_healed":0,"gold_gain":0,"player_choice":"Inject Mutagens","damage_taken":0,"relics_obtained":["MutagenicStrength"],"max_hp_gain":0,"max_hp_loss":0,"event_name":"Drug Dealer","floor":24,"gold_loss":0},{"cards_removed":["HollowMod:NailStrikeStart"],"damage_healed":0,"gold_gain":0,"player_choice":"Removed Attack","damage_taken":0,"max_hp_gain":0,"max_hp_loss":0,"event_name":"Falling","floor":36,"gold_loss":0},{"damage_healed":0,"gold_gain":0,"cards_transformed":["HollowMod:NailStrikeStart"],"player_choice":"Transformed","damage_taken":0,"max_hp_gain":0,"max_hp_loss":0,"event_name":"Transmorgrifier","floor":39,"gold_loss":0,"cards_obtained":["HollowMod:CornifersMapStart"]}],"is_beta":false,"boss_relics":[{"not_picked":["Kintsugi","Snecko Eye"],"picked":"Honey Jar"},{"not_picked":["Black Star","Ring of Chaos"],"picked":"Fusion Hammer"}],"items_purged_floors":[48],"is_endless":false,"potions_floor_spawned":[1,2,16,19,20,22,25,33,42],"ascension_level":0}}