{"host":"lxgv1wbl12oya7hr","time":1609443216,"event":{"mods":["BaseMod","Minty Spire (QoL Compilation)","Permanent Neow","StSLib"],"gold_per_floor":[359,120,131,151,101,132,145,173,173,192,192,208,208,226,226,226,226],"floor_reached":16,"playtime":957,"items_purged":[],"score":120,"play_id":"bde543c7-7c59-43b6-b901-c5e69e2e406a","local_time":"20201231113336","is_ascension_mode":true,"campfire_choices":[{"data":"Riddle With Holes","floor":11,"key":"SMITH"},{"data":"Riddle With Holes","floor":15,"key":"SMITH"}],"circlet_count":0,"master_deck":["Strike_G","Strike_G","Strike_G","Strike_G","Strike_G","Defend_G","Defend_G","Defend_G","Defend_G","Defend_G","Survivor","Neutralize","Riddle With Holes+1","Quick Slash","Riddle With Holes+1","Poisoned Stab","Outmaneuver","Flying Knee"],"relics":["Ring of the Snake","Gremlin Horn","Dream Catcher","InkBottle","Mummified Hand","Ornamental Fan"],"acts_visited":["Exordium"],"potions_floor_usage":[8,16,16],"damage_taken":[{"damage":3,"enemies":"Small Slimes","floor":1,"turns":4},{"damage":0,"enemies":"2 Louse","floor":3,"turns":2},{"damage":0,"enemies":"Cultist","floor":4,"turns":4},{"damage":24,"enemies":"Gremlin Nob","floor":6,"turns":4},{"damage":7,"enemies":"Looter","floor":7,"turns":3},{"damage":14,"enemies":"3 Sentries","floor":8,"turns":7},{"damage":8,"enemies":"Exordium Thugs","floor":10,"turns":7},{"damage":4,"enemies":"Blue Slaver","floor":12,"turns":3},{"damage":0,"enemies":"Lots of Slimes","floor":14,"turns":3},{"damage":11,"enemies":"Slime Boss","floor":16,"turns":10}],"seed_played":"4532515339141595446","potions_obtained":[{"floor":4,"key":"Strength Potion"},{"floor":7,"key":"GhostInAJar"},{"floor":12,"key":"SpeedPotion"}],"is_trial":false,"path_per_floor":["M","$","M","M","?","E","M","E","T","M","R","M","?","M","R","B"],"character_chosen":"THE_SILENT","items_purchased":["Gremlin Horn"],"campfire_rested":0,"item_purchase_floors":[2],"current_hp_per_floor":[67,67,67,67,67,43,36,22,22,14,14,10,10,10,10,0,0],"gold":226,"neow_bonus":"TWO_FIFTY_GOLD","is_daily":false,"chose_seed":false,"campfire_upgraded":2,"win_rate":0.0,"timestamp":1609443216,"path_taken":["M","$","M","M","?","E","M","E","T","M","R","M","?","M","R","BOSS"],"items_purchased_type":["Relic"],"build_version":"2020-12-22","purchased_purges":0,"victory":false,"max_hp_per_floor":[70,70,70,70,67,67,67,67,67,67,67,67,67,67,67,67,67],"card_choices":[{"not_picked":["Deadly Poison","Prepared"],"picked":"Riddle With Holes","floor":1},{"not_picked":["Backflip","Sucker Punch"],"picked":"Quick Slash","floor":3},{"not_picked":["Distraction","All Out Attack"],"picked":"Riddle With Holes","floor":4},{"not_picked":["Corpse Explosion","Blade Dance","Prepared"],"picked":"SKIP","floor":6},{"not_picked":["Expertise","Poisoned Stab","Acrobatics"],"picked":"SKIP","floor":7},{"not_picked":["Underhanded Strike","Bouncing Flask"],"picked":"Poisoned Stab","floor":8},{"not_picked":["Masterful Stab","Outmaneuver","PiercingWail"],"picked":"SKIP","floor":10},{"not_picked":["Blade Dance","Concentrate"],"picked":"Outmaneuver","floor":12},{"not_picked":["Dagger Throw","Poisoned Stab"],"picked":"Flying Knee","floor":14}],"player_experience":2197333,"relics_obtained":[{"floor":6,"key":"Dream Catcher"},{"floor":8,"key":"InkBottle"},{"floor":9,"key":"Mummified Hand"}],"event_choices":[{"cards_removed":["Parasite"],"damage_healed":0,"gold_gain":0,"player_choice":"Card Removal","damage_taken":0,"max_hp_gain":0,"max_hp_loss":0,"event_name":"The Cleric","floor":5,"gold_loss":50},{"damage_healed":0,"gold_gain":0,"player_choice":"Searched \u00271\u0027 times","damage_taken":0,"relics_obtained":["Ornamental Fan"],"max_hp_gain":0,"max_hp_loss":0,"event_name":"Dead Adventurer","floor":13,"gold_loss":0}],"is_beta":false,"boss_relics":[],"items_purged_floors":[],"is_endless":false,"potions_floor_spawned":[4,7,12],"killed_by":"Slime Boss","ascension_level":1}}