{"host":"k9ktbd3ums043v5c","time":1609426639,"event":{"mods":["BaseMod","GifTheSpireLib","Googly Eyes","KinomotoSakuraMod(木之本樱)","Lobotomy","LobotomyExtend","Luminous","Marisa（F雨　魔理沙）","Minty Spire (QoL Compilation)","SIMod","StSLib","SuperFastMode","The Gatherer","Yuyuko","【功能Mod】聪明的最终Boss"],"gold_per_floor":[116,116,32,52,52,52,63,73,124,143,52,327,340,340,340,442,442,442,19,34,34,45,45,45,45,68,85,85,85,85,97,97,196,196,210,138,151,161,161,161,177,177,252,5,24,24,24,49,49,49,49],"floor_reached":50,"playtime":4826,"items_purged":["Regret"],"score":505,"play_id":"f6850939-a49d-4e30-ac11-47a4c45a04ba","local_time":"20201231225719","is_ascension_mode":false,"campfire_choices":[{"data":"Impatience","floor":6,"key":"SMITH"},{"floor":15,"key":"REST"},{"data":"GemstoneDetection","floor":23,"key":"SMITH"},{"data":"RunningOfTheLeaves","floor":25,"key":"SMITH"},{"data":"DynamicVision","floor":30,"key":"SMITH"},{"floor":32,"key":"REST"},{"data":"Magictrain","floor":40,"key":"SMITH"},{"data":"Mischief","floor":46,"key":"SMITH"},{"data":"Magic","floor":49,"key":"SMITH"}],"circlet_count":0,"master_deck":["Strike_AJ","Strike_RR","Strike_RD","Defend_TS","Defend_PP","Defend_FS","ConcertedEfforts","HarmonyShield","BlueStar","Winterwrapup+1","Anxiousness","Impatience+1","SingingMachine","KillingWithKindness","ThunderCloud","Louder","UniverseFragment","PartyTime","CheerUp","FriendOfNature","Laetitia","RunningOfTheLeaves+1","Anxiousness","Honesty","TenInstruments","Tornado","Overwhelming","HarmonyForm","CurseOfTheBell","PartyAlone","Magic","CENSORED","GemstoneDetection+1","Tornado+1","Louder","Batlization","PinkiePromise+1","QueenOfHatred","DynamicVision+1","ThunderCloud","NothingThere","FriendshipIsMagic","MessyAndOrderly","Magic+1","Magictrain+1","BatchProduction","Anxiousness+1","Parasite","OSAHOGD","SwiftKick+1","ServeMeal+1","HarmonyForm","PartyAlone","Thinking Ahead","Boundary+1","Mischief+1"],"relics":["The_element_of_harmony","CogitoBucket","RabbitCall","LetterFromLob","FossilizedHelix","Boot","AdjustmentMirror","Calling Bell","Juzu Bracelet","Sofa","TSMusicBox","Meat on the Bone","GypsyBard","Enchiridion","Theresia","Empty Cage","BackwardClock","Sundial","Bronze Scales"],"acts_visited":["Exordium","TheCity","TheBeyond"],"potions_floor_usage":[31],"damage_taken":[{"damage":0,"enemies":"Small Slimes","floor":1,"turns":4},{"damage":0,"enemies":"Cultist","floor":4,"turns":3},{"damage":0,"enemies":"2 Louse","floor":7,"turns":2},{"damage":0,"enemies":"Exordium Thugs","floor":8,"turns":2},{"damage":0,"enemies":"2 Fungi Beasts","floor":10,"turns":2},{"damage":85,"enemies":"Looter","floor":13,"turns":9},{"damage":11,"enemies":"Slime Boss","floor":16,"turns":5},{"damage":16,"enemies":"3 Byrds","floor":20,"turns":4},{"damage":3,"enemies":"Chosen","floor":22,"turns":2},{"damage":2,"enemies":"3 Cultists","floor":27,"turns":4},{"damage":62,"enemies":"Snake Plant","floor":31,"turns":5},{"damage":43,"enemies":"Champ","floor":33,"turns":5},{"damage":60,"enemies":"3 Darklings","floor":35,"turns":4},{"damage":13,"enemies":"Orb Walker","floor":37,"turns":3},{"damage":10,"enemies":"Writhing Mass","floor":38,"turns":6},{"damage":159,"enemies":"Jaw Worm Horde","floor":41,"turns":5},{"damage":34,"enemies":"3 Darklings","floor":45,"turns":4},{"damage":153,"enemies":"FixerMidnight","floor":50,"turns":6}],"seed_played":"7037048525843857152","potions_obtained":[{"floor":4,"key":"ColorlessPotion"},{"floor":7,"key":"SteroidPotion"},{"floor":16,"key":"DuplicationPotion"},{"floor":27,"key":"DuplicationPotion"},{"floor":35,"key":"Explosive Potion"}],"is_trial":false,"path_per_floor":["M","?","$","M","T","R","M","M","T","M","$","?","M","?","R","B",null,"M","$","M","?","M","R","?","R","T","M","?","?","R","M","R","B",null,"M","$","M","M","?","R","M","?","T","$","M","R","$","T","R","B"],"character_chosen":"TWI_CLASS","items_purchased":["Impatience","Anxiousness","Honesty","PartyAlone","Magic","Meat on the Bone","BatchProduction","PartyAlone","Thinking Ahead"],"campfire_rested":2,"item_purchase_floors":[3,11,11,19,19,19,36,44,44],"current_hp_per_floor":[82,82,82,82,82,82,82,82,82,82,82,82,3,3,27,16,82,82,82,69,69,67,67,67,67,67,66,50,50,50,20,44,19,82,45,45,54,82,82,82,33,82,82,82,71,71,71,71,71,0,0],"gold":49,"neow_bonus":"","is_daily":false,"chose_seed":false,"campfire_upgraded":7,"win_rate":0.0,"timestamp":1609426639,"path_taken":["M","?","$","?","?","R","M","M","T","M","?","?","?","?","R","BOSS","M","$","M","?","M","R","?","R","T","M","?","?","R","M","R","BOSS","M","$","M","M","?","R","M","?","T","$","M","R","$","?","R","BOSS"],"items_purchased_type":["Card","Card","Card","Card","Card","Relic","Card","Card","Card"],"build_version":"2020-12-22","purchased_purges":1,"victory":false,"max_hp_per_floor":[82,82,82,82,82,82,82,82,82,82,82,82,82,82,82,82,82,82,82,82,82,82,82,82,82,82,82,82,82,82,82,82,82,82,82,82,82,82,82,82,82,82,82,82,82,82,82,82,82,82,82],"card_choices":[{"not_picked":["Wellcheers","Murderer","CrumblingArmor"],"picked":"Singing Bowl","floor":1},{"not_picked":["WhitesApple","Wellcheers"],"picked":"BlueStar","floor":1},{"not_picked":["Laughter"],"picked":"Winterwrapup","floor":1},{"not_picked":["Louder"],"picked":"Anxiousness","floor":1},{"not_picked":["PunishingBird","MeatLantern","BlackSwan"],"picked":"Singing Bowl","floor":4},{"not_picked":["Bloodbath","FairyFestival"],"picked":"SingingMachine","floor":4},{"not_picked":["ThrowingApples"],"picked":"KillingWithKindness","floor":4},{"not_picked":["Louder"],"picked":"ThunderCloud","floor":4},{"not_picked":["AppleFeast"],"picked":"Louder","floor":7},{"not_picked":["CherryBlossoms","Murderer","Scarecrow"],"picked":"Singing Bowl","floor":7},{"not_picked":["RedShoes","GalaxyChild"],"picked":"UniverseFragment","floor":7},{"not_picked":["KillingWithKindness"],"picked":"PartyTime","floor":7},{"not_picked":["PunishingBird","FieryBird","Murderer"],"picked":"Singing Bowl","floor":8},{"not_picked":["Louder"],"picked":"CheerUp","floor":8},{"not_picked":["Mischief"],"picked":"FriendOfNature","floor":8},{"not_picked":["Scorched","BeautyBeast","Bloodbath"],"picked":"Singing Bowl","floor":10},{"not_picked":["BigBadWolf","CherryBlossoms"],"picked":"Laetitia","floor":10},{"not_picked":["Celebrities"],"picked":"RunningOfTheLeaves","floor":10},{"not_picked":["LadiesDemeanor","BigDeal"],"picked":"SKIP","floor":10},{"not_picked":["Generousity"],"picked":"TenInstruments","floor":13},{"not_picked":["LittleHelper","VoidDream"],"picked":"LittlePrince","floor":13},{"not_picked":["ThunderCloud"],"picked":"Tornado","floor":13},{"not_picked":["RedShoes","OSAHOGD"],"picked":"Alriune","floor":16},{"not_picked":["FriendshipIsMagic"],"picked":"Overwhelming","floor":16},{"not_picked":["Harmanyblast"],"picked":"HarmonyForm","floor":16},{"not_picked":["QueenOfHatred","HeroicMonk"],"picked":"CENSORED","floor":20},{"not_picked":["Lasso+1"],"picked":"GemstoneDetection","floor":20},{"not_picked":["Yay+1"],"picked":"Tornado+1","floor":20},{"not_picked":["DynamicVision"],"picked":"PinkiePromise+1","floor":22},{"not_picked":["ThunderCloud+1","Mischief+1"],"picked":"SKIP","floor":22},{"not_picked":["Porccubus","Variant","NakedNest"],"picked":"Singing Bowl","floor":27},{"not_picked":["Wellcheers","MeatLantern"],"picked":"QueenOfHatred","floor":27},{"not_picked":["AlloutStrike"],"picked":"DynamicVision","floor":27},{"not_picked":["BehindTheScene"],"picked":"ThunderCloud","floor":27},{"not_picked":["RedShoes","WhitesApple","Woodsman"],"picked":"Singing Bowl","floor":31},{"not_picked":["ServeMeal"],"picked":"Perfectionism","floor":31},{"not_picked":["Charge","ReinventMyself+1"],"picked":"SKIP","floor":31},{"not_picked":["Funeral","Scarecrow"],"picked":"NothingThere","floor":33},{"not_picked":["SonicRainbow"],"picked":"FriendshipIsMagic","floor":33},{"not_picked":["FriendshipIsMagic"],"picked":"MessyAndOrderly","floor":33},{"not_picked":["RashStunts"],"picked":"Magic","floor":35},{"not_picked":["Return_To_Past+1"],"picked":"Magictrain","floor":35},{"not_picked":["Wellcheers","SilentOrchestra","QueenBee"],"picked":"Singing Bowl","floor":35},{"not_picked":["OSAHOGD","BigBird","Variant"],"picked":"Singing Bowl","floor":37},{"not_picked":["MessyAndOrderly"],"picked":"Anxiousness+1","floor":37},{"not_picked":["Return_To_Past","FriendOfNature+1"],"picked":"SKIP","floor":37},{"not_picked":["Woodsman","SnowQueen"],"picked":"OSAHOGD","floor":38},{"not_picked":["AppleFever"],"picked":"SwiftKick+1","floor":38},{"not_picked":["Dear_Princess","CleanLibrary+1"],"picked":"SKIP","floor":38},{"not_picked":["FriendOfNature"],"picked":"ServeMeal+1","floor":41},{"not_picked":["Charge"],"picked":"HarmonyForm","floor":41},{"not_picked":["Smile+1"],"picked":"Boundary+1","floor":45},{"not_picked":["Smile"],"picked":"Mischief","floor":45},{"not_picked":["LongBird","BigBadWolf","ShyLook"],"picked":"Singing Bowl","floor":45}],"player_experience":31856,"relics_obtained":[{"floor":1,"key":"LetterFromLob"},{"floor":5,"key":"FossilizedHelix"},{"floor":9,"key":"Boot"},{"floor":17,"key":"Juzu Bracelet"},{"floor":17,"key":"Sofa"},{"floor":17,"key":"TSMusicBox"},{"floor":26,"key":"GypsyBard"},{"floor":28,"key":"Enchiridion"},{"floor":43,"key":"Sundial"},{"floor":48,"key":"Bronze Scales"}],"event_choices":[{"damage_healed":0,"gold_gain":0,"player_choice":"Upgraded","damage_taken":0,"max_hp_gain":0,"max_hp_loss":0,"event_name":"Upgrade Shrine","floor":2,"gold_loss":0,"cards_upgraded":["Winterwrapup"]},{"damage_healed":0,"gold_gain":275,"player_choice":"Desecrate","damage_taken":0,"max_hp_gain":0,"max_hp_loss":0,"event_name":"Golden Shrine","floor":12,"gold_loss":0,"cards_obtained":["Regret"]},{"damage_healed":0,"gold_gain":0,"player_choice":"Ignored","damage_taken":0,"max_hp_gain":0,"max_hp_loss":0,"event_name":"Golden Wing","floor":14,"gold_loss":0},{"damage_healed":0,"gold_gain":0,"cards_transformed":["Defend_AJ","Strike_TS"],"player_choice":"Became Test Subject","damage_taken":0,"max_hp_gain":0,"max_hp_loss":0,"event_name":"Drug Dealer","floor":21,"gold_loss":0,"cards_obtained":["Louder","Batlization"]},{"damage_healed":0,"gold_gain":0,"player_choice":"Ignored","damage_taken":0,"max_hp_gain":0,"max_hp_loss":0,"event_name":"Ghosts","floor":24,"gold_loss":0},{"damage_healed":0,"gold_gain":0,"player_choice":"Obtained Book","damage_taken":16,"max_hp_gain":0,"max_hp_loss":0,"event_name":"Cursed Tome","floor":28,"gold_loss":0},{"damage_healed":0,"gold_gain":0,"player_choice":"Got Potions","damage_taken":0,"max_hp_gain":0,"max_hp_loss":0,"event_name":"Lab","floor":29,"gold_loss":0},{"cards_removed":["Perfectionism"],"damage_healed":49,"gold_gain":0,"player_choice":"Offered Uncommon","damage_taken":0,"max_hp_gain":0,"max_hp_loss":0,"event_name":"Bonfire Elementals","floor":42,"gold_loss":0}],"is_beta":false,"boss_relics":[{"not_picked":["Fusion Hammer","Runic Pyramid"],"picked":"Calling Bell"},{"not_picked":["Velvet Choker","Runic Dome"],"picked":"Empty Cage"}],"items_purged_floors":[19],"is_endless":false,"potions_floor_spawned":[4,7,16,27,35,37],"killed_by":"FixerMidnight","ascension_level":0}}