{"host":"51fyd6gkml7xavq8","time":1609447102,"event":{"mods":["BaseMod","BetterRewards","Colored Map","Energized Spire","Infinite Spire","Minty Spire (QoL Compilation)","Replay The Spire","Shop Mod","Spicy Shops","StSLib","The Blue Laboratory","[IsaacMod]????"],"gold_per_floor":[114,114,114,164,164,164,85,85,85,85,85,125,141,165,165,296,296,319,344,344,344,385,385,385,385],"floor_reached":24,"playtime":977,"items_purged":["Regret"],"score":352,"play_id":"bc39a81b-611c-4de1-bcf1-2be80a0ae9e4","local_time":"20201231173822","is_ascension_mode":true,"campfire_choices":[{"data":"BettingIsNotGood","floor":6.0,"key":"SMITH"},{"data":"Noxious Fumes","floor":8.0,"key":"SMITH"},{"data":"Neutralize","floor":10.0,"key":"SMITH"},{"data":"Bouncing Flask","floor":15.0,"key":"SMITH"},{"floor":23,"key":"REST"}],"circlet_count":0,"master_deck":["Defend_G","Defend_G","Defend_G","Defend_G","Defend_G","Survivor","Neutralize+1","BettingIsNotGood+1","Deadly Poison","Voices","Injury","Noxious Fumes+1","After Image","Bouncing Flask+1","Envenom","Bite","Bite","Bite","Bite","Bite"],"relics":["Ring of the Snake","HushsDoor","GnawedLeaf","Oddly Smooth Stone","ReplayTheSpireMod:Ring of Collecting","ReplayTheSpireMod:Ring of Addiction","White Beast Statue","Chameleon Ring","Snack Pack","Regal Pillow","Golden Idol","MerchantsRug","ReplayTheSpireMod:CursedCoin","Ring of Panic","Snake Skull","Fusion Hammer","MutagenicStrength"],"acts_visited":["Exordium","TheCity"],"potions_floor_usage":[18,19,22,22,24,24],"damage_taken":[{"damage":0.0,"enemies":"Small Slimes","floor":1.0,"turns":3.0},{"damage":35.0,"enemies":"Hiden Room Battle","floor":4.0,"turns":7.0},{"damage":0.0,"enemies":"Jaw Worm","floor":12.0,"turns":3.0},{"damage":0.0,"enemies":"2 Louse","floor":13.0,"turns":3.0},{"damage":0.0,"enemies":"2 Fungi Beasts","floor":14.0,"turns":3.0},{"damage":17.0,"enemies":"Hexaghost","floor":16.0,"turns":6.0},{"damage":38,"enemies":"2 Thieves","floor":18,"turns":4},{"damage":37,"enemies":"Shell Parasite","floor":19,"turns":6},{"damage":0,"enemies":"Sentry and Sphere","floor":22,"turns":3},{"damage":45,"enemies":"Gremlin Leader","floor":24,"turns":2}],"seed_played":"370100112634559002","potions_obtained":[{"floor":1.0,"key":"blueLaboratory:HummingbirdPotion"},{"floor":3.0,"key":"SpeedPotion"},{"floor":3.0,"key":"BlessingOfTheForge"},{"floor":3.0,"key":"Fruit Juice"},{"floor":4.0,"key":"Venom Potion"},{"floor":11.0,"key":"blueLaboratory:NullPotion"},{"floor":11.0,"key":"DistilledChaos"},{"floor":11.0,"key":"blueLaboratory:RememoryPotion"},{"floor":12.0,"key":"BlessingOfTheForge"},{"floor":13.0,"key":"blueLaboratory:Virophage"},{"floor":14.0,"key":"Poison Potion"},{"floor":16.0,"key":"Strength Potion"},{"floor":18,"key":"blueLaboratory:HeartbeatPotion"},{"floor":19,"key":"LifebloodPotion"},{"floor":22,"key":"GamblersBrew"}],"is_trial":false,"path_per_floor":["M","?","?","?","?","R","$","R","T","R","?","M","M","M","R","B",null,"M","M","?","?","M","R","E"],"character_chosen":"THE_SILENT","items_purchased":["MerchantsRug","Noxious Fumes","ReplayTheSpireMod:CursedCoin"],"campfire_rested":1,"item_purchase_floors":[7,7,7],"current_hp_per_floor":[70,52,52,12,12,12,12,12,12,12,12,24,24,34,34,27,71,43,6,6,6,16,45,0,0],"gold":385,"neow_bonus":"","is_daily":false,"chose_seed":false,"campfire_upgraded":4,"win_rate":0.0,"timestamp":1609447102,"path_taken":["M","?","?","?","?","R","$","R","T","R","?","M","M","M","R","BOSS","M","?","?","?","M","R","E"],"items_purchased_type":["Relic","Card","Relic"],"build_version":"2020-12-22","purchased_purges":1,"victory":false,"max_hp_per_floor":[70,70,70,75,75,75,75,73,73,73,71,71,71,71,71,71,71,71,71,49,49,49,49,49,49],"card_choices":[{"not_picked":[],"picked":"BettingIsNotGood","floor":0.0},{"not_picked":["Sucker Punch","Dodge and Roll"],"picked":"Deadly Poison","floor":1.0},{"not_picked":["Skewer","Escape Plan"],"picked":"After Image","floor":12.0},{"not_picked":["Deadly Poison","Eviscerate"],"picked":"Bouncing Flask","floor":13.0},{"not_picked":["Deflect","Prepared","Sucker Punch"],"picked":"SKIP","floor":14.0},{"not_picked":["Adrenaline","Malaise"],"picked":"Envenom","floor":16.0},{"not_picked":["Deadly Poison","Tactician","Sucker Punch"],"picked":"SKIP","floor":18},{"not_picked":["Prepared+1","Dagger Spray","Dodge and Roll+1"],"picked":"SKIP","floor":19},{"not_picked":["Bane","Fluid Movement","Terror"],"picked":"SKIP","floor":22}],"player_experience":441373,"relics_obtained":[{"floor":3.0,"key":"ReplayTheSpireMod:Ring of Collecting"},{"floor":3.0,"key":"ReplayTheSpireMod:Ring of Addiction"},{"floor":3.0,"key":"White Beast Statue"},{"floor":3.0,"key":"Chameleon Ring"},{"floor":4.0,"key":"Snack Pack"},{"floor":4.0,"key":"Regal Pillow"},{"floor":9.0,"key":"Ring of Panic"},{"floor":9.0,"key":"Snake Skull"}],"event_choices":[{"damage_healed":0.0,"max_hp_gain":0.0,"max_hp_loss":0.0,"gold_gain":0.0,"event_name":"Scrap Ooze","player_choice":"Success","floor":2.0,"gold_loss":0.0,"damage_taken":18.0,"relics_obtained":["Oddly Smooth Stone"]},{"damage_healed":0.0,"max_hp_gain":0.0,"max_hp_loss":0.0,"gold_gain":0.0,"event_name":"HidenRoomEvent","player_choice":"Fight","floor":4.0,"gold_loss":0.0,"damage_taken":0.0},{"damage_healed":0.0,"max_hp_gain":0.0,"max_hp_loss":0.0,"gold_gain":0.0,"event_name":"Golden Idol","player_choice":"Take Wound","floor":5.0,"gold_loss":0.0,"damage_taken":0.0,"relics_obtained":["Golden Idol"],"cards_obtained":["Injury"]},{"damage_healed":0.0,"max_hp_gain":0.0,"max_hp_loss":0.0,"gold_gain":0.0,"event_name":"Lab","player_choice":"Got Potions","floor":11.0,"gold_loss":0.0,"damage_taken":0.0},{"damage_healed":0,"gold_gain":0,"player_choice":"Became a vampire","damage_taken":0,"max_hp_gain":0,"max_hp_loss":22,"event_name":"Vampires","floor":20,"gold_loss":0,"cards_obtained":["Bite","Bite","Bite","Bite","Bite"]},{"damage_healed":0,"gold_gain":0,"player_choice":"Inject Mutagens","damage_taken":0,"relics_obtained":["MutagenicStrength"],"max_hp_gain":0,"max_hp_loss":0,"event_name":"Drug Dealer","floor":21,"gold_loss":0}],"is_beta":false,"boss_relics":[{"not_picked":["Kintsugi","Abe\u0027s Treasure"],"picked":"Fusion Hammer"},{"not_picked":[]}],"items_purged_floors":[7],"is_endless":false,"potions_floor_spawned":[1,4,12,13,14,16,18,19,22],"killed_by":"Gremlin Leader","ascension_level":3}}