{"host":"hfxahm4y1ssattqc","time":1609380599,"event":{"mods":["2.2 Compatiblity","Act Like it!","BaseMod","Beaked The Cultist","BetterRewards","Colored Map","Colored Powertips","Custom Start","Googly Eyes","Halation","Hallownest","Highlight Path","Hubris","Mimic Mod","Minty Spire (QoL Compilation)","Shop Mod","Spikes Relics","StSLib","The Bug Knight","The IronCluck","The Jungle","Unknown Chances","slay the spire mod where everything is the same but ironclad has a cowboy hat"],"gold_per_floor":[119,129,129,144,162,194,194,219,219,230,230,255,275,288,288,388,388,408,408,442,382,382],"floor_reached":21,"playtime":683,"items_purged":[],"score":221,"play_id":"cba38e71-3756-4c95-ac94-bc123afdca0a","local_time":"20201230180959","is_ascension_mode":false,"campfire_choices":[{"floor":7,"key":"REST"},{"data":"Lockon","floor":11,"key":"SMITH"},{"floor":15,"key":"REST"}],"circlet_count":0,"master_deck":["Strike_B","Strike_B","Strike_B","Strike_B","Defend_B","Defend_B","Defend_B","Defend_B","Zap","Dualcast+1","Doom and Gloom","Sweeping Beam","Lockon+1","Cold Snap","Turbo","Doom and Gloom+1","Meteor Strike+1","Blizzard+1","Stack+1"],"relics":["beaked:MawFillet","GiantMaggot","Orichalcum","Molten Egg 2","CosmicIsotope","Art of War"],"acts_visited":["Exordium","TheCity"],"potions_floor_usage":[12,20],"damage_taken":[{"damage":0,"enemies":"Small Slimes","floor":1,"turns":4},{"damage":0,"enemies":"Cultist","floor":2,"turns":3},{"damage":0,"enemies":"2 Louse","floor":4,"turns":2},{"damage":13,"enemies":"Exordium Thugs","floor":5,"turns":3},{"damage":21,"enemies":"Lagavulin","floor":6,"turns":4},{"damage":12,"enemies":"Gremlin Nob","floor":8,"turns":3},{"damage":0,"enemies":"2 Fungi Beasts","floor":10,"turns":2},{"damage":14,"enemies":"3 Sentries","floor":12,"turns":5},{"damage":3,"enemies":"Looter","floor":13,"turns":4},{"damage":8,"enemies":"Gremlin Gang","floor":14,"turns":3},{"damage":22,"enemies":"The Guardian","floor":16,"turns":9},{"damage":4,"enemies":"3 Byrds","floor":18,"turns":3},{"damage":55,"enemies":"Slavers","floor":20,"turns":8},{"damage":21,"enemies":"2 Thieves","floor":21,"turns":2}],"seed_played":"-8493054590931579507","potions_obtained":[{"floor":5,"key":"Dexterity Potion"},{"floor":6,"key":"PowerPotion"},{"floor":14,"key":"SteroidPotion"},{"floor":16,"key":"DistilledChaos"},{"floor":20,"key":"Ancient Potion"}],"is_trial":false,"path_per_floor":["M","M","?","M","M","E","R","E","T","M","R","E","M","M","R","B",null,"M","?","E","M"],"character_chosen":"DEFECT","items_purchased":[],"campfire_rested":2,"item_purchase_floors":[],"current_hp_per_floor":[75,75,75,75,62,41,63,51,51,51,51,37,34,26,48,26,75,71,71,16,0,0],"gold":382,"neow_bonus":"BOSS_RELIC","is_daily":false,"chose_seed":false,"campfire_upgraded":1,"win_rate":0.0,"timestamp":1609380599,"path_taken":["M","M","?","M","M","E","R","E","T","?","R","E","M","M","R","BOSS","M","?","E","M"],"items_purchased_type":[],"build_version":"2020-12-22","purchased_purges":0,"victory":false,"max_hp_per_floor":[75,75,75,75,75,75,75,75,75,75,75,75,75,75,75,75,75,75,75,75,75,75],"card_choices":[{"not_picked":["Ball Lightning","Leap"],"picked":"Doom and Gloom","floor":1},{"not_picked":["Chaos","Streamline"],"picked":"Sweeping Beam","floor":2},{"not_picked":["Rebound","Go for the Eyes"],"picked":"Lockon","floor":4},{"not_picked":["Coolheaded","Storm"],"picked":"Cold Snap","floor":5},{"not_picked":["Hello World","Streamline","Thunder Strike"],"picked":"SKIP","floor":6},{"not_picked":["Turbo","Barrage","Blizzard"],"picked":"SKIP","floor":8},{"not_picked":["hubris:PowerSurge","Steam","hubris:Ukulele"],"picked":"SKIP","floor":10},{"not_picked":["Steam","Rebound+1","Self Repair"],"picked":"SKIP","floor":12},{"not_picked":["Leap","Streamline+1"],"picked":"Turbo","floor":13},{"not_picked":["Coolheaded","Sweeping Beam+1"],"picked":"Doom and Gloom+1","floor":14},{"not_picked":["Multi-Cast","hubris:Prefetch"],"picked":"Meteor Strike+1","floor":16},{"not_picked":["Streamline+1","Rip and Tear+1"],"picked":"Blizzard+1","floor":18},{"not_picked":["Go for the Eyes+1","Auto Shields"],"picked":"Stack+1","floor":20}],"player_experience":850267,"relics_obtained":[{"floor":6,"key":"GiantMaggot"},{"floor":8,"key":"Orichalcum"},{"floor":12,"key":"Molten Egg 2"},{"floor":20,"key":"Art of War"}],"event_choices":[{"damage_healed":0,"gold_gain":0,"player_choice":"Ignored","damage_taken":0,"max_hp_gain":0,"max_hp_loss":0,"event_name":"NoteForYourself","floor":3,"gold_loss":0}],"is_beta":false,"boss_relics":[{"not_picked":["Calling Bell","Fusion Hammer"],"picked":"CosmicIsotope"}],"items_purged_floors":[],"is_endless":false,"potions_floor_spawned":[5,6,14,16,20],"killed_by":"2 Thieves","ascension_level":0}}