{"host":"lg1piimdyocafd6j","time":1609454324,"event":{"mods":["AchievementEnabler","BaseMod","Better Third Choice","BetterRewards","Colored Map","Colored Powertips","Downfall","Minty Spire (QoL Compilation)","Quick Restart","Rare Cards Sparkle","StSLib","SuperFastMode"],"gold_per_floor":[119,119,138,149,160,160,177,177,229,244,257,289,306,318,318,417,417,402,422,272,282,282,314,139,152,227,187,201,201,201,214,214,310,310,327,344,344,344,344,344,356,153,177,195,220,270,286,303,303,303,303,303,51,51,51],"floor_reached":54,"playtime":4524,"items_purged":["Strike_B","Strike_B","Defend_B","All For One","Dualcast"],"score":774,"play_id":"0844f818-d62d-480b-b627-c92f75a5aa27","local_time":"20201231233844","is_ascension_mode":false,"campfire_choices":[{"data":"Glacier","floor":6,"key":"SMITH"},{"floor":15,"key":"REST"},{"floor":29,"key":"RECALL"},{"floor":32,"key":"REST"},{"data":"Blizzard","floor":40,"key":"SMITH"},{"floor":49,"key":"REST"},{"data":"Blizzard","floor":52,"key":"SMITH"}],"circlet_count":0,"master_deck":["Cold Snap","Cold Snap","Glacier+1","Steam","Conserve Battery","Blizzard+1","Cold Snap+1","Echo Form","Glacier+1","Redo+1","Capacitor","Steam","Blizzard+1"],"relics":["Cracked Core","PreservedInsect","DataDisk","Bottled Lightning","Pandora\u0027s Box","Strawberry","Kunai","Inserter","Bag of Preparation","War Paint","Pantograph","StoneCalendar","Pear"],"acts_visited":["Exordium","TheCity","TheBeyond","TheEnding"],"potions_floor_usage":[3,12,16,16,33,33,35,38,45,54],"damage_taken":[{"damage":2,"enemies":"2 Louse","floor":1,"turns":3},{"damage":0,"enemies":"Cultist","floor":3,"turns":3},{"damage":0,"enemies":"Jaw Worm","floor":4,"turns":3},{"damage":10,"enemies":"Gremlin Gang","floor":5,"turns":5},{"damage":2,"enemies":"Looter","floor":7,"turns":3},{"damage":11,"enemies":"Lots of Slimes","floor":10,"turns":9},{"damage":0,"enemies":"Large Slime","floor":11,"turns":9},{"damage":10,"enemies":"Gremlin Nob","floor":12,"turns":5},{"damage":0,"enemies":"Exordium Wildlife","floor":13,"turns":6},{"damage":0,"enemies":"3 Louse","floor":14,"turns":5},{"damage":55,"enemies":"Hexaghost","floor":16,"turns":18},{"damage":6,"enemies":"2 Thieves","floor":18,"turns":4},{"damage":0,"enemies":"Chosen","floor":19,"turns":10},{"damage":0,"enemies":"Snake Plant","floor":21,"turns":9},{"damage":11,"enemies":"Slavers","floor":23,"turns":7},{"damage":7,"enemies":"Shelled Parasite and Fungi","floor":25,"turns":7},{"damage":5,"enemies":"Cultist and Chosen","floor":28,"turns":12},{"damage":6,"enemies":"Snecko","floor":31,"turns":5},{"damage":4,"enemies":"Collector","floor":33,"turns":16},{"damage":40,"enemies":"3 Shapes","floor":35,"turns":5},{"damage":5,"enemies":"Orb Walker","floor":36,"turns":7},{"damage":0,"enemies":"Transient","floor":38,"turns":1},{"damage":10,"enemies":"3 Darklings","floor":41,"turns":5},{"damage":1,"enemies":"Maw","floor":44,"turns":10},{"damage":8,"enemies":"Nemesis","floor":45,"turns":9},{"damage":0,"enemies":"Mind Bloom Boss Battle","floor":46,"turns":7},{"damage":20,"enemies":"Transient","floor":47,"turns":5},{"damage":29,"enemies":"4 Shapes","floor":48,"turns":7},{"damage":0,"enemies":"Time Eater","floor":50,"turns":11},{"damage":91,"enemies":"Shield and Spear","floor":54,"turns":7}],"seed_played":"790432310652850477","potions_obtained":[{"floor":3,"key":"Fruit Juice"},{"floor":5,"key":"PowerPotion"},{"floor":12,"key":"Energy Potion"},{"floor":13,"key":"EssenceOfSteel"},{"floor":18,"key":"GamblersBrew"},{"floor":23,"key":"Energy Potion"},{"floor":28,"key":"Dexterity Potion"},{"floor":35,"key":"sneckomod:MuddlingPotion"},{"floor":36,"key":"SmokeBomb"},{"floor":45,"key":"Guardian:BlockOnCardUsePotion"},{"floor":48,"key":"Regen Potion"}],"is_trial":false,"path_per_floor":["M","?","M","M","M","R","M","?","T","M","M","E","M","M","R","B",null,"M","M","$","M","?","E","$","M","T","?","M","R","?","M","R","B",null,"M","M","?","M","?","R","M","$","T","M","E","?","M","M","R","B",null,"R","$","E"],"character_chosen":"DEFECT","items_purchased":["PreservedInsect","Cold Snap","DataDisk","Bag of Preparation","PowerPotion","Pear"],"campfire_rested":3,"item_purchase_floors":[0,0,0,42,42,53],"current_hp_per_floor":[73,73,78,78,68,68,66,66,66,55,55,45,45,45,69,14,80,74,74,74,74,74,70,70,63,63,63,58,58,58,52,78,74,87,47,42,42,42,87,87,77,77,77,76,68,87,67,38,64,87,87,87,97,15,15],"gold":51,"neow_bonus":"","is_daily":false,"chose_seed":true,"campfire_upgraded":3,"win_rate":0.0,"timestamp":1609454324,"path_taken":["M","?","M","?","M","R","M","?","T","M","M","E","?","M","R","BOSS","M","M","$","M","?","E","$","M","T","?","?","R","?","M","R","BOSS","M","M","?","M","?","R","?","$","T","M","E","?","M","M","R","BOSS","R","$","E"],"items_purchased_type":["Relic","Card","Relic","Relic","Potion","Relic"],"build_version":"2020-12-22","purchased_purges":5,"victory":false,"max_hp_per_floor":[75,75,80,80,80,80,80,80,80,80,80,80,80,80,80,80,80,80,80,80,80,80,87,87,87,87,87,87,87,87,87,87,87,87,87,87,87,87,87,87,87,87,87,87,87,87,87,87,87,87,87,87,97,97,97],"card_choices":[{"not_picked":["Coolheaded","Reinforced Body"],"picked":"Cold Snap","floor":1},{"not_picked":["Go for the Eyes","Chaos","Reinforced Body"],"picked":"SKIP","floor":3},{"not_picked":["BootSequence","Turbo","Gash"],"picked":"SKIP","floor":4},{"not_picked":["Hello World","Gash"],"picked":"Glacier","floor":5},{"not_picked":["Steam Power","Redo"],"picked":"White Noise","floor":7},{"not_picked":["Undo","Chaos","Beam Cell"],"picked":"SKIP","floor":10},{"not_picked":["White Noise","Hyperbeam"],"picked":"Conserve Battery","floor":11},{"not_picked":["Buffer","Cold Snap"],"picked":"Blizzard","floor":12},{"not_picked":["Go for the Eyes","Redo"],"picked":"Cold Snap","floor":13},{"not_picked":["Undo","BootSequence","Hologram"],"picked":"SKIP","floor":14},{"not_picked":["Hyperbeam","Amplify"],"picked":"Echo Form","floor":16},{"not_picked":["Chaos","Loop","Sweeping Beam"],"picked":"SKIP","floor":18},{"not_picked":["Compile Driver","Coolheaded","Gash+1"],"picked":"SKIP","floor":19},{"not_picked":["Rebound","Stack","Genetic Algorithm"],"picked":"SKIP","floor":21},{"not_picked":["Heatsinks+1","Meteor Strike","Redo"],"picked":"SKIP","floor":23},{"not_picked":["Gash","Ball Lightning","Leap"],"picked":"SKIP","floor":25},{"not_picked":["FTL","Melter+1","Ball Lightning"],"picked":"SKIP","floor":28},{"not_picked":["Coolheaded+1","Gash","Compile Driver"],"picked":"SKIP","floor":31},{"not_picked":["Steam","Go for the Eyes","Sweeping Beam"],"picked":"SKIP","floor":35},{"not_picked":["Streamline","Compile Driver+1"],"picked":"Blizzard","floor":36},{"not_picked":["Streamline","Gash+1","Rebound"],"picked":"SKIP","floor":41},{"not_picked":["Storm+1","Melter","Scrape"],"picked":"SKIP","floor":44},{"not_picked":["Ball Lightning+1","Turbo+1","Heatsinks"],"picked":"SKIP","floor":45},{"not_picked":["Barrage+1","Seek","Leap+1"],"picked":"SKIP","floor":47},{"not_picked":["Coolheaded","Stack","Hello World+1"],"picked":"SKIP","floor":48}],"player_experience":157843,"relics_obtained":[{"floor":12,"key":"Bottled Lightning"},{"floor":23,"key":"Strawberry"},{"floor":26,"key":"Kunai"},{"floor":43,"key":"War Paint"},{"floor":45,"key":"Pantograph"},{"floor":46,"key":"StoneCalendar"}],"event_choices":[{"damage_healed":0,"gold_gain":0,"player_choice":"Ignored","damage_taken":0,"max_hp_gain":0,"max_hp_loss":0,"event_name":"NoteForYourself","floor":2,"gold_loss":0},{"damage_healed":0,"gold_gain":0,"cards_transformed":["Zap"],"player_choice":"Transformed","damage_taken":0,"max_hp_gain":0,"max_hp_loss":0,"event_name":"Transmorgrifier","floor":8,"gold_loss":0,"cards_obtained":["Steam"]},{"damage_healed":0,"gold_gain":0,"player_choice":"Ignored","damage_taken":0,"max_hp_gain":0,"max_hp_loss":0,"event_name":"Vampires","floor":22,"gold_loss":0},{"damage_healed":0,"gold_gain":0,"player_choice":"Upgrade","damage_taken":0,"max_hp_gain":0,"max_hp_loss":0,"event_name":"Designer","floor":27,"gold_loss":40,"cards_upgraded":["Cold Snap"]},{"damage_healed":0,"gold_gain":0,"player_choice":"Ignored","damage_taken":0,"max_hp_gain":0,"max_hp_loss":0,"event_name":"The Mausoleum","floor":30,"gold_loss":0},{"damage_healed":0,"gold_gain":0,"player_choice":"Ignored","damage_taken":0,"max_hp_gain":0,"max_hp_loss":0,"event_name":"Mysterious Sphere","floor":37,"gold_loss":0},{"cards_removed":["White Noise"],"damage_healed":45,"gold_gain":0,"player_choice":"Offered Uncommon","damage_taken":0,"max_hp_gain":0,"max_hp_loss":0,"event_name":"Bonfire Elementals","floor":39,"gold_loss":0},{"damage_healed":0,"gold_gain":0,"player_choice":"Fight","damage_taken":0,"max_hp_gain":0,"max_hp_loss":0,"event_name":"MindBloom","floor":46,"gold_loss":0}],"is_beta":false,"boss_relics":[{"not_picked":["SlaversCollar","Cursed Key"],"picked":"Pandora\u0027s Box"},{"not_picked":["Nuclear Battery","Busted Crown"],"picked":"Inserter"}],"items_purged_floors":[0,0,0,20,24],"is_endless":false,"potions_floor_spawned":[3,5,12,13,18,23,28,35,36,45,48],"killed_by":"Shield and Spear","ascension_level":0}}