{"host":"aibqmozag2xz7y1n","time":1609422628,"event":{"mods":["AchievementEnabler","BaseMod","Colored Map","Marisa????????","Minty Spire (QoL Compilation)","StSLib","The Servant 0.9.4"],"gold_per_floor":[111,111,123,123,133,133,147,160,183,105,180,180,355,372,372,372,372],"floor_reached":16,"playtime":628,"items_purged":[],"score":92,"play_id":"cf98125a-2f50-4760-90cf-071d419902a1","local_time":"20201231145028","is_ascension_mode":false,"campfire_choices":[{"data":"FearNoEvil","floor":6,"key":"SMITH"},{"floor":12,"key":"REST"},{"floor":15,"key":"REST"}],"circlet_count":0,"master_deck":["Strike_P","Strike_P","Strike_P","Strike_P","Defend_P","Defend_P+1","Defend_P+1","Defend_P+1","Eruption+1","Vigilance","ClearTheMind","Halt+1","FearNoEvil+1","FollowUp","Evaluate","Worship","Doubt","Crescendo"],"relics":["PureWater","War Paint","Bronze Scales"],"acts_visited":["Exordium"],"potions_floor_usage":[16],"damage_taken":[{"damage":1,"enemies":"Small Slimes","floor":1,"turns":3},{"damage":0,"enemies":"2 Louse","floor":3,"turns":2},{"damage":2,"enemies":"Jaw Worm","floor":5,"turns":8},{"damage":3,"enemies":"Large Slime","floor":7,"turns":4},{"damage":0,"enemies":"Exordium Wildlife","floor":8,"turns":4},{"damage":5,"enemies":"Red Slaver","floor":14,"turns":4},{"damage":85,"enemies":"Slime Boss","floor":16,"turns":9}],"seed_played":"3471172784378923556","potions_obtained":[{"floor":1,"key":"FearPotion"},{"floor":3,"key":"Block Potion"},{"floor":5,"key":"Ancient Potion"}],"is_trial":false,"path_per_floor":["M","?","M","?","M","R","M","M","T","$","?","R","?","M","R","B"],"character_chosen":"WATCHER","items_purchased":["Worship"],"campfire_rested":2,"item_purchase_floors":[10],"current_hp_per_floor":[71,57,57,57,55,55,52,52,52,52,41,62,62,57,72,0,0],"gold":372,"neow_bonus":"RANDOM_COMMON_RELIC","is_daily":false,"chose_seed":false,"campfire_upgraded":1,"win_rate":0.0,"timestamp":1609422628,"path_taken":["M","?","M","?","M","R","M","M","T","$","?","R","?","M","R","BOSS"],"items_purchased_type":["Card"],"build_version":"2020-12-22","purchased_purges":0,"victory":false,"max_hp_per_floor":[72,72,72,72,72,72,72,72,72,72,72,72,72,72,72,72,72],"card_choices":[{"not_picked":["Wallop","Conclude"],"picked":"ClearTheMind","floor":1},{"not_picked":["PathToVictory","ClearTheMind"],"picked":"Halt","floor":3},{"not_picked":["CrushJoints","FlurryOfBlows"],"picked":"FearNoEvil","floor":5},{"not_picked":["SashWhip","Scrawl"],"picked":"FollowUp","floor":7},{"not_picked":["FollowUp","BowlingBash"],"picked":"Evaluate","floor":8},{"not_picked":["InnerPeace","Consecrate"],"picked":"Crescendo","floor":14}],"player_experience":195051,"relics_obtained":[{"floor":9,"key":"Bronze Scales"}],"event_choices":[{"damage_healed":0,"gold_gain":0,"player_choice":"Entered Light","damage_taken":14,"max_hp_gain":0,"max_hp_loss":0,"event_name":"Shining Light","floor":2,"gold_loss":0,"cards_upgraded":["Defend_P","Eruption"]},{"damage_healed":0,"gold_gain":0,"player_choice":"Grow","damage_taken":0,"max_hp_gain":0,"max_hp_loss":0,"event_name":"Living Wall","floor":4,"gold_loss":0,"cards_upgraded":["Halt"]},{"damage_healed":0,"gold_gain":75,"player_choice":"Gather Gold","damage_taken":11,"max_hp_gain":0,"max_hp_loss":0,"event_name":"World of Goop","floor":11,"gold_loss":0},{"damage_healed":0,"gold_gain":175,"player_choice":"AGREE","damage_taken":0,"max_hp_gain":0,"max_hp_loss":0,"event_name":"Liars Game","floor":13,"gold_loss":0,"cards_obtained":["Doubt"]}],"is_beta":false,"boss_relics":[],"items_purged_floors":[],"is_endless":false,"potions_floor_spawned":[1,3,5],"killed_by":"Slime Boss","ascension_level":0}}