{"host":"56ghxnzsglgdq727","time":1609456417,"event":{"mods":["AchievementEnabler","BaseMod","Minty Spire (QoL Compilation)"],"gold_per_floor":[115,129,140,140,140,140,169,187,187,187,203,10,10,27,27,131,131,144,159,159,0,0,0,0,0,0,16,16,16],"floor_reached":28,"playtime":881,"items_purged":["Strike_B"],"score":229,"play_id":"4e7d9581-e8f6-41b5-ae39-17e253fffdb3","local_time":"20201231181337","is_ascension_mode":true,"campfire_choices":[{"data":"Dramatic Entrance","floor":6.0,"key":"SMITH"},{"floor":10,"key":"REST"},{"data":"Buffer","floor":15,"key":"SMITH"},{"floor":23,"key":"REST"},{"data":"Echo Form","floor":25,"key":"SMITH"}],"circlet_count":0,"master_deck":["Strike_B","Defend_B","Defend_B","Defend_B","Defend_B","Zap","Dualcast","Dramatic Entrance+1","Heatsinks","Buffer+1","Capacitor","Echo Form+1","Self Repair","Self Repair","Thunder Strike"],"relics":["Cracked Core","Sundial","Dream Catcher","White Beast Statue","Membership Card","Dead Branch","Empty Cage","Kunai"],"acts_visited":["Exordium","TheCity"],"potions_floor_usage":[7,16,16,19,19,27,28],"damage_taken":[{"damage":6.0,"enemies":"Cultist","floor":1.0,"turns":3.0},{"damage":0.0,"enemies":"Small Slimes","floor":2.0,"turns":2.0},{"damage":0.0,"enemies":"2 Louse","floor":3.0,"turns":3.0},{"damage":20,"enemies":"Lagavulin","floor":7,"turns":8},{"damage":12,"enemies":"Exordium Thugs","floor":8,"turns":3},{"damage":0,"enemies":"2 Fungi Beasts","floor":11,"turns":3},{"damage":0,"enemies":"Blue Slaver","floor":14,"turns":3},{"damage":21,"enemies":"The Guardian","floor":16,"turns":13},{"damage":58,"enemies":"3 Byrds","floor":18,"turns":4},{"damage":5,"enemies":"Spheric Guardian","floor":19,"turns":5},{"damage":15,"enemies":"Chosen and Byrds","floor":27,"turns":5},{"damage":34,"enemies":"3 Cultists","floor":28,"turns":5}],"seed_played":"345343915165778258","potions_obtained":[{"floor":2.0,"key":"Dexterity Potion"},{"floor":8,"key":"SneckoOil"},{"floor":11,"key":"SteroidPotion"},{"floor":14,"key":"DistilledChaos"},{"floor":16,"key":"GamblersBrew"},{"floor":18,"key":"Energy Potion"},{"floor":19,"key":"LiquidBronze"},{"floor":27,"key":"Regen Potion"}],"is_trial":false,"path_per_floor":["M","M","M","?","?","R","E","M","T","R","M","$","?","M","R","B",null,"M","M","?","?","$","R","?","R","T","M","M"],"character_chosen":"DEFECT","items_purchased":["Membership Card"],"campfire_rested":2,"item_purchase_floors":[12],"current_hp_per_floor":[69,69,69,66,75,75,55,43,43,65,65,65,65,65,65,44,75,17,12,37,37,37,59,59,59,59,51,31,31],"gold":16,"neow_bonus":"RANDOM_COLORLESS","is_daily":false,"chose_seed":false,"campfire_upgraded":3,"win_rate":0.0,"timestamp":1609456417,"path_taken":["M","?","M","?","?","R","E","?","T","R","M","$","?","M","R","BOSS","M","M","?","?","$","R","?","R","T","?","M"],"items_purchased_type":["Relic"],"build_version":"2020-12-22","purchased_purges":1,"victory":false,"max_hp_per_floor":[75,75,75,75,75,75,75,75,75,75,75,75,75,75,75,75,75,75,75,75,75,75,75,75,75,75,75,75,75],"card_choices":[{"not_picked":["Panacea","Purity"],"picked":"Dramatic Entrance","floor":0.0},{"not_picked":["Steam","Ball Lightning","Sweeping Beam"],"picked":"SKIP","floor":1.0},{"not_picked":["Turbo","Go for the Eyes","Rebound"],"picked":"SKIP","floor":2.0},{"not_picked":["Go for the Eyes","Steam"],"picked":"Heatsinks","floor":3.0},{"not_picked":["Tempest","Beam Cell","Fusion"],"picked":"SKIP","floor":7},{"not_picked":["Defragment","Force Field"],"picked":"Buffer","floor":8},{"not_picked":["Barrage","Tempest"],"picked":"Capacitor","floor":11},{"not_picked":["Sunder","Conserve Battery","FTL"],"picked":"SKIP","floor":14},{"not_picked":["All For One","Hyperbeam"],"picked":"Echo Form","floor":16},{"not_picked":["Sweeping Beam+1","Steam","Sunder+1"],"picked":"SKIP","floor":18},{"not_picked":["Reinforced Body","Redo+1"],"picked":"Self Repair","floor":19},{"not_picked":["Streamline","Leap"],"picked":"Self Repair","floor":23},{"not_picked":["Conserve Battery+1","Hologram","Steam+1"],"picked":"SKIP","floor":27}],"player_experience":69852,"relics_obtained":[{"floor":7,"key":"Dream Catcher"},{"floor":9,"key":"White Beast Statue"},{"floor":26,"key":"Kunai"}],"event_choices":[{"damage_healed":0.0,"max_hp_gain":0.0,"max_hp_loss":0.0,"gold_gain":0.0,"event_name":"Scrap Ooze","player_choice":"Success","floor":4.0,"gold_loss":0.0,"damage_taken":3.0,"relics_obtained":["Sundial"]},{"damage_healed":9.0,"max_hp_gain":0.0,"max_hp_loss":0.0,"gold_gain":0.0,"event_name":"Wheel of Change","player_choice":"Full Heal","floor":5.0,"gold_loss":0.0,"damage_taken":0.0},{"damage_healed":0,"gold_gain":0,"player_choice":"Searched \u00271\u0027 times","damage_taken":0,"relics_obtained":["Dead Branch"],"max_hp_gain":0,"max_hp_loss":0,"event_name":"Dead Adventurer","floor":13,"gold_loss":0},{"damage_healed":25,"gold_gain":0,"player_choice":"Heal","damage_taken":0,"max_hp_gain":0,"max_hp_loss":0,"event_name":"The Library","floor":20,"gold_loss":0},{"damage_healed":0,"gold_gain":0,"player_choice":"Paid Fearfully","damage_taken":0,"max_hp_gain":0,"max_hp_loss":0,"event_name":"Masked Bandits","floor":21,"gold_loss":159},{"damage_healed":0,"gold_gain":0,"player_choice":"1 cards matched","damage_taken":0,"max_hp_gain":0,"max_hp_loss":0,"event_name":"Match and Keep!","floor":24,"gold_loss":0,"cards_obtained":["Thunder Strike"]}],"is_beta":false,"boss_relics":[{"not_picked":["FrozenCore","Busted Crown"],"picked":"Empty Cage"}],"items_purged_floors":[12],"is_endless":false,"potions_floor_spawned":[2,8,11,14,16,18,19,27],"killed_by":"3 Cultists","ascension_level":1}}