{"host":"r3d3rfw8zyydmocx","time":1609406838,"event":{"mods":["Aspiration","BaseMod","Better Third Choice","Colored Powertips","Conspire","Downfall","Hermit","Highlight Path","Hubris","Minty Spire (QoL Compilation)","StSLib","The Hierophant","The Servant 0.9.4"],"gold_per_floor":[99,117,27,38,55,84,84,84,104,116,131,131,131,16,30,135,135,135,152,152,152,152],"floor_reached":20,"playtime":1352,"items_purged":["Writhe","Slimebound:Strike_Slimebound"],"score":246,"play_id":"9bd51c9c-06f1-4455-af90-1c51be7fcbb2","local_time":"20201231012718","is_ascension_mode":true,"campfire_choices":[{"data":"Slimebound:Split","floor":1,"key":"SMITH"},{"data":"Slimebound:SamplingLick","floor":12,"key":"SMITH"},{"data":"Slimebound:Nibble","floor":18,"key":"SMITH"}],"circlet_count":0,"master_deck":["Slimebound:Defend_Slimebound","Slimebound:Defend_Slimebound","Slimebound:Split+1","Slimebound:OozeBath","Slimebound:Nibble+1","Slimebound:SamplingLick+1","Slimebound:SplitMire","Slimebound:LevelUp","Slimebound:WasteNot","Slimebound:Darklings","Slimebound:DuplicatedForm","Slimebound:LeadByExample+1","Slimebound:DuplicatedForm+1","Slimebound:Prepare+1","Slimebound:PressTheAttack"],"relics":["Slimebound:AbsorbEndCombat","HornCleat","conspire:Boomerang","Astrolabe"],"acts_visited":["Exordium","TheCity"],"potions_floor_usage":[6,19,19],"damage_taken":[{"damage":14,"enemies":"conspire:RoseBush","floor":2,"turns":4},{"damage":12,"enemies":"downfall:FleeingMerchant","floor":3,"turns":4},{"damage":11,"enemies":"Cultist","floor":4,"turns":3},{"damage":14,"enemies":"2 Louse","floor":5,"turns":3},{"damage":20,"enemies":"Lagavulin","floor":6,"turns":6},{"damage":20,"enemies":"Exordium Thugs","floor":9,"turns":3},{"damage":11,"enemies":"3 Louse","floor":10,"turns":3},{"damage":12,"enemies":"Blue Slaver","floor":11,"turns":3},{"damage":15,"enemies":"downfall:FleeingMerchant","floor":14,"turns":4},{"damage":30,"enemies":"Large Slime","floor":15,"turns":5},{"damage":55,"enemies":"downfall:Watcher","floor":16,"turns":8},{"damage":76,"enemies":"3 Byrds","floor":19,"turns":6},{"damage":28,"enemies":"Colosseum Nobs","floor":20,"turns":3}],"seed_played":"-8786644037161375968","potions_obtained":[{"floor":2,"key":"Weak Potion"},{"floor":5,"key":"Fire Potion"},{"floor":9,"key":"Guardian:BlockOnCardUsePotion"},{"floor":11,"key":"Strength Potion"},{"floor":16,"key":"Weak Potion"}],"is_trial":false,"path_per_floor":["R","M","$","M","M","E","T","?","M","M","M","R","?","$","M","B",null,"R","M","?"],"character_chosen":"SLIMEBOUND","items_purchased":[],"campfire_rested":0,"item_purchase_floors":[],"current_hp_per_floor":[54,52,56,55,59,56,56,56,56,59,60,60,60,60,48,33,53,53,15,0,0,0],"gold":152,"neow_bonus":"TRANSFORM_TWO_CARDS","is_daily":false,"chose_seed":false,"campfire_upgraded":3,"win_rate":0.0,"timestamp":1609406838,"path_taken":["R","M","$","M","M","E","T","?","?","M","M","R","?","?","M","BOSS","R","M","?"],"items_purchased_type":[],"build_version":"2020-12-22","purchased_purges":2,"victory":false,"max_hp_per_floor":[60,60,60,60,60,60,60,60,60,60,60,60,60,60,60,60,60,60,60,60,60,60],"card_choices":[{"not_picked":["Slimebound:ServeAndProtect","Slimebound:ViciousTackle"],"picked":"Slimebound:SamplingLick","floor":2},{"not_picked":["Slimebound:RollThrough","Slimebound:ForwardTackle","Slimebound:Schlurp"],"picked":"SKIP","floor":3},{"not_picked":["Slimebound:Schlurp","Slimebound:ComboTackle"],"picked":"Slimebound:SplitMire","floor":4},{"not_picked":["Slimebound:SplitLeeching","Slimebound:Schlurp","Slimebound:GoopSpray"],"picked":"SKIP","floor":5},{"not_picked":["Slimebound:LeechLife","Slimebound:RollThrough"],"picked":"Slimebound:LevelUp","floor":6},{"not_picked":["Slimebound:SamplingLick","Slimebound:SplitAcid","Slimebound:LeechingTouch"],"picked":"SKIP","floor":9},{"not_picked":["Slimebound:DivideAndConquer","Slimebound:LeechingTouch"],"picked":"Slimebound:WasteNot","floor":10},{"not_picked":["Slimebound:ItLooksTasty","Slimebound:RollThrough","Slimebound:SlimeBarrage"],"picked":"SKIP","floor":11},{"not_picked":["Slimebound:GoopSpray","Slimebound:Schlurp","Slimebound:RollThrough"],"picked":"SKIP","floor":14},{"not_picked":["Slimebound:SlimeSpikes","Slimebound:SplitAcid","Slimebound:GoopTackle"],"picked":"SKIP","floor":15},{"not_picked":["Slimebound:SlimeSlap","Slimebound:SelfFormingGoo"],"picked":"Slimebound:DuplicatedForm","floor":16},{"not_picked":["Slimebound:ForwardTackle","Slimebound:Dissolve"],"picked":"Slimebound:PressTheAttack","floor":19}],"player_experience":555014,"relics_obtained":[{"floor":6,"key":"HornCleat"},{"floor":7,"key":"conspire:Boomerang"}],"event_choices":[{"cards_removed":["Slimebound:Defend_Slimebound"],"damage_healed":0,"gold_gain":0,"player_choice":"Offered Basic","damage_taken":0,"max_hp_gain":0,"max_hp_loss":0,"event_name":"Bonfire Elementals","floor":8,"gold_loss":0}],"is_beta":false,"boss_relics":[{"not_picked":["aspiration:RitualDagger","SacredBark"],"picked":"Astrolabe"}],"items_purged_floors":[3,14],"is_endless":false,"potions_floor_spawned":[2,5,9,11,16],"killed_by":"Colosseum Nobs","ascension_level":8}}