{"host":"x7xd4wkamhrqrrvw","time":1609389257,"event":{"mods":["BaseMod","Minty Spire (QoL Compilation)","StSLib"],"gold_per_floor":[110,125,136,136,155,184,184,197,247,247,266,294,314,328,328,429,429,439,439,221,236,236,236,246,280,280,280,294,309,408,439,439,536,536,546,546,363,363,379,399,433,433,433,448,448,477,477,300,300,300,300,300,47,73,73,73],"floor_reached":55,"playtime":1712,"items_purged":["Defend_R","Defend_R","Bash"],"score":974,"play_id":"36d9c740-96f2-4aae-9ffc-1b057d7e0d96","local_time":"20201231023417","is_ascension_mode":true,"campfire_choices":[{"data":"Perfected Strike","floor":7,"key":"SMITH"},{"data":"Perfected Strike","floor":10,"key":"SMITH"},{"data":"Perfected Strike","floor":15,"key":"SMITH"},{"data":"Double Tap","floor":23,"key":"SMITH"},{"data":"Wild Strike","floor":27,"key":"SMITH"},{"data":"Uppercut","floor":32,"key":"SMITH"},{"data":"Offering","floor":42,"key":"SMITH"},{"data":"PanicButton","floor":47,"key":"SMITH"},{"floor":49,"key":"RECALL"},{"floor":52,"key":"REST"}],"circlet_count":0,"master_deck":["Strike_R","Strike_R","Strike_R","Strike_R","Strike_R","Dark Shackles","Perfected Strike+1","Perfected Strike+1","Wild Strike+1","Perfected Strike+1","Double Tap+1","Seeing Red+1","Uppercut+1","Disarm+1","Offering+1","PanicButton+1","Evolve+1","Pommel Strike+1","Twin Strike+1"],"relics":["Burning Blood","Meat on the Bone","Pantograph","Akabeko","PreservedInsect","Runic Dome","Omamori","Red Skull","HornCleat","Potion Belt","SlaversCollar","Bag of Preparation","Centennial Puzzle","Paper Frog","Turnip"],"acts_visited":["Exordium","TheCity","TheBeyond","TheEnding"],"potions_floor_usage":[12,13,16,25,28,33,33,33,50,55,55,55,55],"damage_taken":[{"damage":4,"enemies":"Jaw Worm","floor":1,"turns":6},{"damage":1,"enemies":"Cultist","floor":2,"turns":3},{"damage":3,"enemies":"Small Slimes","floor":3,"turns":3},{"damage":6,"enemies":"Looter","floor":5,"turns":2},{"damage":35,"enemies":"Gremlin Nob","floor":6,"turns":5},{"damage":0,"enemies":"Blue Slaver","floor":8,"turns":2},{"damage":5,"enemies":"Gremlin Gang","floor":11,"turns":4},{"damage":6,"enemies":"Lagavulin","floor":12,"turns":3},{"damage":0,"enemies":"Looter","floor":13,"turns":1},{"damage":11,"enemies":"Exordium Thugs","floor":14,"turns":3},{"damage":27,"enemies":"Hexaghost","floor":16,"turns":8},{"damage":6,"enemies":"2 Thieves","floor":18,"turns":2},{"damage":14,"enemies":"Shell Parasite","floor":21,"turns":3},{"damage":7,"enemies":"3 Cultists","floor":24,"turns":4},{"damage":33,"enemies":"Slavers","floor":25,"turns":4},{"damage":0,"enemies":"Chosen and Byrds","floor":28,"turns":3},{"damage":5,"enemies":"Centurion and Healer","floor":29,"turns":2},{"damage":19,"enemies":"Book of Stabbing","floor":31,"turns":2},{"damage":69,"enemies":"Automaton","floor":33,"turns":8},{"damage":0,"enemies":"3 Shapes","floor":35,"turns":2},{"damage":36,"enemies":"3 Darklings","floor":39,"turns":6},{"damage":4,"enemies":"Spire Growth","floor":40,"turns":3},{"damage":17,"enemies":"Reptomancer","floor":41,"turns":4},{"damage":6,"enemies":"Sphere and 2 Shapes","floor":44,"turns":3},{"damage":0,"enemies":"Nemesis","floor":46,"turns":3},{"damage":64,"enemies":"Awakened One","floor":50,"turns":7},{"damage":6,"enemies":"Shield and Spear","floor":54,"turns":2},{"damage":82,"enemies":"The Heart","floor":55,"turns":5}],"seed_played":"5574124342091901084","potions_obtained":[{"floor":1,"key":"Swift Potion"},{"floor":6,"key":"Swift Potion"},{"floor":8,"key":"ColorlessPotion"},{"floor":11,"key":"BloodPotion"},{"floor":12,"key":"ColorlessPotion"},{"floor":13,"key":"BloodPotion"},{"floor":24,"key":"Fire Potion"},{"floor":25,"key":"Energy Potion"},{"floor":29,"key":"LiquidMemories"},{"floor":35,"key":"SpeedPotion"},{"floor":40,"key":"Dexterity Potion"},{"floor":46,"key":"BlessingOfTheForge"},{"floor":54,"key":"AttackPotion"}],"is_trial":false,"path_per_floor":["M","M","M","?","M","E","R","M","T","R","M","E","M","M","R","B",null,"M","?","$","M","?","R","M","E","T","R","M","M","?","E","R","B",null,"M","?","$","?","M","M","E","R","T","M","?","E","R","$","R","B",null,"R","$","E","B"],"character_chosen":"IRONCLAD","items_purchased":["Omamori","PanicButton","Swift Potion","Paper Frog"],"campfire_rested":1,"item_purchase_floors":[20,37,48,53],"current_hp_per_floor":[80,80,80,80,80,51,51,57,57,57,58,58,80,75,75,59,75,75,75,75,67,67,67,66,51,51,51,57,58,58,57,57,45,71,77,67,67,67,49,51,52,52,52,52,52,58,58,58,58,34,69,80,80,80,0,0],"gold":73,"neow_bonus":"RANDOM_COLORLESS","is_daily":false,"chose_seed":false,"campfire_upgraded":8,"win_rate":0.0,"timestamp":1609389257,"path_taken":["M","M","M","?","M","E","R","M","T","R","M","E","?","M","R","BOSS","M","?","?","M","?","R","M","E","T","R","M","?","?","E","R","BOSS","M","?","$","?","M","?","E","R","T","M","?","E","R","$","R","BOSS","R","$","E","BOSS"],"items_purchased_type":["Relic","Card","Potion","Relic"],"build_version":"2020-12-22","purchased_purges":3,"victory":false,"max_hp_per_floor":[80,80,80,80,80,80,80,80,80,80,80,80,80,80,80,80,80,80,80,80,80,80,80,80,80,80,80,80,80,80,80,80,80,80,80,80,80,80,80,80,80,80,80,80,80,80,80,80,80,80,80,80,80,80,80,80],"card_choices":[{"not_picked":["Deep Breath","Good Instincts"],"picked":"Dark Shackles","floor":0},{"not_picked":["Burning Pact","Sentinel"],"picked":"Perfected Strike","floor":1},{"not_picked":["Thunderclap","Rampage"],"picked":"Perfected Strike","floor":2},{"not_picked":["Clash","Combust","Iron Wave"],"picked":"SKIP","floor":3},{"not_picked":["Clothesline","Metallicize","Cleave"],"picked":"SKIP","floor":5},{"not_picked":["Reaper","Disarm"],"picked":"Wild Strike","floor":6},{"not_picked":["Bloodletting","Rampage"],"picked":"Perfected Strike","floor":8},{"not_picked":["Sentinel","Flex","Headbutt"],"picked":"SKIP","floor":11},{"not_picked":["Shockwave","Sword Boomerang","Inflame"],"picked":"SKIP","floor":12},{"not_picked":["Shrug It Off","Carnage","Dual Wield"],"picked":"SKIP","floor":13},{"not_picked":["Hemokinesis","Havoc","Reckless Charge"],"picked":"SKIP","floor":14},{"not_picked":["Juggernaut","Limit Break"],"picked":"Double Tap","floor":16},{"not_picked":["Flame Barrier+1","Cleave+1","Thunderclap"],"picked":"SKIP","floor":18},{"not_picked":["Cleave+1","Anger"],"picked":"Seeing Red+1","floor":21},{"not_picked":["Flex+1","Combust","Bludgeon"],"picked":"SKIP","floor":24},{"not_picked":["Searing Blow","Shrug It Off","Clothesline"],"picked":"SKIP","floor":25},{"not_picked":["Heavy Blade+1","Infernal Blade+1"],"picked":"Uppercut","floor":28},{"not_picked":["Pummel","Armaments","Flex+1"],"picked":"SKIP","floor":29},{"not_picked":["Double Tap","Sword Boomerang"],"picked":"Disarm+1","floor":31},{"not_picked":["Exhume","Fiend Fire"],"picked":"Offering","floor":33},{"not_picked":["Heavy Blade","Dropkick","Armaments"],"picked":"SKIP","floor":35},{"not_picked":["Havoc","Bloodletting+1","True Grit+1"],"picked":"SKIP","floor":39},{"not_picked":["Thunderclap+1","Heavy Blade+1"],"picked":"Evolve+1","floor":40},{"not_picked":["Sentinel+1","Shrug It Off+1","Reaper"],"picked":"SKIP","floor":41},{"not_picked":["Cleave+1","True Grit","Evolve"],"picked":"SKIP","floor":44},{"not_picked":["Thunderclap","Evolve"],"picked":"Pommel Strike+1","floor":46},{"not_picked":["Uppercut","Headbutt"],"picked":"Twin Strike+1","floor":54}],"player_experience":257221,"relics_obtained":[{"floor":6,"key":"Pantograph"},{"floor":9,"key":"Akabeko"},{"floor":12,"key":"PreservedInsect"},{"floor":25,"key":"Red Skull"},{"floor":26,"key":"HornCleat"},{"floor":31,"key":"Potion Belt"},{"floor":41,"key":"Bag of Preparation"},{"floor":46,"key":"Centennial Puzzle"},{"floor":54,"key":"Turnip"}],"event_choices":[{"damage_healed":0,"gold_gain":0,"player_choice":"Gave Potion","damage_taken":0,"relics_obtained":["Meat on the Bone"],"max_hp_gain":0,"max_hp_loss":0,"event_name":"WeMeetAgain","floor":4,"gold_loss":0},{"damage_healed":0,"gold_gain":0,"player_choice":"Bought 0 Potions","damage_taken":0,"max_hp_gain":0,"max_hp_loss":0,"event_name":"The Woman in Blue","floor":19,"gold_loss":0},{"damage_healed":0,"gold_gain":0,"player_choice":"Ignored","damage_taken":0,"max_hp_gain":0,"max_hp_loss":0,"event_name":"N\u0027loth","floor":22,"gold_loss":0},{"damage_healed":0,"gold_gain":99,"player_choice":"Stole From Cult","damage_taken":0,"max_hp_gain":0,"max_hp_loss":0,"event_name":"Nest","floor":30,"gold_loss":0},{"damage_healed":0,"gold_gain":0,"player_choice":"Memory 3","damage_taken":10,"max_hp_gain":0,"max_hp_loss":0,"event_name":"SensoryStone","floor":36,"gold_loss":0},{"cards_removed":["Defend_R"],"damage_healed":0,"gold_gain":0,"player_choice":"Offered Basic","damage_taken":0,"max_hp_gain":0,"max_hp_loss":0,"event_name":"Bonfire Elementals","floor":38,"gold_loss":0},{"cards_removed":["Defend_R"],"damage_healed":0,"gold_gain":0,"player_choice":"Purged","damage_taken":0,"max_hp_gain":0,"max_hp_loss":0,"event_name":"Purifier","floor":45,"gold_loss":0}],"is_beta":false,"boss_relics":[{"not_picked":["Black Blood","Fusion Hammer"],"picked":"Runic Dome"},{"not_picked":["Astrolabe","SacredBark"],"picked":"SlaversCollar"}],"items_purged_floors":[20,37,48],"is_endless":false,"potions_floor_spawned":[1,6,8,11,12,13,24,25,29,35,40,46,54],"killed_by":"The Heart","ascension_level":5}}