{"host":"uonldg9uriwfhjjx","time":1609382640,"event":{"mods":["AchievementEnabler","BaseMod","Minty Spire (QoL Compilation)","Relic Stats"],"gold_per_floor":[216,216,32,48,59,84,84,84,84,84,84,103,143,157,157,255,255,280,26,49,73,86,122,122,122,122,155,155,31,31,52,52,145,145,168,14,14,28,47,82,82,82,107,146,159,159,159],"floor_reached":46,"playtime":1818,"items_purged":["Injury","Perfected Strike","Searing Blow"],"score":1012,"play_id":"0d45f715-b2d8-4767-8ce9-677d21d04f05","local_time":"20201230214400","is_ascension_mode":true,"campfire_choices":[{"data":"Rupture","floor":7.0,"key":"SMITH"},{"data":"Inflame","floor":10.0,"key":"SMITH"},{"floor":15.0,"key":"REST"},{"data":"Armaments","floor":24.0,"key":"SMITH"},{"data":"Brutality","floor":28.0,"key":"SMITH"},{"data":"Seeing Red","floor":30.0,"key":"SMITH"},{"data":"Battle Trance","floor":32.0,"key":"SMITH"},{"data":"Rupture","floor":41.0,"key":"SMITH"}],"circlet_count":0,"master_deck":["AscendersBane","Bash","Combust+1","Inflame+1","Rupture+1","Battle Trance+1","Armaments+1","Brutality+1","Hemokinesis","Seeing Red+1","Twin Strike","Whirlwind","Sword Boomerang","Impervious","Sword Boomerang+1","Bloodletting","Metallicize","Rupture+1","Rampage","Dual Wield","True Grit","Battle Trance","Rupture","Twin Strike","Parasite"],"relics":["Burning Blood","Membership Card","Ornamental Fan","Golden Idol","Vajra","Meat on the Bone","Mark of Pain","Eternal Feather","Singing Bowl","Gremlin Horn","Pantograph","Centennial Puzzle","Pandora\u0027s Box","Frozen Egg 2","Omamori","Orichalcum"],"acts_visited":["Exordium","TheCity","TheBeyond"],"potions_floor_usage":[46,46],"damage_taken":[{"damage":0.0,"enemies":"Small Slimes","floor":1.0,"turns":3.0},{"damage":13.0,"enemies":"2 Louse","floor":4.0,"turns":3.0},{"damage":4.0,"enemies":"Cultist","floor":5.0,"turns":4.0},{"damage":27.0,"enemies":"Gremlin Nob","floor":6.0,"turns":4.0},{"damage":13.0,"enemies":"Looter","floor":12.0,"turns":4.0},{"damage":22.0,"enemies":"Lagavulin","floor":13.0,"turns":6.0},{"damage":19.0,"enemies":"Exordium Thugs","floor":14.0,"turns":4.0},{"damage":27.0,"enemies":"Hexaghost","floor":16.0,"turns":9.0},{"damage":30.0,"enemies":"Shell Parasite","floor":18.0,"turns":5.0},{"damage":41.0,"enemies":"2 Thieves","floor":20.0,"turns":4.0},{"damage":14.0,"enemies":"Cultist and Chosen","floor":21.0,"turns":4.0},{"damage":12.0,"enemies":"Centurion and Healer","floor":22.0,"turns":4.0},{"damage":22.0,"enemies":"Slavers","floor":23.0,"turns":4.0},{"damage":7.0,"enemies":"Gremlin Leader","floor":27.0,"turns":5.0},{"damage":7.0,"enemies":"3 Cultists","floor":31.0,"turns":3.0},{"damage":35.0,"enemies":"Champ","floor":33.0,"turns":6.0},{"damage":36.0,"enemies":"3 Darklings","floor":35.0,"turns":3.0},{"damage":16.0,"enemies":"Orb Walker","floor":38.0,"turns":3.0},{"damage":22.0,"enemies":"Writhing Mass","floor":39.0,"turns":4.0},{"damage":10.0,"enemies":"Reptomancer","floor":40.0,"turns":3.0},{"damage":13.0,"enemies":"Giant Head","floor":44.0,"turns":5.0},{"damage":20,"enemies":"Sphere and 2 Shapes","floor":45,"turns":3},{"damage":64,"enemies":"Nemesis","floor":46,"turns":4}],"seed_played":"-7583232226226608214","potions_obtained":[{"floor":1.0,"key":"AttackPotion"},{"floor":4.0,"key":"Swift Potion"},{"floor":5.0,"key":"LiquidMemories"},{"floor":14.0,"key":"GamblersBrew"},{"floor":21.0,"key":"AttackPotion"},{"floor":23.0,"key":"ElixirPotion"},{"floor":38.0,"key":"ColorlessPotion"},{"floor":44.0,"key":"AttackPotion"}],"is_trial":false,"path_per_floor":["M","?","$","M","M","E","R","?","T","R","?","M","E","M","R","B",null,"M","$","M","M","M","E","R","?","T","E","R","$","R","M","R","B",null,"M","$","?","M","M","E","R","?","T","E","M","E"],"character_chosen":"IRONCLAD","items_purchased":["Membership Card","Inflame","Seeing Red","Twin Strike","Eternal Feather","Whirlwind","Centennial Puzzle","Fruit Juice","Rupture"],"campfire_rested":1,"item_purchase_floors":[3,3,19,19,19,19,29,36,36],"current_hp_per_floor":[74,74,74,67,69,48,48,48,48,48,48,41,25,24,46,37,66,54,54,31,35,41,39,51,51,51,50,62,62,74,75,79,52,74,56,61,61,51,49,59,74,74,74,69,57,0,0],"gold":159,"neow_bonus":"HUNDRED_GOLD","is_daily":false,"chose_seed":false,"campfire_upgraded":7,"win_rate":0.0,"timestamp":1609382640,"path_taken":["M","?","$","M","M","E","R","?","T","R","?","M","E","M","R","BOSS","M","?","M","M","M","E","R","?","T","E","R","$","R","M","R","BOSS","M","$","?","M","M","E","R","?","T","E","M","E"],"items_purchased_type":["Relic","Card","Card","Card","Relic","Card","Relic","Potion","Card"],"build_version":"2020-12-22","purchased_purges":3,"victory":false,"max_hp_per_floor":[75,75,75,75,75,75,75,75,75,75,75,75,75,75,75,75,75,75,75,75,75,75,77,77,77,77,77,77,77,77,79,79,81,81,81,86,86,86,88,90,90,90,90,92,94,94,94],"relic_stats":{"Singing Bowl":14,"Gremlin Horn":[10,14],"counters":[23,97],"Golden Idol":120,"Eternal Feather":55,"Orichalcum":[6],"Burning Blood":132,"Centennial Puzzle":[27],"Ornamental Fan":[64],"Pantograph":0,"Pandora\u0027s Box":["Bloodletting","Metallicize","Warcry","Rupture","Rampage","Searing Blow","Dual Wield","True Grit"],"obtain_stats":[{"Singing Bowl":23,"Gremlin Horn":26,"Golden Idol":8,"Vajra":9,"Eternal Feather":19,"Omamori":43,"Frozen Egg 2":40,"Orichalcum":44,"Burning Blood":0,"Centennial Puzzle":29,"Ornamental Fan":6,"Pantograph":27,"Pandora\u0027s Box":34,"Mark of Pain":17,"Membership Card":3,"Meat on the Bone":13},{"Singing Bowl":13,"Gremlin Horn":13,"Golden Idol":4,"Vajra":4,"Eternal Feather":9,"Omamori":20,"Frozen Egg 2":20,"Orichalcum":21,"Burning Blood":0,"Centennial Puzzle":14,"Ornamental Fan":4,"Pantograph":14,"Pandora\u0027s Box":16,"Mark of Pain":8,"Membership Card":1,"Meat on the Bone":6},{"Singing Bowl":58,"Gremlin Horn":58,"Golden Idol":14,"Vajra":14,"Eternal Feather":42,"Omamori":85,"Frozen Egg 2":85,"Orichalcum":90,"Burning Blood":0,"Centennial Puzzle":63,"Ornamental Fan":14,"Pantograph":63,"Pandora\u0027s Box":72,"Mark of Pain":37,"Membership Card":3,"Meat on the Bone":24}],"Meat on the Bone":120},"card_choices":[{"not_picked":["Burning Pact","Rupture"],"picked":"Combust","floor":1.0},{"not_picked":["Burning Pact","Intimidate"],"picked":"Rupture","floor":4.0},{"not_picked":["Iron Wave","Clash"],"picked":"Perfected Strike","floor":5.0},{"not_picked":["Clothesline","Warcry","Thunderclap"],"picked":"SKIP","floor":6.0},{"not_picked":["Bloodletting","Spot Weakness"],"picked":"Armaments","floor":12.0},{"not_picked":["True Grit","Clash","Sever Soul"],"picked":"SKIP","floor":13.0},{"not_picked":["Clothesline","Uppercut","Dual Wield"],"picked":"SKIP","floor":14.0},{"not_picked":["Juggernaut","Bludgeon"],"picked":"Brutality","floor":16.0},{"not_picked":["True Grit+1","Havoc"],"picked":"Hemokinesis","floor":18.0},{"not_picked":["Iron Wave","True Grit"],"picked":"Sword Boomerang","floor":20.0},{"not_picked":["Power Through","Disarm","Intimidate"],"picked":"SKIP","floor":21.0},{"not_picked":["Carnage","Clash","Bloodletting"],"picked":"SKIP","floor":22.0},{"not_picked":["Iron Wave","Dark Embrace","Pommel Strike"],"picked":"Singing Bowl","floor":23.0},{"not_picked":["Wild Strike","Combust"],"picked":"Sword Boomerang+1","floor":27.0},{"not_picked":["True Grit","Armaments","Uppercut"],"picked":"Singing Bowl","floor":31.0},{"not_picked":["Corruption","Immolate","Berserk"],"picked":"Singing Bowl","floor":33.0},{"not_picked":["Twin Strike","Second Wind"],"picked":"Battle Trance","floor":35.0},{"not_picked":["Whirlwind","Seeing Red"],"picked":"Twin Strike","floor":38.0},{"not_picked":["Entrench+1","Wild Strike","Whirlwind"],"picked":"Singing Bowl","floor":39.0},{"not_picked":["Whirlwind+1","Havoc","Inflame+1"],"picked":"Singing Bowl","floor":40.0},{"not_picked":["Perfected Strike","Havoc","Twin Strike"],"picked":"Singing Bowl","floor":44.0},{"not_picked":["Havoc","Body Slam","Inflame+1"],"picked":"Singing Bowl","floor":45}],"player_experience":691137,"relics_obtained":[{"floor":6.0,"key":"Ornamental Fan"},{"floor":9.0,"key":"Vajra"},{"floor":13.0,"key":"Meat on the Bone"},{"floor":23.0,"key":"Singing Bowl"},{"floor":26.0,"key":"Gremlin Horn"},{"floor":27.0,"key":"Pantograph"},{"floor":40.0,"key":"Frozen Egg 2"},{"floor":43.0,"key":"Omamori"},{"floor":44.0,"key":"Orichalcum"}],"event_choices":[{"damage_healed":0.0,"max_hp_gain":0.0,"max_hp_loss":0.0,"gold_gain":0.0,"event_name":"Living Wall","player_choice":"Grow","floor":2.0,"gold_loss":0.0,"damage_taken":0.0,"cards_upgraded":["Combust"]},{"damage_healed":0.0,"max_hp_gain":0.0,"max_hp_loss":0.0,"gold_gain":0.0,"event_name":"Golden Idol","player_choice":"Take Wound","floor":8.0,"gold_loss":0.0,"damage_taken":0.0,"relics_obtained":["Golden Idol"],"cards_obtained":["Injury"]},{"damage_healed":0.0,"max_hp_gain":0.0,"max_hp_loss":0.0,"gold_gain":0.0,"event_name":"Match and Keep!","player_choice":"1 cards matched","floor":11.0,"gold_loss":0.0,"damage_taken":0.0,"cards_obtained":["Battle Trance"]},{"damage_healed":0.0,"max_hp_gain":0.0,"max_hp_loss":0.0,"gold_gain":0.0,"cards_transformed":["Strike_R"],"event_name":"Transmorgrifier","player_choice":"Transformed","floor":25.0,"gold_loss":0.0,"damage_taken":0.0,"cards_obtained":["Impervious"]},{"damage_healed":0.0,"max_hp_gain":0.0,"max_hp_loss":0.0,"gold_gain":0.0,"event_name":"Mysterious Sphere","player_choice":"Ignored","floor":37.0,"gold_loss":0.0,"damage_taken":0.0},{"cards_removed":["Warcry"],"damage_healed":0.0,"max_hp_gain":0.0,"max_hp_loss":0.0,"gold_gain":0.0,"event_name":"Falling","player_choice":"Removed Skill","floor":42.0,"gold_loss":0.0,"damage_taken":0.0}],"is_beta":false,"boss_relics":[{"not_picked":["Calling Bell","Black Star"],"picked":"Mark of Pain"},{"not_picked":["Sozu","SlaversCollar"],"picked":"Pandora\u0027s Box"}],"items_purged_floors":[19,29,36],"is_endless":false,"potions_floor_spawned":[1,4,5,14,21,23,33,35,38,44],"killed_by":"Nemesis","ascension_level":15}}