{"host":"i0dqv19ybe2atd47","time":1609447452,"event":{"mods":["2.2 Compatiblity","A Magickal Journey","AchievementEnabler","Act Like it!","BaseMod","Beaked The Cultist","Bestiary","BetterRewards","CapriCore","ChefMod","Colored Map","Conspire","Curses Come First","Dio Mod","Downfall","Duelist Mod","Elementarium","GungeonMod","Hallownest","Hermit","Kratos Character Expansion","Melee Mod","Minty Spire (QoL Compilation)","Quick Restart","Rare Cards Sparkle","Replay The Spire","Robot Space Explorer","Shade Mod","Spicy Shops","StSLib","The Blackbeard","The Bug Knight","The Caster","The Cursed","The Disciple","The Dragon Tamer","The Edgeheg","The Jungle","The Necromancer","The Runesmith","The Showman","The Trickster","The Wild Card","TheLocksmith","TheVacant","Yuri Mod"],"gold_per_floor":[99,118,128,144,154,54,54,54,88,101,101,101,118,196,209,323,323,323,342,380,393,393,393,393,393,408,408,408],"floor_reached":27,"playtime":2215,"items_purged":[],"score":284,"play_id":"40e45d47-2391-40a1-819b-b24bad017593","local_time":"20201231154412","is_ascension_mode":false,"campfire_choices":[{"floor":1.0,"key":"REST"},{"data":"meleeMod_Knee","floor":8.0,"key":"SMITH"},{"floor":12.0,"key":"REST"},{"data":"meleeMod_SomebodyClipThat","floor":18.0,"key":"SMITH"}],"circlet_count":0,"master_deck":["meleeMod_Shield","meleeMod_Shield","meleeMod_Shield","meleeMod_Shield","meleeMod_NeutralAir","meleeMod_BackAir","meleeMod_ShieldPoke","meleeMod_HaxDash","meleeMod_DownSmash","meleeMod_Knee+1","conspire:SpireCoStock","conspire:SpireCoStock","meleeMod_Knee","meleeMod_CommandGrab","theWildCard:Michael","meleeMod_AmsahTech","meleeMod_Knee","meleeMod_Knee","meleeMod_SomebodyClipThat+1","meleeMod_UnclePunch","meleeMod_SoftKnee+1","meleeMod_ForwardSmash","meleeMod_Knee","conspire:NecroticWound","meleeMod_Shine","meleeMod_Shine","meleeMod_Shine","meleeMod_Shine","meleeMod_Shine","meleeMod_ForwardSmash+1"],"relics":["meleeMod_TeamBeerMang0","DemoMod:OrangeGuonStone","Cursed Key","meleeMod_B0XX","MutagenicStrength"],"acts_visited":["Exordium","TheCity"],"potions_floor_usage":[],"damage_taken":[{"damage":0.0,"enemies":"2 Louse","floor":2.0,"turns":2.0},{"damage":3.0,"enemies":"Jaw Worm","floor":3.0,"turns":3.0},{"damage":0.0,"enemies":"Small Slimes","floor":4.0,"turns":2.0},{"damage":7.0,"enemies":"Blue Slaver","floor":5.0,"turns":2.0},{"damage":8.0,"enemies":"3 Louse","floor":9.0,"turns":3.0},{"damage":33.0,"enemies":"Exordium Wildlife","floor":10.0,"turns":3.0},{"damage":0.0,"enemies":"Large Slime","floor":13.0,"turns":3.0},{"damage":9.0,"enemies":"3 Sentries","floor":14.0,"turns":7.0},{"damage":0.0,"enemies":"3 Louse","floor":15.0,"turns":2.0},{"damage":28.0,"enemies":"downfall:Ironclad","floor":16.0,"turns":7.0},{"damage":0.0,"enemies":"Spheric Guardian","floor":19.0,"turns":1.0},{"damage":7.0,"enemies":"Chosen","floor":20.0,"turns":3.0},{"damage":32.0,"enemies":"Snecko","floor":21.0,"turns":5.0},{"damage":4.0,"enemies":"conspire:HollyBat","floor":26.0,"turns":7.0},{"damage":0,"enemies":"downfall:FleeingMerchant","floor":27,"turns":2}],"seed_played":"-4418403729283851084","potions_obtained":[{"floor":3.0,"key":"Cursed Concoction"},{"floor":9.0,"key":"ColorlessPotion"},{"floor":10.0,"key":"Venom Potion"},{"floor":19.0,"key":"Death Potion"}],"is_trial":false,"path_per_floor":["R","M","M","M","M","?","T","R","M","M","?","R","M","?","M","B",null,"R","M","M","M","?","?","T","?","M","$"],"character_chosen":"FALCON","items_purchased":[],"campfire_rested":2,"item_purchase_floors":[],"current_hp_per_floor":[101,101,98,98,91,91,91,91,83,50,50,80,80,71,71,43,101,101,101,94,62,62,62,62,62,58,58,58],"gold":408,"neow_bonus":"TWENTY_PERCENT_HP_BONUS","is_daily":false,"chose_seed":false,"campfire_upgraded":2,"win_rate":0.0,"timestamp":1609447452,"path_taken":["R","M","M","M","M","?","T","R","M","M","?","R","M","?","M","BOSS","R","M","M","M","?","?","T","?","?","$"],"items_purchased_type":[],"build_version":"2020-12-22","purchased_purges":0,"victory":false,"max_hp_per_floor":[101,101,101,101,101,101,101,101,101,101,101,101,101,101,101,101,101,101,101,101,101,101,101,101,101,101,101,101],"card_choices":[{"not_picked":["meleeMod_SoftKnee","meleeMod_FalconDive"],"picked":"meleeMod_ShieldPoke","floor":2.0},{"not_picked":["meleeMod_WaveLand","meleeMod_Gentleman"],"picked":"meleeMod_HaxDash","floor":3.0},{"not_picked":["meleeMod_SuperSpicyCurry","meleeMod_RaptorBoost"],"picked":"meleeMod_DownSmash","floor":4.0},{"not_picked":["meleeMod_FalconKick","meleeMod_CommandGrab"],"picked":"meleeMod_Knee","floor":5.0},{"not_picked":["meleeMod_UpSmash","meleeMod_NoDI"],"picked":"meleeMod_Knee","floor":9.0},{"not_picked":["meleeMod_DownTilt","meleeMod_NoDI"],"picked":"meleeMod_CommandGrab","floor":10.0},{"not_picked":["meleeMod_Cautious","meleeMod_ShieldPoke"],"picked":"meleeMod_AmsahTech","floor":13.0},{"not_picked":["meleeMod_DashDance","meleeMod_DownTilt"],"picked":"meleeMod_Knee","floor":14.0},{"not_picked":["meleeMod_BabActivated","meleeMod_DashDance"],"picked":"meleeMod_Knee","floor":15.0},{"not_picked":["meleeMod_PhantomHit","meleeMod_VCancel"],"picked":"meleeMod_SomebodyClipThat","floor":16.0},{"not_picked":["meleeMod_DashDance","meleeMod_Moonwalking"],"picked":"meleeMod_UnclePunch","floor":19.0},{"not_picked":["meleeMod_CrouchCancel","meleeMod_NoDI"],"picked":"meleeMod_SoftKnee+1","floor":20.0},{"not_picked":["meleeMod_CommandGrab","meleeMod_FireFlower"],"picked":"meleeMod_ForwardSmash","floor":21.0},{"not_picked":["meleeMod_CommandGrab","meleeMod_RaptorBoost+1"],"picked":"meleeMod_ForwardSmash+1","floor":26}],"player_experience":48790,"relics_obtained":[{"floor":14.0,"key":"DemoMod:OrangeGuonStone"},{"floor":24.0,"key":"meleeMod_B0XX"}],"event_choices":[{"damage_healed":0.0,"max_hp_gain":0.0,"max_hp_loss":0.0,"gold_gain":0.0,"event_name":"conspire:Investor","player_choice":"Invest 2","floor":6.0,"gold_loss":0.0,"damage_taken":0.0},{"damage_healed":0.0,"max_hp_gain":0.0,"max_hp_loss":0.0,"gold_gain":0.0,"event_name":"The Library","player_choice":"Read","floor":23.0,"gold_loss":0.0,"damage_taken":0.0,"cards_obtained":["meleeMod_Knee"]},{"damage_healed":0.0,"max_hp_gain":0.0,"max_hp_loss":0.0,"gold_gain":0.0,"event_name":"Drug Dealer","player_choice":"Inject Mutagens","floor":25.0,"gold_loss":0.0,"damage_taken":0.0,"relics_obtained":["MutagenicStrength"]}],"is_beta":false,"boss_relics":[{"not_picked":["Runic Dome","Black Star"],"picked":"Cursed Key"}],"items_purged_floors":[],"is_endless":false,"potions_floor_spawned":[3,9,10,14,15,19,26],"killed_by":"downfall:FleeingMerchant","ascension_level":0}}