{"host":"pletss163z7s8pvv","time":1609390598,"event":{"mods":["AchievementEnabler","BaseMod","Colored Map","Colored Powertips","Minty Spire (QoL Compilation)"],"gold_per_floor":[114,129,129,144,71,71,86,86,111,126,126,126,126,141,141,241,241,256,31,46,61,76,76,106,106,106],"floor_reached":25,"playtime":580,"items_purged":["Pain"],"score":215,"play_id":"c62fe2fb-12de-4f34-a7b8-e9d0c7f934a1","local_time":"20201230225638","daily_mods":["Heirloom","Time Dilation","Lethality"],"is_ascension_mode":false,"campfire_choices":[{"data":"Zap","floor":6,"key":"SMITH"},{"floor":8,"key":"REST"},{"data":"Dualcast","floor":13,"key":"SMITH"},{"data":"Melter","floor":15,"key":"SMITH"},{"floor":23,"key":"REST"}],"circlet_count":0,"master_deck":["Strike_B","Strike_B","Strike_B","Strike_B","Defend_B","Defend_B","Defend_B","Zap+1","Dualcast+1","Sweeping Beam","Go for the Eyes","Auto Shields","Cold Snap","Compile Driver","Sweeping Beam","Conserve Battery","Melter+1","Core Surge","Go for the Eyes","Beam Cell","Doom and Gloom","Aggregate+1","Loop"],"relics":["Cracked Core","WingedGreaves","Oddly Smooth Stone","Cables","WarpedTongs","Inserter","Vajra","Akabeko"],"acts_visited":["Exordium","TheCity"],"potions_floor_usage":[16,16,18],"damage_taken":[{"damage":0,"enemies":"Cultist","floor":1,"turns":2},{"damage":8,"enemies":"2 Louse","floor":2,"turns":2},{"damage":10,"enemies":"Jaw Worm","floor":4,"turns":2},{"damage":11,"enemies":"Exordium Thugs","floor":7,"turns":3},{"damage":9,"enemies":"Blue Slaver","floor":10,"turns":2},{"damage":4,"enemies":"Exordium Wildlife","floor":14,"turns":2},{"damage":20,"enemies":"Hexaghost","floor":16,"turns":7},{"damage":27,"enemies":"3 Byrds","floor":18,"turns":3},{"damage":0,"enemies":"Spheric Guardian","floor":20,"turns":2},{"damage":3,"enemies":"Centurion and Healer","floor":21,"turns":3},{"damage":14,"enemies":"Cultist and Chosen","floor":22,"turns":3},{"damage":47,"enemies":"Slavers","floor":24,"turns":4},{"damage":0,"enemies":"Chosen and Byrds","floor":25,"turns":1}],"seed_played":"-5051420239723459148","potions_obtained":[{"floor":1,"key":"SkillPotion"},{"floor":7,"key":"Energy Potion"},{"floor":10,"key":"LiquidBronze"},{"floor":16,"key":"PowerPotion"},{"floor":20,"key":"FocusPotion"}],"is_trial":false,"path_per_floor":["M","M","?","M","$","R","M","R","T","M","T","?","R","M","R","B",null,"M","$","M","M","M","R","E","M"],"character_chosen":"DEFECT","items_purchased":["Cold Snap","Compile Driver","Vajra"],"campfire_rested":2,"item_purchase_floors":[5,5,19],"current_hp_per_floor":[75,67,67,57,57,57,46,68,68,59,59,59,59,55,55,35,75,48,48,48,45,31,53,6,6,6],"gold":106,"neow_bonus":"","is_daily":true,"chose_seed":false,"campfire_upgraded":3,"win_rate":0.0,"timestamp":1609390598,"path_taken":["M","?","?","M","$","R","M","R","T","?","?","?","R","M","R","BOSS","M","$","M","M","M","R","E","M"],"items_purchased_type":["Card","Card","Relic"],"build_version":"2020-12-22","purchased_purges":1,"victory":false,"max_hp_per_floor":[75,75,75,75,75,75,75,75,75,75,75,75,75,75,75,75,75,75,75,75,75,75,75,75,75,75],"card_choices":[{"not_picked":["Skim","Turbo"],"picked":"Sweeping Beam","floor":1},{"not_picked":["Darkness","Aggregate"],"picked":"Go for the Eyes","floor":2},{"not_picked":["Undo","Cold Snap"],"picked":"Auto Shields","floor":4},{"not_picked":["Hologram","Double Energy"],"picked":"Sweeping Beam","floor":7},{"not_picked":["Stack","Chaos"],"picked":"Conserve Battery","floor":10},{"not_picked":["Rebound","Go for the Eyes"],"picked":"Melter","floor":14},{"not_picked":["Meteor Strike","Multi-Cast"],"picked":"Core Surge","floor":16},{"not_picked":["Leap","Undo"],"picked":"Go for the Eyes","floor":18},{"not_picked":["Cold Snap","Coolheaded"],"picked":"Beam Cell","floor":20},{"not_picked":["Steam","Sunder"],"picked":"Doom and Gloom","floor":21},{"not_picked":["Barrage","Genetic Algorithm"],"picked":"Aggregate+1","floor":22},{"not_picked":["Cold Snap","Thunder Strike"],"picked":"Loop","floor":24}],"player_experience":404249,"relics_obtained":[{"floor":9,"key":"Oddly Smooth Stone"},{"floor":11,"key":"Cables"},{"floor":24,"key":"Akabeko"}],"event_choices":[{"cards_removed":["Defend_B"],"damage_healed":0,"gold_gain":0,"player_choice":"Offered Basic","damage_taken":0,"max_hp_gain":0,"max_hp_loss":0,"event_name":"Bonfire Elementals","floor":3,"gold_loss":0},{"damage_healed":0,"gold_gain":0,"player_choice":"Rummage","damage_taken":0,"relics_obtained":["WarpedTongs"],"max_hp_gain":0,"max_hp_loss":0,"event_name":"Accursed Blacksmith","floor":12,"gold_loss":0,"cards_obtained":["Pain"]}],"is_beta":false,"boss_relics":[{"not_picked":["Sozu","Black Star"],"picked":"Inserter"}],"items_purged_floors":[19],"is_endless":false,"potions_floor_spawned":[1,7,10,16,20],"killed_by":"Chosen and Byrds","ascension_level":0}}