{"host":"2461dio7vetlq1z3","time":1609424535,"event":{"mods":["2.2 Compatiblity","AchievementEnabler","Aspiration","BaseMod","Better Third Choice","Friendly Minions","Hermit","Minty Spire (QoL Compilation)","Relic Stats","Spicy Shops","StSLib","Waifu the Spire"],"gold_per_floor":[418,3,37,71,146,196,196,196,196,274,274,324,443,483,483,607,607,650,717,632,697,54,54,113,208,208,268,268,309,309,391,391,391,391],"floor_reached":33,"playtime":1636,"items_purged":["Strike_R","Strike_R","Strike_R","Strike_R"],"score":635,"play_id":"fb756b83-f693-4263-bf53-a74fab2afa01","local_time":"20201231152215","is_ascension_mode":true,"campfire_choices":[{"data":"HandOfGreed","floor":8,"key":"SMITH"},{"data":"Dual Wield","floor":11,"key":"SMITH"},{"floor":15,"key":"REST"},{"floor":23,"key":"REST"},{"floor":28,"key":"REST"},{"data":"Shockwave","floor":32,"key":"SMITH"}],"circlet_count":0,"master_deck":["AscendersBane","Defend_R+1","Defend_R+1","Defend_R+1","Defend_R+1","Bash","Headbutt","Sever Soul","HandOfGreed+1","Shrug It Off","Inflame","Cleave","Exhume+1","Dual Wield+1","Battle Trance","Carnage","Offering","Shockwave+1","Shockwave","True Grit","Armaments+1","Metallicize","Inflame","Flame Barrier+1","Dark Embrace+1"],"relics":["Burning Blood","Old Coin","Kunai","Sundial","War Paint","Potion Belt","Velvet Choker","Blood Vial","Toxic Egg 2","Pocketwatch","Girya","Frozen Egg 2","White Beast Statue"],"acts_visited":["Exordium","TheCity"],"potions_floor_usage":[6,10,13,24,27,27,29,33],"damage_taken":[{"damage":2,"enemies":"2 Louse","floor":1,"turns":3},{"damage":2,"enemies":"Jaw Worm","floor":3,"turns":3},{"damage":0,"enemies":"Cultist","floor":4,"turns":2},{"damage":20,"enemies":"Lagavulin","floor":6,"turns":3},{"damage":10,"enemies":"3 Sentries","floor":10,"turns":6},{"damage":35,"enemies":"Lagavulin","floor":12,"turns":5},{"damage":16,"enemies":"Lots of Slimes","floor":13,"turns":7},{"damage":0,"enemies":"Looter","floor":14,"turns":1},{"damage":1,"enemies":"Slime Boss","floor":16,"turns":6},{"damage":36,"enemies":"Shell Parasite","floor":18,"turns":5},{"damage":17,"enemies":"2 Thieves","floor":19,"turns":3},{"damage":6,"enemies":"Centurion and Healer","floor":21,"turns":4},{"damage":22,"enemies":"Gremlin Leader","floor":24,"turns":4},{"damage":19,"enemies":"3 Cultists","floor":25,"turns":6},{"damage":14,"enemies":"Slavers","floor":27,"turns":5},{"damage":7,"enemies":"Snake Plant","floor":29,"turns":5},{"damage":41,"enemies":"Champ","floor":33,"turns":10}],"seed_played":"-213678229560741192","potions_obtained":[{"floor":3,"key":"LiquidMemories"},{"floor":4,"key":"SteroidPotion"},{"floor":6,"key":"BloodPotion"},{"floor":10,"key":"Swift Potion"},{"floor":16,"key":"GamblersBrew"},{"floor":18,"key":"DuplicationPotion"},{"floor":19,"key":"Weak Potion"},{"floor":24,"key":"DuplicationPotion"}],"is_trial":false,"path_per_floor":["M","$","M","M","?","E","?","R","T","E","R","E","M","M","R","B",null,"M","M","?","M","$","R","E","M","T","E","R","M","?","T","R","B"],"character_chosen":"IRONCLAD","items_purchased":["Sever Soul","HandOfGreed","Toxic Egg 2","Armaments+1"],"campfire_rested":3,"item_purchase_floors":[2,2,22,22],"current_hp_per_floor":[68,68,68,68,57,43,43,43,43,52,52,23,13,19,39,44,62,32,21,21,23,23,43,29,18,18,12,32,33,33,33,33,0,0],"gold":391,"neow_bonus":"ONE_RARE_RELIC","is_daily":false,"chose_seed":false,"campfire_upgraded":3,"win_rate":0.0,"timestamp":1609424535,"path_taken":["M","$","M","M","?","E","?","R","T","E","R","E","?","M","R","BOSS","M","?","?","M","$","R","E","M","T","E","R","M","?","?","R","BOSS"],"items_purchased_type":["Card","Card","Relic","Card"],"build_version":"2020-12-22","purchased_purges":4,"victory":false,"max_hp_per_floor":[68,68,68,68,68,68,68,68,68,68,68,68,68,68,68,68,68,68,68,68,68,68,68,68,68,68,68,68,68,68,68,68,68,68],"relic_stats":{"Blood Vial":12,"counters":[17,78],"Sundial":[12],"Kunai":[9],"War Paint":["Defend_R","Exhume"],"obtain_stats":[{"Potion Belt":12,"Girya":26,"Velvet Choker":17,"War Paint":10,"Frozen Egg 2":27,"Burning Blood":0,"White Beast Statue":31,"Old Coin":0,"Blood Vial":20,"Sundial":9,"Kunai":6,"Toxic Egg 2":22,"Pocketwatch":24},{"Potion Belt":6,"Girya":14,"Velvet Choker":9,"War Paint":5,"Frozen Egg 2":15,"Burning Blood":0,"White Beast Statue":16,"Old Coin":0,"Blood Vial":11,"Sundial":4,"Kunai":4,"Toxic Egg 2":12,"Pocketwatch":13},{"Potion Belt":22,"Girya":58,"Velvet Choker":36,"War Paint":17,"Frozen Egg 2":63,"Burning Blood":0,"White Beast Statue":68,"Old Coin":0,"Blood Vial":44,"Sundial":11,"Kunai":11,"Toxic Egg 2":48,"Pocketwatch":52}],"Burning Blood":82,"Pocketwatch":[42]},"card_choices":[{"not_picked":["Rage","Clash"],"picked":"Headbutt","floor":1},{"not_picked":["Rupture","Warcry"],"picked":"Shrug It Off","floor":3},{"not_picked":["True Grit","Limit Break"],"picked":"Inflame","floor":4},{"not_picked":["Sword Boomerang","Shrug It Off"],"picked":"Cleave","floor":6},{"not_picked":["Shrug It Off","Whirlwind"],"picked":"Dual Wield","floor":10},{"not_picked":["Clash","Clothesline"],"picked":"Battle Trance","floor":12},{"not_picked":["Warcry","True Grit"],"picked":"Carnage","floor":13},{"not_picked":["Power Through","Reckless Charge","Havoc"],"picked":"SKIP","floor":14},{"not_picked":["Berserk","Feed"],"picked":"Offering","floor":16},{"not_picked":["Fire Breathing","Seeing Red+1"],"picked":"Shockwave","floor":18},{"not_picked":["Carnage","Entrench"],"picked":"Shockwave","floor":19},{"not_picked":["Sever Soul","Bloodletting"],"picked":"True Grit","floor":21},{"not_picked":["Bludgeon","Searing Blow"],"picked":"Metallicize","floor":24},{"not_picked":["Cleave","Anger"],"picked":"Inflame","floor":25},{"not_picked":["Pummel","Combust+1"],"picked":"Flame Barrier+1","floor":27},{"not_picked":["Thunderclap","Dual Wield+1"],"picked":"Dark Embrace+1","floor":29}],"player_experience":1038374,"relics_obtained":[{"floor":6,"key":"Kunai"},{"floor":9,"key":"Sundial"},{"floor":10,"key":"War Paint"},{"floor":12,"key":"Potion Belt"},{"floor":24,"key":"Pocketwatch"},{"floor":26,"key":"Girya"},{"floor":27,"key":"Frozen Egg 2"},{"floor":31,"key":"White Beast Statue"}],"event_choices":[{"damage_healed":0,"gold_gain":75,"player_choice":"Gold","damage_taken":11,"max_hp_gain":0,"max_hp_loss":0,"event_name":"betterThird:BetterGoop","floor":5,"gold_loss":0},{"damage_healed":0,"gold_gain":0,"cards_transformed":["Strike_R"],"player_choice":"Transformed","damage_taken":0,"max_hp_gain":0,"max_hp_loss":0,"event_name":"Transmorgrifier","floor":7,"gold_loss":0,"cards_obtained":["Exhume"]},{"damage_healed":0,"gold_gain":0,"player_choice":"Obtained Relic","damage_taken":0,"relics_obtained":["Blood Vial"],"max_hp_gain":0,"max_hp_loss":0,"event_name":"Addict","floor":20,"gold_loss":85},{"damage_healed":0,"gold_gain":0,"player_choice":"Simplicity","damage_taken":0,"max_hp_gain":0,"max_hp_loss":3,"event_name":"betterThird:BetterWriting","floor":30,"gold_loss":0}],"is_beta":false,"boss_relics":[{"not_picked":["Tiny House","aspiration:FutureDiary"],"picked":"Velvet Choker"}],"items_purged_floors":[2,2,22,22],"is_endless":false,"potions_floor_spawned":[3,4,6,10,16,18,19,21,24],"killed_by":"Champ","ascension_level":20}}