{"host":"yo9wwslrag05lh37","time":1609378166,"event":{"mods":["AchievementEnabler","BaseMod","Block Reminder","Colored Map","Colored Powertips","GifTheSpireLib","HexUI Lib","Highlight Path","Minty Spire (QoL Compilation)","Rare Cards Sparkle","Relic Stats","StSLib","everything is the same but u backflip on backflip"],"gold_per_floor":[114,133,133,152,17,51,64,64,140,155,167,178,178,190,190,262,262,278,71,71,71,83,83,112,112,138,154,154,167,195,215,215,286,286,296,307,307,326,45,45,77,77,77,77,91,139,139,152,152,152,152],"floor_reached":50,"playtime":2037,"items_purged":["Strike_G","Strike_G"],"score":1032,"play_id":"3a039a07-c4b3-4dd1-b321-8d84431c15ce","local_time":"20201231022926","is_ascension_mode":true,"campfire_choices":[{"data":"Predator","floor":8.0,"key":"SMITH"},{"data":"Deadly Poison","floor":13.0,"key":"SMITH"},{"data":"Deadly Poison","floor":15.0,"key":"SMITH"},{"data":"Footwork","floor":23.0,"key":"SMITH"},{"data":"Noxious Fumes","floor":28.0,"key":"SMITH"},{"floor":32.0,"key":"REST"},{"floor":40.0,"key":"REST"},{"floor":47.0,"key":"RECALL"},{"data":"Burst","floor":49.0,"key":"SMITH"}],"circlet_count":0,"master_deck":["AscendersBane","Strike_G+1","Defend_G","Defend_G","Defend_G","Defend_G","Defend_G","Survivor","Neutralize","Dagger Throw+1","Caltrops","Predator+1","Flying Knee+1","Calculated Gamble","Deadly Poison+1","Deadly Poison+1","Burst+1","Adrenaline","Dagger Spray","Writhe","Footwork+1","Backflip","Noxious Fumes+1","Dodge and Roll","Calculated Gamble","Leg Sweep","Sadistic Nature","Backflip","Escape Plan+1"],"relics":["Ring of the Snake","Smiling Mask","Du-Vu Doll","Ninja Scroll","Sozu","Lantern","Boot","Snake Skull","MutagenicStrength","Regal Pillow","Whetstone","Empty Cage","Kunai","Art of War","Potion Belt"],"acts_visited":["Exordium","TheCity","TheBeyond"],"potions_floor_usage":[],"damage_taken":[{"damage":6.0,"enemies":"Small Slimes","floor":1.0,"turns":5.0},{"damage":1.0,"enemies":"2 Louse","floor":2.0,"turns":4.0},{"damage":0.0,"enemies":"Jaw Worm","floor":4.0,"turns":4.0},{"damage":12.0,"enemies":"Lagavulin","floor":6.0,"turns":5.0},{"damage":1.0,"enemies":"Looter","floor":7.0,"turns":3.0},{"damage":0.0,"enemies":"Lots of Slimes","floor":10.0,"turns":4.0},{"damage":1.0,"enemies":"3 Louse","floor":11.0,"turns":2.0},{"damage":0.0,"enemies":"Large Slime","floor":12.0,"turns":4.0},{"damage":1.0,"enemies":"Red Slaver","floor":14.0,"turns":2.0},{"damage":26.0,"enemies":"Hexaghost","floor":16.0,"turns":7.0},{"damage":0.0,"enemies":"Spheric Guardian","floor":18.0,"turns":1.0},{"damage":0.0,"enemies":"Chosen","floor":22.0,"turns":3.0},{"damage":10.0,"enemies":"Gremlin Leader","floor":24.0,"turns":4.0},{"damage":4.0,"enemies":"Snake Plant","floor":27.0,"turns":2.0},{"damage":0.0,"enemies":"Centurion and Healer","floor":29.0,"turns":3.0},{"damage":35.0,"enemies":"Book of Stabbing","floor":30.0,"turns":5.0},{"damage":0.0,"enemies":"Cultist and Chosen","floor":31.0,"turns":5.0},{"damage":34.0,"enemies":"Collector","floor":33.0,"turns":8.0},{"damage":17.0,"enemies":"3 Darklings","floor":35.0,"turns":4.0},{"damage":0.0,"enemies":"3 Shapes","floor":36.0,"turns":5.0},{"damage":28.0,"enemies":"Writhing Mass","floor":38.0,"turns":5.0},{"damage":34.0,"enemies":"Reptomancer","floor":41.0,"turns":5.0},{"damage":10.0,"enemies":"Spire Growth","floor":45.0,"turns":5.0},{"damage":9.0,"enemies":"3 Darklings","floor":48.0,"turns":5.0},{"damage":39,"enemies":"Time Eater","floor":50,"turns":3}],"seed_played":"-3778314867773239373","potions_obtained":[{"floor":2.0,"key":"DistilledChaos"},{"floor":6.0,"key":"Block Potion"},{"floor":10.0,"key":"DistilledChaos"}],"is_trial":false,"path_per_floor":["M","M","?","M","$","E","M","R","T","M","M","M","R","M","R","B",null,"M","$","?","?","M","R","E","?","T","M","R","M","E","M","R","B",null,"M","M","?","M","$","R","E","?","T","?","M","T","R","M","R","B"],"character_chosen":"THE_SILENT","items_purchased":["Flying Knee","Fire Potion","Lantern","Kunai"],"campfire_rested":2,"item_purchase_floors":[5,5,19,39],"current_hp_per_floor":[53,52,52,52,52,40,39,39,39,39,38,38,38,37,37,11,52,52,52,52,52,52,52,42,42,42,38,38,38,3,3,37,3,50,33,33,33,5,5,39,5,54,54,54,44,44,44,35,35,0,0],"gold":152,"neow_bonus":"RANDOM_COMMON_RELIC","is_daily":false,"chose_seed":false,"campfire_upgraded":6,"win_rate":0.0,"timestamp":1609378166,"path_taken":["M","M","?","M","$","E","M","R","T","M","M","M","R","M","R","BOSS","M","$","?","?","M","R","E","?","T","M","R","M","E","M","R","BOSS","M","M","?","M","$","R","E","?","T","?","M","?","R","?","R","BOSS"],"items_purchased_type":["Card","Potion","Relic","Relic"],"build_version":"2020-12-22","purchased_purges":2,"victory":false,"max_hp_per_floor":[66,66,66,66,66,66,66,66,66,66,66,66,66,66,66,66,66,66,66,66,66,66,66,66,66,66,66,66,66,66,66,66,66,66,66,66,66,66,66,66,66,54,54,54,54,54,54,54,54,54,54],"relic_stats":{"Sozu":5,"Regal Pillow":30,"counters":[25,103],"Snake Skull":[68],"Art of War":[3],"Whetstone":["Strike_G","Flying Knee"],"Kunai":[5],"Smiling Mask":75,"Boot":[15],"obtain_stats":[{"Potion Belt":46,"Lantern":19,"Regal Pillow":26,"Snake Skull":24,"Whetstone":30,"Smiling Mask":0,"Boot":20,"Empty Cage":34,"Du-Vu Doll":6,"Sozu":17,"Ninja Scroll":9,"MutagenicStrength":25,"Art of War":41,"Kunai":39,"Ring of the Snake":0},{"Potion Belt":23,"Lantern":11,"Regal Pillow":13,"Snake Skull":13,"Whetstone":16,"Smiling Mask":0,"Boot":11,"Empty Cage":18,"Du-Vu Doll":4,"Sozu":10,"Ninja Scroll":5,"MutagenicStrength":13,"Art of War":22,"Kunai":21,"Ring of the Snake":0},{"Potion Belt":95,"Lantern":41,"Regal Pillow":48,"Snake Skull":48,"Whetstone":58,"Smiling Mask":0,"Boot":41,"Empty Cage":71,"Du-Vu Doll":18,"Sozu":40,"Ninja Scroll":21,"MutagenicStrength":48,"Art of War":90,"Kunai":85,"Ring of the Snake":0}],"Ring of the Snake":[50]},"card_choices":[{"not_picked":["Backflip","PiercingWail"],"picked":"Dagger Throw","floor":1.0},{"not_picked":["Prepared","Underhanded Strike"],"picked":"Caltrops","floor":2.0},{"not_picked":["Slice","Backstab"],"picked":"Predator","floor":4.0},{"not_picked":["Caltrops","Heel Hook"],"picked":"Calculated Gamble","floor":6.0},{"not_picked":["Skewer","Setup"],"picked":"Deadly Poison","floor":7.0},{"not_picked":["Deadly Poison","Underhanded Strike","Backflip"],"picked":"SKIP","floor":10.0},{"not_picked":["Escape Plan","Dodge and Roll","Acrobatics"],"picked":"SKIP","floor":11.0},{"not_picked":["Deflect","Blur"],"picked":"Deadly Poison","floor":12.0},{"not_picked":["Bouncing Flask","Dagger Spray"],"picked":"Burst","floor":14.0},{"not_picked":["Phantasmal Killer","Wraith Form v2"],"picked":"Adrenaline","floor":16.0},{"not_picked":["Underhanded Strike","Quick Slash"],"picked":"Dagger Spray","floor":18.0},{"not_picked":["Deadly Poison","Infinite Blades"],"picked":"Backflip","floor":22.0},{"not_picked":["Storm of Steel","Choke","Dagger Spray"],"picked":"SKIP","floor":24.0},{"not_picked":["Backflip","Leg Sweep"],"picked":"Noxious Fumes","floor":27.0},{"not_picked":["Sucker Punch","Acrobatics","Blade Dance"],"picked":"SKIP","floor":29.0},{"not_picked":["Endless Agony","Grand Finale"],"picked":"Dodge and Roll","floor":30.0},{"not_picked":["Choke","All Out Attack+1","Prepared"],"picked":"SKIP","floor":31.0},{"not_picked":["Grand Finale","Die Die Die"],"picked":"Envenom","floor":33.0},{"not_picked":["Predator","Concentrate","Dagger Spray+1"],"picked":"SKIP","floor":35.0},{"not_picked":["Outmaneuver","Bane","Concentrate"],"picked":"SKIP","floor":36.0},{"not_picked":["Distraction+1","Blur"],"picked":"Calculated Gamble","floor":38.0},{"not_picked":["Infinite Blades+1","Calculated Gamble"],"picked":"Leg Sweep","floor":41.0},{"not_picked":["Impatience","PanicButton"],"picked":"Sadistic Nature","floor":44.0},{"not_picked":["Backstab","Flying Knee"],"picked":"Backflip","floor":45.0},{"not_picked":["Outmaneuver","Terror+1"],"picked":"Escape Plan+1","floor":48.0}],"player_experience":1422895,"relics_obtained":[{"floor":6.0,"key":"Du-Vu Doll"},{"floor":9.0,"key":"Ninja Scroll"},{"floor":24.0,"key":"Snake Skull"},{"floor":26.0,"key":"Regal Pillow"},{"floor":30.0,"key":"Whetstone"},{"floor":41.0,"key":"Art of War"},{"floor":46.0,"key":"Potion Belt"}],"event_choices":[{"damage_healed":0.0,"max_hp_gain":0.0,"max_hp_loss":0.0,"gold_gain":0.0,"event_name":"Living Wall","player_choice":"Grow","floor":3.0,"gold_loss":0.0,"damage_taken":0.0,"cards_upgraded":["Dagger Throw"]},{"damage_healed":0.0,"max_hp_gain":0.0,"max_hp_loss":0.0,"gold_gain":0.0,"event_name":"The Mausoleum","player_choice":"Opened","floor":20.0,"gold_loss":0.0,"damage_taken":0.0,"relics_obtained":["Boot"],"cards_obtained":["Writhe"]},{"damage_healed":0.0,"max_hp_gain":0.0,"max_hp_loss":0.0,"gold_gain":0.0,"event_name":"The Library","player_choice":"Read","floor":21.0,"gold_loss":0.0,"damage_taken":0.0,"cards_obtained":["Footwork"]},{"damage_healed":0.0,"max_hp_gain":0.0,"max_hp_loss":0.0,"gold_gain":0.0,"event_name":"Drug Dealer","player_choice":"Inject Mutagens","floor":25.0,"gold_loss":0.0,"damage_taken":0.0,"relics_obtained":["MutagenicStrength"]},{"cards_removed":["Envenom"],"damage_healed":0.0,"max_hp_gain":0.0,"max_hp_loss":0.0,"gold_gain":0.0,"event_name":"Falling","player_choice":"Removed Power","floor":37.0,"gold_loss":0.0,"damage_taken":0.0},{"damage_healed":54.0,"max_hp_gain":0.0,"max_hp_loss":12.0,"gold_gain":0.0,"event_name":"The Moai Head","player_choice":"Heal","floor":42.0,"gold_loss":0.0,"damage_taken":0.0},{"damage_healed":0.0,"max_hp_gain":0.0,"max_hp_loss":0.0,"gold_gain":0.0,"event_name":"SensoryStone","player_choice":"Memory 1","floor":44.0,"gold_loss":0.0,"damage_taken":0.0}],"is_beta":false,"boss_relics":[{"not_picked":["Runic Dome","Coffee Dripper"],"picked":"Sozu"},{"not_picked":["Fusion Hammer","Philosopher\u0027s Stone"],"picked":"Empty Cage"}],"items_purged_floors":[5,19],"is_endless":false,"potions_floor_spawned":[2,6,10,22,30,31,35,38],"killed_by":"Time Eater","ascension_level":20}}