{"host":"m77rrhbqzv44va4v","time":1609401880,"event":{"mods":["AchievementEnabler","BaseMod","Colored Map","DeckTracker","Keyboard Shortcuts","Minty Spire (QoL Compilation)","StSLib","SuperFastMode","everything is the same but u backflip on backflip"],"gold_per_floor":[114,114,39,39,52,82,82,82,132,145,165,192,192,209,209,280,280,280,280],"floor_reached":18,"playtime":314,"items_purged":["Strike_R"],"score":361,"play_id":"4cb74b0a-d34a-459a-9096-81c76faad196","local_time":"20201231170440","is_ascension_mode":true,"campfire_choices":[{"data":"Bloodletting","floor":7.0,"key":"SMITH"},{"floor":13.0,"key":"REST"},{"data":"Uppercut","floor":15.0,"key":"SMITH"}],"circlet_count":0,"master_deck":["AscendersBane","Strike_R","Strike_R","Strike_R","Strike_R","Defend_R","Defend_R","Defend_R","Defend_R","Bash","Body Slam+1","Shrug It Off","Bloodletting+1","Flex","Uppercut+1","Sword Boomerang","Limit Break"],"relics":["Burning Blood","NeowsBlessing","Nunchaku","Bag of Preparation","Blue Candle","Cursed Key"],"acts_visited":["Exordium","TheCity"],"potions_floor_usage":[16,16],"damage_taken":[{"damage":0.0,"enemies":"2 Louse","floor":1.0,"turns":1.0},{"damage":0.0,"enemies":"Jaw Worm","floor":5.0,"turns":1.0},{"damage":0.0,"enemies":"Lagavulin","floor":6.0,"turns":1.0},{"damage":6.0,"enemies":"Small Slimes","floor":10.0,"turns":3.0},{"damage":9.0,"enemies":"Gremlin Gang","floor":11.0,"turns":5.0},{"damage":48.0,"enemies":"Gremlin Nob","floor":12.0,"turns":5.0},{"damage":17.0,"enemies":"Exordium Wildlife","floor":14.0,"turns":3.0},{"damage":50,"enemies":"Hexaghost","floor":16,"turns":11},{"damage":21,"enemies":"3 Byrds","floor":18,"turns":4}],"seed_played":"9163355277224176523","potions_obtained":[{"floor":1.0,"key":"Energy Potion"},{"floor":11.0,"key":"BloodPotion"},{"floor":12.0,"key":"Strength Potion"}],"is_trial":false,"path_per_floor":["M","?","$","?","M","E","R","?","T","M","M","E","R","M","R","B",null,"M"],"character_chosen":"IRONCLAD","items_purchased":[],"campfire_rested":1,"item_purchase_floors":[],"current_hp_per_floor":[74,79,79,79,80,80,80,68,68,68,65,23,47,36,36,8,62,41,41],"gold":280,"neow_bonus":"THREE_ENEMY_KILL","is_daily":false,"chose_seed":false,"campfire_upgraded":2,"win_rate":0.0,"timestamp":1609401880,"path_taken":["M","?","$","?","M","E","R","?","T","M","M","E","R","?","R","BOSS","M"],"items_purchased_type":[],"build_version":"2020-12-22","purchased_purges":1,"victory":false,"max_hp_per_floor":[75,80,80,80,80,80,80,80,80,80,80,80,80,80,80,80,80,80,80],"card_choices":[{"not_picked":["Battle Trance","Searing Blow"],"picked":"Body Slam","floor":1.0},{"not_picked":["Thunderclap","Warcry"],"picked":"Shrug It Off","floor":5.0},{"not_picked":["Burning Pact","Whirlwind"],"picked":"Bloodletting","floor":6.0},{"not_picked":["Dropkick","Headbutt"],"picked":"Flex","floor":10.0},{"not_picked":["Clothesline","Wild Strike"],"picked":"Uppercut","floor":11.0},{"not_picked":["Exhume","Armaments"],"picked":"Sword Boomerang","floor":12.0},{"not_picked":["Entrench","Sword Boomerang","Armaments"],"picked":"SKIP","floor":14.0},{"not_picked":["Offering","Bludgeon"],"picked":"Limit Break","floor":16}],"player_experience":852308,"relics_obtained":[{"floor":6.0,"key":"Nunchaku"},{"floor":9.0,"key":"Bag of Preparation"},{"floor":12.0,"key":"Blue Candle"}],"event_choices":[{"damage_healed":0.0,"max_hp_gain":5.0,"max_hp_loss":0.0,"gold_gain":0.0,"event_name":"Big Fish","player_choice":"Donut","floor":2.0,"gold_loss":0.0,"damage_taken":0.0},{"damage_healed":0.0,"max_hp_gain":0.0,"max_hp_loss":0.0,"gold_gain":0.0,"event_name":"Living Wall","player_choice":"Grow","floor":4.0,"gold_loss":0.0,"damage_taken":0.0,"cards_upgraded":["Body Slam"]},{"damage_healed":0.0,"max_hp_gain":0.0,"max_hp_loss":0.0,"gold_gain":0.0,"event_name":"Wheel of Change","player_choice":"Damaged","floor":8.0,"gold_loss":0.0,"damage_taken":12.0}],"is_beta":false,"boss_relics":[{"not_picked":["Astrolabe","Runic Dome"],"picked":"Cursed Key"}],"items_purged_floors":[3],"is_endless":false,"potions_floor_spawned":[1,11,12],"killed_by":"3 Byrds","ascension_level":17}}