{"host":"oc5h2hqz0xgb0igf","time":1609387288,"event":{"mods":["AchievementEnabler","BaseMod","Card Forge","Colored Map","Colored Powertips","Minty Spire (QoL Compilation)","Prisma Mod","Rare Cards Sparkle","StSLib"],"gold_per_floor":[209,229,242,261,279,307,307,347,347,367,32,76,99,124,124,244,244,269,269,269,292,207,246,259,259,259,277,301,342,356,389,401,539,551,578,590,602,947,959,987,304,304,304,320,358,358,376,401,401,401,401,401,252,280,280],"floor_reached":56,"playtime":11795,"items_purged":["Injury"],"score":1895,"play_id":"14a06c5e-bcce-4ab0-b72e-eab993d740eb","local_time":"20201230200128","is_ascension_mode":true,"campfire_choices":[{"data":"Noxious Fumes","floor":15,"key":"SMITH"},{"data":"Venomology","floor":32,"key":"SMITH"},{"floor":42,"key":"RECALL"},{"data":"1","floor":46,"key":"LIFT"},{"data":"2","floor":49,"key":"LIFT"},{"data":"3","floor":52,"key":"LIFT"}],"circlet_count":0,"master_deck":["Vault+1","Vault+1","Echo Form+1","Night Terror+1","Vault+1","Echo Form+1","Night Terror+1","Establishment+1","Well Laid Plans+1","Adrenaline+1","Venomology+1","Adrenaline+1","DevaForm+1","Ghostly+1","Night Terror+1","The Bomb+1"],"relics":["Hammer of Thor","Seething Fire","Anvil of the Gods","Incense Burner","Strange Spoon","Anchor","Ancient Tea Set","Akabeko","Singing Bowl","Blood Vial","Busted Crown","Question Card","Pocketwatch","StrikeDummy","Bottled Tornado","Girya","MawBank","SlaversCollar","Medical Kit","Mummified Hand","Mango","CeramicFish","Oddly Smooth Stone","Pantograph","Art of War","Toy Ornithopter"],"acts_visited":["Exordium","TheCity","TheBeyond","TheEnding"],"potions_floor_usage":[1,1,1,1,1,2,3,4,4,4,4,4,4,4,4,4,4,4,4,4,4,5,5,5,5,5,5,5,6,6,6,6,6,6,6,6,6,6,6,6,6,6,6,6,6,6,6,6,6,6,6,6,6,6,6,6,6,6,6,8,8,8,8,8,8,8,8,8,8,8,8,8,10,10,10,10,10,10,10,10,10,12,13,13,13,13,13,13,13,13,13,13,13,13,13,13,13,13,16,16,16,16,16,16,16,16,16,16,16,16,16,16,16,16,18,18,18,21,21,23,23,24,24,24,24,27,27,27,27,27,27,28,29,29,29,29,29,29,31,31,31,31,31,31,31,31,31,31,31,31,31,31,31,31,33,33,33,33,33,40,40,40,40,40,44,44,44,44,44,44,44,44,44,44,44,44,44,45,45,45,45,45,45,45,45,45,45,45,45,45,45,47,47,47,47,47,47,47,48,48,48,48,48,48,48,50,55,55,55],"damage_taken":[{"damage":2,"enemies":"Jaw Worm","floor":1,"turns":13},{"damage":40,"enemies":"Small Slimes","floor":2,"turns":10},{"damage":14,"enemies":"2 Louse","floor":3,"turns":5},{"damage":0,"enemies":"Looter","floor":4,"turns":10},{"damage":14,"enemies":"Blue Slaver","floor":5,"turns":7},{"damage":0,"enemies":"3 Sentries","floor":6,"turns":12},{"damage":16,"enemies":"Lagavulin","floor":8,"turns":10},{"damage":13,"enemies":"3 Louse","floor":10,"turns":9},{"damage":0,"enemies":"Gremlin Nob","floor":12,"turns":8},{"damage":0,"enemies":"Large Slime","floor":13,"turns":11},{"damage":0,"enemies":"2 Fungi Beasts","floor":14,"turns":9},{"damage":14,"enemies":"Hexaghost","floor":16,"turns":12},{"damage":0,"enemies":"Spheric Guardian","floor":18,"turns":13},{"damage":6,"enemies":"Shell Parasite","floor":21,"turns":6},{"damage":2,"enemies":"Book of Stabbing","floor":23,"turns":10},{"damage":2,"enemies":"Centurion and Healer","floor":24,"turns":8},{"damage":0,"enemies":"Chosen and Byrds","floor":27,"turns":8},{"damage":0,"enemies":"Snake Plant","floor":28,"turns":7},{"damage":23,"enemies":"Gremlin Leader","floor":29,"turns":7},{"damage":18,"enemies":"Shelled Parasite and Fungi","floor":30,"turns":8},{"damage":1,"enemies":"Slavers","floor":31,"turns":10},{"damage":0,"enemies":"Collector","floor":33,"turns":13},{"damage":2,"enemies":"3 Darklings","floor":35,"turns":11},{"damage":3,"enemies":"3 Shapes","floor":40,"turns":8},{"damage":0,"enemies":"Transient","floor":44,"turns":17},{"damage":0,"enemies":"Reptomancer","floor":45,"turns":11},{"damage":0,"enemies":"Maw","floor":47,"turns":6},{"damage":0,"enemies":"Nemesis","floor":48,"turns":10},{"damage":0,"enemies":"Donu and Deca","floor":50,"turns":8},{"damage":0,"enemies":"Shield and Spear","floor":54,"turns":6},{"damage":84,"enemies":"The Heart","floor":55,"turns":16}],"seed_played":"190218386882127978","potions_obtained":[{"floor":2,"key":"SteroidPotion"},{"floor":4,"key":"Block Potion"},{"floor":5,"key":"Dexterity Potion"},{"floor":8,"key":"CultistPotion"},{"floor":10,"key":"GamblersBrew"},{"floor":12,"key":"BlessingOfTheForge"},{"floor":18,"key":"DuplicationPotion"},{"floor":23,"key":"Block Potion"},{"floor":29,"key":"FearPotion"},{"floor":30,"key":"EntropicBrew"},{"floor":35,"key":"Strength Potion"},{"floor":45,"key":"BlessingOfTheForge"},{"floor":47,"key":"BlessingOfTheForge"}],"is_trial":false,"path_per_floor":["M","M","M","M","M","E","?","E","T","M","$","E","M","M","R","B",null,"M","?","?","M","?","E","M","T","T","M","M","E","M","E","R","B",null,"M","?","?","?","?","M","$","R","T","M","E","R","M","E","R","B",null,"R","$","E","B",null],"character_chosen":"WATCHER","items_purchased":["Singing Bowl","Medical Kit","Mummified Hand","Mango","Art of War"],"campfire_rested":0,"item_purchase_floors":[11,41,41,41,53],"current_hp_per_floor":[70,30,16,16,2,21,21,20,20,7,7,9,27,31,31,21,65,82,82,82,78,78,80,82,82,82,90,92,71,57,72,72,91,98,100,96,96,96,96,97,111,111,111,115,128,128,130,132,132,132,132,132,132,134,50],"gold":280,"neow_bonus":"HUNDRED_GOLD","is_daily":false,"chose_seed":false,"campfire_upgraded":2,"win_rate":0.0,"timestamp":1609387288,"path_taken":["M","M","M","M","M","E","?","E","T","M","$","E","M","M","R","BOSS","M","?","?","M","?","E","M","?","T","M","M","E","?","E","R","BOSS","M","?","?","?","?","M","$","R","T","M","E","R","M","E","R","BOSS","R","$","E","BOSS"],"items_purchased_type":["Relic","Relic","Relic","Relic","Relic"],"build_version":"2020-12-22","purchased_purges":1,"victory":true,"max_hp_per_floor":[72,72,72,72,72,72,72,72,72,72,72,74,76,78,78,80,80,82,82,82,84,84,86,88,88,88,90,92,94,96,98,98,100,100,102,108,108,108,108,110,124,124,124,126,128,128,130,132,132,132,132,132,132,134,134],"card_choices":[{"not_picked":["BattleHymn","Protect","FlyingSleeves"],"picked":"SKIP","floor":1},{"not_picked":["CrushJoints","Tantrum","FlurryOfBlows"],"picked":"SKIP","floor":2},{"not_picked":["Crescendo","EmptyBody","Protect"],"picked":"SKIP","floor":3},{"not_picked":["Weave","ClearTheMind","ReachHeaven"],"picked":"SKIP","floor":4},{"not_picked":["FlurryOfBlows","BattleHymn","Swivel"],"picked":"SKIP","floor":5},{"not_picked":["ClearTheMind","BowlingBash","ThirdEye"],"picked":"SKIP","floor":6},{"not_picked":["Study","CutThroughFate","Adaptation"],"picked":"SKIP","floor":8},{"not_picked":["Wallop","Tantrum","Fasting2"],"picked":"SKIP","floor":10},{"not_picked":["Blasphemy","EmptyBody","Prostrate"],"picked":"Singing Bowl","floor":12},{"not_picked":["EmptyMind","FollowUp","ThirdEye"],"picked":"Singing Bowl","floor":13},{"not_picked":["SashWhip","CrushJoints","EmptyBody"],"picked":"Singing Bowl","floor":14},{"not_picked":["LessonLearned","Devotion","Ragnarok"],"picked":"Singing Bowl","floor":16},{"not_picked":["EmptyBody"],"picked":"Singing Bowl","floor":18},{"not_picked":["Protect"],"picked":"Singing Bowl","floor":21},{"not_picked":["PathToVictory+1","FollowUp"],"picked":"Singing Bowl","floor":23},{"not_picked":["Prostrate","BowlingBash+1"],"picked":"Singing Bowl","floor":24},{"not_picked":["Sanctity","FlurryOfBlows"],"picked":"Singing Bowl","floor":27},{"not_picked":["SashWhip","Crescendo+1"],"picked":"Singing Bowl","floor":28},{"not_picked":["EmptyBody","FlurryOfBlows"],"picked":"Singing Bowl","floor":29},{"not_picked":["Prostrate","Tantrum"],"picked":"Singing Bowl","floor":30},{"not_picked":["DeceiveReality","CrushJoints"],"picked":"Singing Bowl","floor":31},{"not_picked":["Blasphemy","MasterReality"],"picked":"Singing Bowl","floor":33},{"not_picked":["EmptyFist+1","Study+1"],"picked":"Singing Bowl","floor":35},{"not_picked":["Purity","HandOfGreed"],"picked":"Singing Bowl","floor":36},{"not_picked":["Dark Shackles","Blind"],"picked":"Singing Bowl","floor":36},{"not_picked":["Blind","Madness"],"picked":"Singing Bowl","floor":36},{"not_picked":["Evaluate+1","CutThroughFate"],"picked":"Singing Bowl","floor":40},{"not_picked":["PathToVictory+1","Pray"],"picked":"Singing Bowl","floor":44},{"not_picked":["DeceiveReality+1","Prostrate"],"picked":"Singing Bowl","floor":45},{"not_picked":["CarveReality+1","FlyingSleeves+1"],"picked":"Singing Bowl","floor":47},{"not_picked":["Crescendo","SashWhip"],"picked":"Singing Bowl","floor":48},{"not_picked":["PathToVictory+1","Vengeance"],"picked":"Singing Bowl","floor":54}],"player_experience":126388,"relics_obtained":[{"floor":6,"key":"Ancient Tea Set"},{"floor":8,"key":"Akabeko"},{"floor":12,"key":"Blood Vial"},{"floor":23,"key":"Pocketwatch"},{"floor":25,"key":"StrikeDummy"},{"floor":26,"key":"Bottled Tornado"},{"floor":29,"key":"Girya"},{"floor":31,"key":"MawBank"},{"floor":43,"key":"CeramicFish"},{"floor":45,"key":"Oddly Smooth Stone"},{"floor":48,"key":"Pantograph"},{"floor":54,"key":"Toy Ornithopter"}],"event_choices":[{"damage_healed":0,"gold_gain":0,"player_choice":"Take Wound","damage_taken":0,"relics_obtained":["Golden Idol"],"max_hp_gain":0,"max_hp_loss":0,"event_name":"Golden Idol","floor":7,"gold_loss":0,"cards_obtained":["Injury"]},{"cards_removed":["Ghostly"],"damage_healed":0,"gold_gain":0,"player_choice":"Elegance","damage_taken":0,"max_hp_gain":0,"max_hp_loss":0,"event_name":"Back to Basics","floor":19,"gold_loss":0},{"damage_healed":0,"gold_gain":0,"player_choice":"Read","damage_taken":0,"max_hp_gain":0,"max_hp_loss":0,"event_name":"The Library","floor":20,"gold_loss":0,"cards_obtained":["SignatureMove"]},{"damage_healed":0,"gold_gain":0,"player_choice":"Obtained Relic","damage_taken":0,"relics_obtained":["Question Card"],"max_hp_gain":0,"max_hp_loss":0,"event_name":"Addict","floor":22,"gold_loss":85},{"damage_healed":0,"gold_gain":0,"player_choice":"Memory 3","damage_taken":10,"max_hp_gain":0,"max_hp_loss":0,"event_name":"SensoryStone","floor":36,"gold_loss":0},{"damage_healed":0,"gold_gain":0,"player_choice":"Ignored","damage_taken":0,"max_hp_gain":0,"max_hp_loss":0,"event_name":"Tomb of Lord Red Mask","floor":37,"gold_loss":0},{"damage_healed":0,"gold_gain":333,"player_choice":"Gave Idol","damage_taken":0,"max_hp_gain":0,"max_hp_loss":0,"event_name":"The Moai Head","floor":38,"relics_lost":["Golden Idol"],"gold_loss":0},{"cards_removed":["SignatureMove"],"damage_healed":0,"gold_gain":0,"player_choice":"Removed Attack","damage_taken":0,"max_hp_gain":0,"max_hp_loss":0,"event_name":"Falling","floor":39,"gold_loss":0}],"is_beta":false,"boss_relics":[{"not_picked":["Fusion Hammer","Velvet Choker"],"picked":"Busted Crown"},{"not_picked":["Snecko Eye","Cursed Key"],"picked":"SlaversCollar"}],"items_purged_floors":[11],"is_endless":false,"potions_floor_spawned":[2,4,5,8,10,12,18,23,24,29,30,35,45,47],"ascension_level":5}}