{"host":"8fjsnt81u6xsmhji","time":1609403526,"event":{"mods":["BaseMod","Beaked The Cultist","Colored Powertips","Downfall","Glutton Mod","Hermit","Minty Spire (QoL Compilation)","Quick Restart","StSLib","The Bug Knight","The Forsaken","The Hierophant"],"gold_per_floor":[99,119,219,298,31,56,56,56,56,82,7,22,22,42,58,58,58],"floor_reached":16,"playtime":701,"items_purged":[],"score":108,"play_id":"04f38d83-be43-42d8-9e88-4c060e5bbf24","local_time":"20201231023206","daily_mods":["Flight","DeadlyEvents"],"is_ascension_mode":false,"campfire_choices":[{"floor":1.0,"key":"RECALL"},{"floor":9.0,"key":"REST"},{"floor":11.0,"key":"REST"},{"floor":13.0,"key":"REST"}],"circlet_count":0,"master_deck":["HollowMod:NailStrikeStart","HollowMod:NailStrikeStart","HollowMod:NailStrikeStart","HollowMod:NailStrikeStart","HollowMod:QuickDashStart","HollowMod:QuickDashStart","HollowMod:QuickDashStart","HollowMod:QuickDashStart","HollowMod:FocusHealStart","HollowMod:PogoStrike","HollowMod:MawleksShell","HollowMod:InfectedAttack","HollowMod:DesolateDive","HollowMod:MothsMistake","HollowMod:PerfectDash","HollowMod:SharpenedNail"],"relics":["HollowMod:VesselMask","Matryoshka","Singing Bowl","Strawberry","Bag of Marbles","Guardian:PocketSentry","Gambling Chip","downfall:HeartBlessingRed"],"acts_visited":["Exordium"],"potions_floor_usage":[16,16],"damage_taken":[{"damage":0.0,"enemies":"Small Slimes","floor":2.0,"turns":2.0},{"damage":5.0,"enemies":"downfall:FleeingMerchant","floor":5.0,"turns":4.0},{"damage":58.0,"enemies":"Lagavulin","floor":6.0,"turns":10.0},{"damage":51.0,"enemies":"3 Sentries","floor":10.0,"turns":10.0},{"damage":3.0,"enemies":"Jaw Worm","floor":12.0,"turns":3.0},{"damage":0.0,"enemies":"Cultist","floor":14.0,"turns":2.0},{"damage":2.0,"enemies":"3 Louse","floor":15.0,"turns":3.0},{"damage":79,"enemies":"downfall:Defect","floor":16,"turns":8}],"seed_played":"-779412391468320941","potions_obtained":[{"floor":6.0,"key":"Strength Potion"},{"floor":12.0,"key":"Guardian:BlockOnCardUsePotion"}],"is_trial":true,"path_per_floor":["R","M","?","T","$","E","T","?","R","E","R","M","R","M","M","B"],"character_chosen":"THE_BUGKNIGHT","items_purchased":["Singing Bowl"],"campfire_rested":3,"item_purchase_floors":[5],"current_hp_per_floor":[75,75,75,75,75,34,34,34,58,19,43,46,70,78,76,7,7],"gold":58,"neow_bonus":"","is_daily":false,"chose_seed":false,"campfire_upgraded":0,"win_rate":0.0,"timestamp":1609403526,"path_taken":["R","M","?","?","$","?","T","?","R","?","R","?","R","M","M","BOSS"],"items_purchased_type":["Relic"],"build_version":"2020-12-22","purchased_purges":0,"victory":false,"max_hp_per_floor":[75,75,75,75,75,82,82,82,82,82,82,82,82,84,84,84,84],"card_choices":[{"not_picked":["HollowMod:ShadowDash","HollowMod:AbyssShriek"],"picked":"HollowMod:MawleksShell","floor":2.0},{"not_picked":["HollowMod:NewLittleFool","HollowMod:ShadowDash"],"picked":"HollowMod:InfectedAttack","floor":5.0},{"not_picked":["HollowMod:NewLittleFool","HollowMod:ChannelNail"],"picked":"HollowMod:DesolateDive","floor":6.0},{"not_picked":["HollowMod:SiblingsSouls","HollowMod:VoidDash"],"picked":"HollowMod:MothsMistake","floor":10.0},{"not_picked":["HollowMod:InfectedCysts","HollowMod:CrystalDash"],"picked":"HollowMod:PerfectDash","floor":12.0},{"not_picked":["HollowMod:DescendingDark","HollowMod:ChannelNail","HollowMod:MawleksShell"],"picked":"Singing Bowl","floor":14.0},{"not_picked":["HollowMod:SoulSplash","HollowMod:DescendingDark"],"picked":"HollowMod:SharpenedNail","floor":15.0}],"player_experience":643613,"relics_obtained":[{"floor":4.0,"key":"Matryoshka"},{"floor":6.0,"key":"Strawberry"},{"floor":7.0,"key":"Bag of Marbles"},{"floor":7.0,"key":"Guardian:PocketSentry"},{"floor":10.0,"key":"Gambling Chip"}],"event_choices":[{"damage_healed":0.0,"max_hp_gain":0.0,"max_hp_loss":0.0,"gold_gain":0.0,"event_name":"NoteForYourself","player_choice":"Ignored","floor":8.0,"gold_loss":0.0,"damage_taken":0.0}],"is_beta":false,"boss_relics":[],"items_purged_floors":[],"is_endless":false,"potions_floor_spawned":[6,12],"killed_by":"downfall:Defect","ascension_level":0}}