{"host":"uy3vg6glkp8m6iit","time":1609427251,"event":{"mods":["AchievementEnabler","BaseMod","Colored Map","DeckTracker","Highlight Path","Keyboard Shortcuts","Minty Spire (QoL Compilation)","Quick Restart","Random Character Button","Rare Cards Sparkle","Relic Stats","StSLib","everything is the same but u backflip on backflip"],"gold_per_floor":[111,111,111,39,39,68,68,86,112,146,146,166,166,20,20,116,116,85,10,20,120,132,132,132,147,172,172,197,24,24,51,51,151,151,169,169,169,169,169,169,182,57,84,84,113,125,125,159,159,159,159,159,11,39,39,39],"floor_reached":55,"playtime":2247,"items_purged":["Strike_G","Defend_G","Defend_G"],"score":1100,"play_id":"e9d2e69f-4cfc-4029-bb6c-c5102e412e76","local_time":"20210101000731","is_ascension_mode":true,"campfire_choices":[{"data":"Bouncing Flask","floor":7.0,"key":"SMITH"},{"data":"Crippling Poison","floor":11.0,"key":"SMITH"},{"data":"Caltrops","floor":15.0,"key":"SMITH"},{"data":"Acrobatics","floor":23.0,"key":"SMITH"},{"data":"Neutralize","floor":27.0,"key":"SMITH"},{"data":"Expertise","floor":32.0,"key":"SMITH"},{"floor":40,"key":"RECALL"},{"data":"Tactician","floor":44,"key":"SMITH"},{"data":"After Image","floor":47,"key":"SMITH"},{"data":"Grand Finale","floor":49,"key":"SMITH"},{"data":"Grand Finale","floor":52,"key":"SMITH"}],"circlet_count":0,"master_deck":["Strike_G","Defend_G","Defend_G","Survivor","Neutralize+1","Caltrops+1","Bouncing Flask+1","Crippling Poison+1","Quick Slash","Poisoned Stab","Acrobatics+1","Grand Finale+1","After Image+1","Concentrate+1","Acrobatics+1","Cloak And Dagger","Expertise+1","Tactician+1","Backflip+1","Grand Finale+1","Prepared+1"],"relics":["Ring of the Snake","NeowsBlessing","StrikeDummy","Juzu Bracelet","Pear","Coffee Dripper","Bag of Marbles","InkBottle","Strawberry","Empty Cage","Snake Skull","PreservedInsect","Bag of Preparation","Mercury Hourglass"],"acts_visited":["Exordium","TheCity","TheBeyond","TheEnding"],"potions_floor_usage":[45,55,55],"damage_taken":[{"damage":0.0,"enemies":"2 Louse","floor":1.0,"turns":1.0},{"damage":0.0,"enemies":"Gremlin Nob","floor":6.0,"turns":1.0},{"damage":0.0,"enemies":"Jaw Worm","floor":8.0,"turns":1.0},{"damage":20.0,"enemies":"3 Sentries","floor":10.0,"turns":8.0},{"damage":0.0,"enemies":"Small Slimes","floor":12.0,"turns":3.0},{"damage":11.0,"enemies":"Hexaghost","floor":16.0,"turns":9.0},{"damage":6.0,"enemies":"2 Thieves","floor":18.0,"turns":5.0},{"damage":0.0,"enemies":"Spheric Guardian","floor":20.0,"turns":3.0},{"damage":0.0,"enemies":"Cultist and Chosen","floor":22.0,"turns":3.0},{"damage":13.0,"enemies":"Snake Plant","floor":25.0,"turns":4.0},{"damage":8.0,"enemies":"Slavers","floor":28.0,"turns":2.0},{"damage":11.0,"enemies":"Gremlin Leader","floor":31.0,"turns":7.0},{"damage":27.0,"enemies":"Collector","floor":33.0,"turns":9.0},{"damage":5.0,"enemies":"3 Darklings","floor":35.0,"turns":3.0},{"damage":3,"enemies":"3 Shapes","floor":41,"turns":5},{"damage":0,"enemies":"Giant Head","floor":45,"turns":3},{"damage":0,"enemies":"3 Darklings","floor":46,"turns":3},{"damage":0,"enemies":"Reptomancer","floor":48,"turns":2},{"damage":43,"enemies":"Donu and Deca","floor":50,"turns":6},{"damage":14,"enemies":"Shield and Spear","floor":54,"turns":3},{"damage":58,"enemies":"The Heart","floor":55,"turns":3}],"seed_played":"4840099847386156293","potions_obtained":[{"floor":6.0,"key":"Swift Potion"},{"floor":10.0,"key":"Block Potion"},{"floor":12.0,"key":"Dexterity Potion"},{"floor":18.0,"key":"Dexterity Potion"},{"floor":20.0,"key":"GamblersBrew"},{"floor":22.0,"key":"EntropicBrew"},{"floor":33.0,"key":"Swift Potion"},{"floor":48,"key":"LiquidBronze"}],"is_trial":false,"path_per_floor":["M","?","?","$","?","E","R","M","T","E","R","M","?","$","R","B",null,"M","?","M","?","M","R","?","M","T","R","E","$","?","E","R","B",null,"M","?","?","?","?","R","M","$","T","R","E","M","R","E","R","B",null,"R","$","E","B"],"character_chosen":"THE_SILENT","items_purchased":["Bouncing Flask","Grand Finale","Tactician","Bag of Preparation"],"campfire_rested":0,"item_purchase_floors":[4,14,29,53],"current_hp_per_floor":[63,63,63,63,63,63,63,63,63,53,53,53,53,53,53,42,71,65,65,65,65,65,65,65,52,52,52,44,44,44,40,40,13,69,64,64,64,64,64,64,61,61,61,61,61,61,61,61,61,18,67,67,67,53,0,0],"gold":39,"neow_bonus":"THREE_ENEMY_KILL","is_daily":false,"chose_seed":false,"campfire_upgraded":10,"win_rate":0.0,"timestamp":1609427251,"path_taken":["M","?","?","?","?","E","R","?","T","E","R","M","?","$","R","BOSS","M","?","M","?","M","R","?","M","T","R","E","$","?","E","R","BOSS","M","?","?","?","?","R","M","$","T","R","E","M","R","E","R","BOSS","R","$","E","BOSS"],"items_purchased_type":["Card","Card","Card","Relic"],"build_version":"2020-12-22","purchased_purges":3,"victory":false,"max_hp_per_floor":[70,70,70,70,70,70,70,70,70,80,80,80,80,80,80,80,80,80,80,80,80,80,80,80,80,80,80,80,80,80,87,87,87,87,87,87,87,87,83,83,83,83,83,83,83,83,83,83,83,83,83,83,83,83,83,83],"relic_stats":{"counters":[21,84],"Snake Skull":[24],"PreservedInsect":68,"Juzu Bracelet":2,"Bag of Preparation":[4],"obtain_stats":[{"Pear":10,"NeowsBlessing":0,"Snake Skull":45,"PreservedInsect":48,"Juzu Bracelet":9,"Bag of Preparation":53,"Empty Cage":34,"Mercury Hourglass":54,"Strawberry":31,"Coffee Dripper":17,"Bag of Marbles":26,"StrikeDummy":6,"InkBottle":28,"Ring of the Snake":0},{"Pear":4,"NeowsBlessing":0,"Snake Skull":16,"PreservedInsect":18,"Juzu Bracelet":3,"Bag of Preparation":19,"Empty Cage":13,"Mercury Hourglass":20,"Strawberry":12,"Coffee Dripper":6,"Bag of Marbles":10,"StrikeDummy":2,"InkBottle":11,"Ring of the Snake":0},{"Pear":11,"NeowsBlessing":0,"Snake Skull":67,"PreservedInsect":72,"Juzu Bracelet":3,"Bag of Preparation":78,"Empty Cage":56,"Mercury Hourglass":81,"Strawberry":47,"Coffee Dripper":23,"Bag of Marbles":38,"StrikeDummy":2,"InkBottle":40,"Ring of the Snake":0}],"InkBottle":[25],"Ring of the Snake":[42],"Mercury Hourglass":[9]},"card_choices":[{"not_picked":["Dagger Throw","Bane"],"picked":"Caltrops","floor":1.0},{"not_picked":["Outmaneuver","Terror"],"picked":"Crippling Poison","floor":6.0},{"not_picked":["Masterful Stab","Expertise"],"picked":"Quick Slash","floor":8.0},{"not_picked":["PiercingWail","Leg Sweep"],"picked":"Poisoned Stab","floor":10.0},{"not_picked":["Sucker Punch","Prepared"],"picked":"Acrobatics","floor":12.0},{"not_picked":["Unload","Bullet Time"],"picked":"After Image","floor":16.0},{"not_picked":["Poisoned Stab","Flying Knee","Slice"],"picked":"SKIP","floor":18.0},{"not_picked":["Poisoned Stab+1","All Out Attack"],"picked":"Concentrate+1","floor":20.0},{"not_picked":["Dodge and Roll","Sucker Punch","Quick Slash"],"picked":"SKIP","floor":22.0},{"not_picked":["Cloak And Dagger","Finisher+1","Dagger Throw"],"picked":"SKIP","floor":25.0},{"not_picked":["Finisher+1","Dagger Throw"],"picked":"Cloak And Dagger","floor":25.0},{"not_picked":["Underhanded Strike","Blur"],"picked":"Expertise","floor":28.0},{"not_picked":["Venomology","Bouncing Flask"],"picked":"Backflip+1","floor":31.0},{"not_picked":["Malaise","Bullet Time"],"picked":"Grand Finale","floor":33.0},{"not_picked":["Underhanded Strike+1","Blade Dance+1","Acrobatics"],"picked":"SKIP","floor":35.0},{"not_picked":["Outmaneuver","Finisher+1","Footwork+1"],"picked":"SKIP","floor":41},{"not_picked":["Accuracy+1","Deadly Poison+1"],"picked":"Prepared+1","floor":45},{"not_picked":["Acrobatics+1","Phantasmal Killer","Riddle With Holes"],"picked":"SKIP","floor":46},{"not_picked":["Predator+1","Flying Knee+1","Cloak And Dagger+1"],"picked":"SKIP","floor":48},{"not_picked":["Deflect+1","Dodge and Roll+1","Crippling Poison+1"],"picked":"SKIP","floor":54}],"player_experience":1443973,"relics_obtained":[{"floor":6.0,"key":"StrikeDummy"},{"floor":9.0,"key":"Juzu Bracelet"},{"floor":10.0,"key":"Pear"},{"floor":26.0,"key":"Bag of Marbles"},{"floor":28.0,"key":"InkBottle"},{"floor":31.0,"key":"Strawberry"},{"floor":45,"key":"Snake Skull"},{"floor":48,"key":"PreservedInsect"},{"floor":54,"key":"Mercury Hourglass"}],"event_choices":[{"damage_healed":0.0,"max_hp_gain":0.0,"max_hp_loss":0.0,"gold_gain":0.0,"event_name":"Shining Light","player_choice":"Ignored","floor":2.0,"gold_loss":0.0,"damage_taken":0.0},{"damage_healed":0.0,"max_hp_gain":0.0,"max_hp_loss":0.0,"gold_gain":0.0,"event_name":"The Cleric","player_choice":"Leave","floor":3.0,"gold_loss":0.0,"damage_taken":0.0},{"damage_healed":0.0,"max_hp_gain":0.0,"max_hp_loss":0.0,"gold_gain":0.0,"event_name":"Match and Keep!","player_choice":"0 cards matched","floor":5.0,"gold_loss":0.0,"damage_taken":0.0,"cards_obtained":[]},{"cards_removed":["Strike_G"],"damage_healed":0.0,"max_hp_gain":0.0,"max_hp_loss":0.0,"gold_gain":0.0,"event_name":"Bonfire Elementals","player_choice":"Offered Basic","floor":13.0,"gold_loss":0.0,"damage_taken":0.0},{"cards_removed":["Strike_G"],"damage_healed":0.0,"max_hp_gain":0.0,"max_hp_loss":0.0,"gold_gain":0.0,"event_name":"Beggar","player_choice":"Gave Gold","floor":19.0,"gold_loss":75.0,"damage_taken":0.0},{"damage_healed":0.0,"max_hp_gain":0.0,"max_hp_loss":0.0,"gold_gain":100.0,"event_name":"Golden Shrine","player_choice":"Pray","floor":21.0,"gold_loss":0.0,"damage_taken":0.0},{"damage_healed":0.0,"max_hp_gain":0.0,"max_hp_loss":0.0,"gold_gain":0.0,"event_name":"Duplicator","player_choice":"Copied","floor":24.0,"gold_loss":0.0,"damage_taken":0.0,"cards_obtained":["Acrobatics"]},{"damage_healed":0.0,"max_hp_gain":0.0,"max_hp_loss":0.0,"gold_gain":0.0,"event_name":"Wheel of Change","player_choice":"Cursed","floor":30.0,"gold_loss":0.0,"damage_taken":0.0,"cards_obtained":["Decay"]},{"cards_removed":["Strike_G"],"damage_healed":0.0,"max_hp_gain":0.0,"max_hp_loss":0.0,"gold_gain":0.0,"event_name":"Falling","player_choice":"Removed Attack","floor":36.0,"gold_loss":0.0,"damage_taken":0.0},{"damage_healed":0.0,"max_hp_gain":0.0,"max_hp_loss":0.0,"gold_gain":0.0,"event_name":"Tomb of Lord Red Mask","player_choice":"Ignored","floor":37.0,"gold_loss":0.0,"damage_taken":0.0},{"damage_healed":0,"gold_gain":0,"player_choice":"Ignored","damage_taken":0,"max_hp_gain":0,"max_hp_loss":0,"event_name":"Mysterious Sphere","floor":38,"gold_loss":0},{"damage_healed":0,"gold_gain":0,"player_choice":"Max HP","damage_taken":0,"max_hp_gain":0,"max_hp_loss":4,"event_name":"Winding Halls","floor":39,"gold_loss":0}],"is_beta":false,"boss_relics":[{"not_picked":["Sozu","SlaversCollar"],"picked":"Coffee Dripper"},{"not_picked":["Tiny House","Calling Bell"],"picked":"Empty Cage"}],"items_purged_floors":[14,29,42],"is_endless":false,"potions_floor_spawned":[6,10,12,18,20,22,33,48],"killed_by":"The Heart","ascension_level":7}}