{"host":"61ejhfsushs0xmcl","time":1609398474,"event":{"mods":["BaseMod","Colored Map","Gold Saver","Minty Spire (QoL Compilation)","StSLib","Waifu the Spire"],"gold_per_floor":[117,117,117,117,138,173,173,186,258,258,274,10,10,73,73,188,188,204,129,129,167,211,279,279,323,368,433,433,514,559,251,251,366,366,439,455,526,2407,2407],"floor_reached":38,"playtime":1191,"items_purged":["Defend_P","Strike_P"],"score":1149,"play_id":"d6099297-f3fb-46ab-b885-120674cfec32","local_time":"20201231150754","is_ascension_mode":true,"campfire_choices":[{"data":"Eruption","floor":7.0,"key":"SMITH"},{"data":"BowlingBash","floor":10.0,"key":"SMITH"},{"data":"HandOfGreed","floor":13.0,"key":"SMITH"},{"data":"Blasphemy","floor":15.0,"key":"SMITH"},{"data":"Vault","floor":24.0,"key":"SMITH"},{"data":"J.A.X.","floor":28.0,"key":"SMITH"},{"data":"CutThroughFate","floor":32.0,"key":"SMITH"}],"circlet_count":0,"master_deck":["AscendersBane","Strike_P","Strike_P","Strike_P","Defend_P","Defend_P+1","Eruption+1","Vigilance+1","FlurryOfBlows","Blasphemy+1","BowlingBash+1","Halt","HandOfGreed+1","Vault+1","CurseOfTheBell","CutThroughFate+1","J.A.X.+1","InnerPeace","Indignation","Vault"],"relics":["PureWater","NeowsBlessing","Boot","Golden Idol","Art of War","Blood Vial","Calling Bell","Meat on the Bone","Gambling Chip","War Paint","MealTicket","WingedGreaves","Tiny Chest","HornCleat","Happy Flower","Anchor","Cursed Key"],"acts_visited":[],"potions_floor_usage":[],"damage_taken":[{"damage":0.0,"enemies":"2 Louse","floor":1.0,"turns":2.0},{"damage":0.0,"enemies":"Jaw Worm","floor":5.0,"turns":1.0},{"damage":0.0,"enemies":"3 Sentries","floor":6.0,"turns":2.0},{"damage":0.0,"enemies":"Small Slimes","floor":8.0,"turns":2.0},{"damage":11.0,"enemies":"Exordium Wildlife","floor":11.0,"turns":2.0},{"damage":0.0,"enemies":"Gremlin Nob","floor":14.0,"turns":2.0},{"damage":14.0,"enemies":"The Guardian","floor":16.0,"turns":6.0},{"damage":24.0,"enemies":"2 Thieves","floor":18.0,"turns":4.0},{"damage":19.0,"enemies":"Shell Parasite","floor":21.0,"turns":3.0},{"damage":3.0,"enemies":"Snecko","floor":22.0,"turns":3.0},{"damage":27.0,"enemies":"Slavers","floor":23.0,"turns":5.0},{"damage":3.0,"enemies":"Book of Stabbing","floor":25.0,"turns":2.0},{"damage":3.0,"enemies":"Gremlin Leader","floor":27.0,"turns":3.0},{"damage":12.0,"enemies":"Slavers","floor":29.0,"turns":5.0},{"damage":3.0,"enemies":"Shelled Parasite and Fungi","floor":30.0,"turns":2.0},{"damage":44.0,"enemies":"Collector","floor":33.0,"turns":6.0},{"damage":4.0,"enemies":"3 Shapes","floor":35.0,"turns":5.0},{"damage":3.0,"enemies":"3 Darklings","floor":36.0,"turns":3.0},{"damage":0.0,"enemies":"Jaw Worm Horde","floor":37.0,"turns":4.0},{"damage":0,"floor":38,"turns":1}],"seed_played":"4139410626663332095","potions_obtained":[{"floor":6.0,"key":"PowerPotion"},{"floor":8.0,"key":"SmokeBomb"},{"floor":11.0,"key":"StancePotion"},{"floor":18.0,"key":"Dexterity Potion"},{"floor":27.0,"key":"SkillPotion"},{"floor":33.0,"key":"BottledMiracle"}],"is_trial":false,"path_per_floor":["M","?","?","?","M","E","R","M","T","R","M","$","R","E","R","B",null,"M","?","?","M","M","E","R","E","T","E","R","E","M","$","R","B",null,"M","M","M","?"],"character_chosen":"WATCHER","items_purchased":["HandOfGreed","Indignation","Anchor"],"campfire_rested":0,"item_purchase_floors":[12,31,31],"current_hp_per_floor":[61,56,56,33,33,33,33,33,33,33,22,22,22,22,22,10,54,44,44,44,39,38,25,25,36,36,35,35,37,36,51,51,21,56,54,53,55,55,55],"gold":2407,"neow_bonus":"THREE_ENEMY_KILL","is_daily":false,"chose_seed":false,"campfire_upgraded":7,"win_rate":0.0,"timestamp":1609398474,"path_taken":["M","?","?","?","?","E","R","M","T","R","M","$","R","E","R","BOSS","M","?","?","M","M","E","R","E","T","E","R","E","?","$","R","BOSS","M","M","M","?"],"items_purchased_type":["Card","Card","Relic"],"build_version":"2020-12-22","purchased_purges":2,"victory":false,"max_hp_per_floor":[68,68,68,68,68,68,68,68,68,68,68,68,68,68,68,68,68,68,68,68,68,68,68,68,68,68,68,68,68,68,68,68,68,68,68,68,68,68,68],"card_choices":[{"not_picked":["ThirdEye","FollowUp"],"picked":"FlurryOfBlows","floor":1.0},{"not_picked":["FlurryOfBlows","Worship","EmptyMind"],"picked":"SKIP","floor":5.0},{"not_picked":["Nirvana","Sanctity"],"picked":"Blasphemy","floor":6.0},{"not_picked":["Study","Worship"],"picked":"BowlingBash","floor":8.0},{"not_picked":["SashWhip","EmptyFist"],"picked":"Halt","floor":11.0},{"not_picked":["Nirvana","BowlingBash","Worship"],"picked":"SKIP","floor":14.0},{"not_picked":["Scrawl","Brilliance"],"picked":"Vault","floor":16.0},{"not_picked":["Perseverance","WindmillStrike"],"picked":"CutThroughFate","floor":18.0},{"not_picked":["SashWhip+1","WindmillStrike"],"picked":"InnerPeace","floor":21.0},{"not_picked":["Protect","Meditate","Prostrate"],"picked":"SKIP","floor":22.0},{"not_picked":["Swivel","WreathOfFlame","SandsOfTime+1"],"picked":"SKIP","floor":23.0},{"not_picked":["CutThroughFate","FollowUp","Consecrate"],"picked":"SKIP","floor":25.0},{"not_picked":["FlyingSleeves","CutThroughFate","Judgement"],"picked":"SKIP","floor":27.0},{"not_picked":["DeceiveReality","PathToVictory","CutThroughFate"],"picked":"SKIP","floor":29.0},{"not_picked":["BowlingBash","ThirdEye","WaveOfTheHand"],"picked":"SKIP","floor":30.0},{"not_picked":["SpiritShield","Brilliance"],"picked":"Vault","floor":33.0},{"not_picked":["Prostrate","EmptyBody","ReachHeaven"],"picked":"SKIP","floor":35.0},{"not_picked":["Halt","SashWhip+1","FlyingSleeves+1"],"picked":"SKIP","floor":36.0},{"not_picked":["Swivel","EmptyBody","FearNoEvil+1"],"picked":"SKIP","floor":37.0}],"player_experience":755849,"relics_obtained":[{"floor":6.0,"key":"Art of War"},{"floor":14.0,"key":"Blood Vial"},{"floor":17.0,"key":"Meat on the Bone"},{"floor":17.0,"key":"Gambling Chip"},{"floor":17.0,"key":"War Paint"},{"floor":23.0,"key":"MealTicket"},{"floor":25.0,"key":"WingedGreaves"},{"floor":26.0,"key":"Tiny Chest"},{"floor":27.0,"key":"HornCleat"},{"floor":29.0,"key":"Happy Flower"}],"event_choices":[{"damage_healed":0.0,"max_hp_gain":0.0,"max_hp_loss":0.0,"gold_gain":0.0,"event_name":"Scrap Ooze","player_choice":"Success","floor":2.0,"gold_loss":0.0,"damage_taken":5.0,"relics_obtained":["Boot"]},{"damage_healed":0.0,"max_hp_gain":0.0,"max_hp_loss":0.0,"gold_gain":0.0,"event_name":"Liars Game","player_choice":"Ignored","floor":3.0,"gold_loss":0.0,"damage_taken":0.0},{"damage_healed":0.0,"max_hp_gain":0.0,"max_hp_loss":0.0,"gold_gain":0.0,"event_name":"Golden Idol","player_choice":"Take Damage","floor":4.0,"gold_loss":0.0,"damage_taken":23.0,"relics_obtained":["Golden Idol"]},{"cards_removed":["Defend_P"],"damage_healed":0.0,"max_hp_gain":0.0,"max_hp_loss":0.0,"gold_gain":0.0,"event_name":"Beggar","player_choice":"Gave Gold","floor":19.0,"gold_loss":75.0,"damage_taken":0.0},{"damage_healed":0.0,"max_hp_gain":0.0,"max_hp_loss":0.0,"gold_gain":0.0,"event_name":"Drug Dealer","player_choice":"Obtain J.A.X.","floor":20.0,"gold_loss":0.0,"damage_taken":0.0,"cards_obtained":["J.A.X."]}],"is_beta":false,"boss_relics":[{"not_picked":["Runic Dome","Busted Crown"],"picked":"Calling Bell"},{"not_picked":["Empty Cage","Astrolabe"],"picked":"Cursed Key"}],"items_purged_floors":[12,31],"is_endless":false,"potions_floor_spawned":[6,8,11,14,18,27,33,36,37],"ascension_level":20}}