{"host":"1zfbckszmdcrhnfi","time":1609405185,"event":{"mods":["AchievementEnabler","BaseMod","Colored Map","Downfall","Marisa£®ÏF”Í°°ƒß¿Ì…≥£©","Minty Spire (QoL Compilation)","Replay The Spire","Shop Mod","StSLib","The Cursed","The Servant 0.9.4"],"gold_per_floor":[114,114,125,50,66,101,101,115,161,172,172,72,97,112,112,112,112],"floor_reached":16,"playtime":555,"items_purged":["Strike_B","Defend_B"],"score":112,"play_id":"3ce66aa1-9168-4f83-8a0b-c6e8ebef5638","local_time":"20201231165945","is_ascension_mode":false,"campfire_choices":[{"data":"Zap","floor":7.0,"key":"SMITH"},{"floor":11.0,"key":"REST"},{"floor":15.0,"key":"REST"}],"circlet_count":0,"master_deck":["Strike_B","Strike_B","Strike_B","Defend_B","Defend_B","Defend_B","Zap+1","Dualcast","FIFO Queue","Go for the Eyes","Barrage","Ball Lightning","Sunder","Consume"],"relics":["Cracked Core","NeowsBlessing","Sundial","ReplayTheSpireMod:TigerMarble"],"acts_visited":["Exordium"],"potions_floor_usage":[],"damage_taken":[{"damage":0.0,"enemies":"Small Slimes","floor":1.0,"turns":1.0},{"damage":0.0,"enemies":"Cultist","floor":3.0,"turns":1.0},{"damage":0.0,"enemies":"Jaw Worm","floor":5.0,"turns":1.0},{"damage":44.0,"enemies":"Lagavulin","floor":6.0,"turns":8.0},{"damage":3.0,"enemies":"Red Slaver","floor":8.0,"turns":3.0},{"damage":13.0,"enemies":"2 Fungi Beasts","floor":10.0,"turns":3.0},{"damage":35.0,"enemies":"3 Sentries","floor":13.0,"turns":6.0},{"damage":0.0,"enemies":"3 Louse","floor":14.0,"turns":1.0},{"damage":0,"enemies":"Slime Boss","floor":16,"turns":6}],"seed_played":"8791982148878190252","potions_obtained":[{"floor":1.0,"key":"Explosive Potion"},{"floor":2.0,"key":"Toxic Potion"},{"floor":2.0,"key":"CultistPotion"},{"floor":5.0,"key":"Ancient Potion"}],"is_trial":false,"path_per_floor":["M","?","M","$","M","E","R","M","T","M","R","$","E","M","R","B"],"character_chosen":"DEFECT","items_purchased":[],"campfire_rested":2,"item_purchase_floors":[],"current_hp_per_floor":[75,75,75,75,75,31,31,28,28,15,37,37,2,2,24,24,24],"gold":112,"neow_bonus":"THREE_ENEMY_KILL","is_daily":false,"chose_seed":false,"campfire_upgraded":1,"win_rate":0.0,"timestamp":1609405185,"path_taken":["M","?","?","$","M","E","R","M","T","M","R","$","E","M","R","BOSS"],"items_purchased_type":[],"build_version":"2020-12-22","purchased_purges":2,"victory":false,"max_hp_per_floor":[75,75,75,75,75,75,75,75,75,75,75,75,75,75,75,75,75],"card_choices":[{"not_picked":["Ball Lightning","Redo"],"picked":"FIFO Queue","floor":1.0},{"not_picked":["Sweeping Beam","ReplayTheSpireMod:Repulse","Rebound"],"picked":"SKIP","floor":3.0},{"not_picked":["Rebound","Redo"],"picked":"Go for the Eyes","floor":5.0},{"not_picked":["Streamline","Go for the Eyes"],"picked":"Barrage","floor":6.0},{"not_picked":["Rebound","Force Field"],"picked":"Ball Lightning","floor":8.0},{"not_picked":["ReplayGash","ReplayTheSpireMod:Repulse","Recycle"],"picked":"SKIP","floor":10.0},{"not_picked":["Panic Button","Recycle"],"picked":"Sunder","floor":13.0},{"not_picked":["Stack","ReplayTheSpireMod:Omega Cannon"],"picked":"Consume","floor":14.0}],"player_experience":155435,"relics_obtained":[{"floor":6.0,"key":"Sundial"},{"floor":13.0,"key":"ReplayTheSpireMod:TigerMarble"}],"event_choices":[{"damage_healed":0.0,"max_hp_gain":0.0,"max_hp_loss":0.0,"gold_gain":0.0,"event_name":"Lab","player_choice":"Got Potions","floor":2.0,"gold_loss":0.0,"damage_taken":0.0}],"is_beta":false,"boss_relics":[],"items_purged_floors":[4,12],"is_endless":false,"potions_floor_spawned":[1,5,10,13],"killed_by":"Slime Boss","ascension_level":0}}