{"host":"qj91dvco5uhu9oti","time":1609421479,"event":{"mods":["BaseMod","Colored Map","Keyboard Shortcuts","Minty Spire (QoL Compilation)","Permanent Neow","Relic Stats","StSLib","SuperFastMode","everything is the same but u backflip on backflip"],"gold_per_floor":[112,127,1,19,38,38,9,9,57,91,116,116,130,159,159,238,238,257,276,276,276,276],"floor_reached":21,"playtime":645,"items_purged":[],"score":350,"play_id":"27486c82-07b5-4a2f-a7d0-070cfc803bcb","local_time":"20201231223119","is_ascension_mode":true,"campfire_choices":[{"data":"Prepared","floor":6.0,"key":"SMITH"},{"data":"Tactician","floor":8.0,"key":"SMITH"},{"data":"Reflex","floor":15,"key":"SMITH"}],"circlet_count":0,"master_deck":["AscendersBane","Strike_G","Strike_G","Strike_G","Defend_G","Defend_G","Defend_G","Defend_G","Survivor","Neutralize","Corpse Explosion","Reflex+1","Prepared+1","Noxious Fumes","Escape Plan","Tactician+1","Dagger Throw","Backflip","Grand Finale","Backflip","Concentrate","PiercingWail","Wraith Form v2","Dagger Spray+1","Malaise+1","Riddle With Holes+1","Prepared","Concentrate","Grand Finale"],"relics":["Ring of the Snake","Nunchaku","Orichalcum","Odd Mushroom","Snake Skull","Astrolabe"],"acts_visited":["TheCity"],"potions_floor_usage":[18],"damage_taken":[{"damage":16.0,"enemies":"Jaw Worm","floor":1.0,"turns":4.0},{"damage":7.0,"enemies":"2 Louse","floor":2.0,"turns":2.0},{"damage":0.0,"enemies":"Cultist","floor":4.0,"turns":4.0},{"damage":3.0,"enemies":"Looter","floor":5.0,"turns":4.0},{"damage":28.0,"enemies":"Gremlin Nob","floor":10.0,"turns":4.0},{"damage":1.0,"enemies":"The Mushroom Lair","floor":11.0,"turns":2.0},{"damage":13.0,"enemies":"Blue Slaver","floor":13.0,"turns":5.0},{"damage":5,"enemies":"Lagavulin","floor":14,"turns":7},{"damage":3,"enemies":"Hexaghost","floor":16,"turns":10},{"damage":3,"enemies":"Spheric Guardian","floor":18,"turns":5},{"damage":4,"enemies":"Shell Parasite","floor":19,"turns":5},{"damage":0,"enemies":"Centurion and Healer","floor":21,"turns":2}],"seed_played":"-6425754736704933327","potions_obtained":[{"floor":5.0,"key":"Energy Potion"},{"floor":10.0,"key":"Block Potion"},{"floor":11.0,"key":"Block Potion"},{"floor":19,"key":"Strength Potion"}],"is_trial":false,"path_per_floor":["M","M","$","M","M","R","$","R","T","E","?","?","M","E","R","B",null,"M","M","?","M"],"character_chosen":"THE_SILENT","items_purchased":["Noxious Fumes","Escape Plan","Backflip"],"campfire_rested":0,"item_purchase_floors":[3,3,7],"current_hp_per_floor":[43,36,36,36,33,33,33,33,33,5,4,26,13,8,8,5,51,48,44,44,44,44],"gold":276,"neow_bonus":"ONE_RANDOM_RARE_CARD","is_daily":false,"chose_seed":false,"campfire_upgraded":3,"win_rate":0.0,"timestamp":1609421479,"path_taken":["M","M","$","M","M","R","$","R","T","E","?","?","M","E","R","BOSS","M","M","?","M"],"items_purchased_type":["Card","Card","Card"],"build_version":"2020-12-22","purchased_purges":0,"victory":false,"max_hp_per_floor":[66,66,66,66,66,66,66,66,66,66,66,66,66,66,66,66,66,66,66,66,66,66],"relic_stats":{"Nunchaku":[5],"counters":[12,54],"Astrolabe":["Dagger Spray","Malaise","Riddle With Holes"],"Snake Skull":[18],"Orichalcum":[54],"obtain_stats":[{"Nunchaku":9,"Astrolabe":17,"Snake Skull":14,"Orichalcum":10,"Odd Mushroom":11,"Ring of the Snake":0},{"Nunchaku":4,"Astrolabe":9,"Snake Skull":8,"Orichalcum":5,"Odd Mushroom":6,"Ring of the Snake":0},{"Nunchaku":14,"Astrolabe":42,"Snake Skull":32,"Orichalcum":18,"Odd Mushroom":20,"Ring of the Snake":0}],"Ring of the Snake":[24]},"card_choices":[{"not_picked":["Backflip","Dodge and Roll"],"picked":"Reflex","floor":1.0},{"not_picked":["Backflip","Deadly Poison"],"picked":"Prepared","floor":2.0},{"not_picked":["Blur","Leg Sweep"],"picked":"Tactician","floor":4.0},{"not_picked":["Expertise","Deflect"],"picked":"Dagger Throw","floor":5.0},{"not_picked":["Quick Slash","Noxious Fumes"],"picked":"Grand Finale","floor":10.0},{"not_picked":["Dagger Spray","Bane"],"picked":"Backflip","floor":11.0},{"not_picked":["Underhanded Strike","Deflect"],"picked":"Concentrate","floor":13.0},{"not_picked":["A Thousand Cuts","Skewer"],"picked":"PiercingWail","floor":14},{"not_picked":["Tools of the Trade","Corpse Explosion"],"picked":"Wraith Form v2","floor":16},{"not_picked":["Dodge and Roll","Bouncing Flask"],"picked":"Prepared","floor":18},{"not_picked":["Poisoned Stab","Cloak And Dagger"],"picked":"Concentrate","floor":19}],"player_experience":326511,"relics_obtained":[{"floor":9.0,"key":"Nunchaku"},{"floor":10.0,"key":"Orichalcum"},{"floor":11.0,"key":"Odd Mushroom"},{"floor":14,"key":"Snake Skull"}],"event_choices":[{"damage_healed":0.0,"max_hp_gain":0.0,"max_hp_loss":0.0,"gold_gain":0.0,"event_name":"Mushrooms","player_choice":"Fought Mushrooms","floor":11.0,"gold_loss":0.0,"damage_taken":0.0},{"damage_healed":22.0,"max_hp_gain":0.0,"max_hp_loss":0.0,"gold_gain":0.0,"event_name":"Big Fish","player_choice":"Banana","floor":12.0,"gold_loss":0.0,"damage_taken":0.0},{"damage_healed":0,"gold_gain":0,"player_choice":"1 cards matched","damage_taken":0,"max_hp_gain":0,"max_hp_loss":0,"event_name":"Match and Keep!","floor":20,"gold_loss":0,"cards_obtained":["Grand Finale"]}],"is_beta":false,"boss_relics":[{"not_picked":["Runic Dome","SacredBark"],"picked":"Astrolabe"}],"items_purged_floors":[],"is_endless":false,"potions_floor_spawned":[5,10,11,14,19],"killed_by":"Centurion and Healer","ascension_level":17}}