{"host":"l3h7vlt0ggqh50f5","time":1609413188,"event":{"mods":["BaseMod","Colored Map","Colored Powertips","Minty Spire (QoL Compilation)","Relic Stats","ojb\u0027s Info Mod"],"gold_per_floor":[118,43,61,74,92,127,127,158,238,269,269,312,328,328,328,451,451,475,491,505,505,92,125,125,165,165,165,165,14,35,78,78,197,197,221,554,569,569,584,613,613,513,513,152,181,181,181,196,196,196,196,196,49,82,82],"floor_reached":56,"playtime":5443,"items_purged":["Decay","Strike_G","Strike_G"],"score":1929,"play_id":"dd4e03b4-59c7-42f4-ac11-97ba91b7832a","local_time":"20201231121308","is_ascension_mode":true,"campfire_choices":[{"data":"Phantasmal Killer","floor":7.0,"key":"SMITH"},{"data":"Neutralize","floor":15.0,"key":"SMITH"},{"data":"Terror","floor":24,"key":"SMITH"},{"data":"Malaise","floor":27,"key":"SMITH"},{"data":"1","floor":32,"key":"LIFT"},{"data":"2","floor":41,"key":"LIFT"},{"data":"Phantasmal Killer","floor":46,"key":"SMITH"},{"floor":49,"key":"RECALL"},{"data":"3","floor":52,"key":"LIFT"}],"circlet_count":0,"master_deck":["Strike_G","Strike_G","Defend_G","Defend_G","Defend_G","Defend_G","Survivor","Neutralize+1","Phantasmal Killer+1","Dagger Spray","Quick Slash","Slice","Expertise","Footwork","Tools of the Trade","Malaise+1","PiercingWail+1","Deflect","Terror+1","Dodge and Roll","Footwork","RitualDagger","Leg Sweep","Backflip","Phantasmal Killer+1","Deflect+1","Blade Dance+1","Outmaneuver+1","Discovery","Tactician","Tactician+1"],"relics":["Ring of the Snake","Kunai","Gambling Chip","Paper Crane","Lantern","Singing Bowl","Meat on the Bone","WristBlade","Calipers","Blood Vial","FossilizedHelix","OrangePellets","Girya","Runic Pyramid","PreservedInsect","Du-Vu Doll","Chemical X","Bag of Preparation","Nunchaku","Toy Ornithopter"],"acts_visited":["Exordium","TheCity","TheBeyond","TheEnding"],"potions_floor_usage":[23,23,25,40,54,55,55],"damage_taken":[{"damage":1.0,"enemies":"Small Slimes","floor":1.0,"turns":2.0},{"damage":0.0,"enemies":"Jaw Worm","floor":3.0,"turns":2.0},{"damage":0.0,"enemies":"Cultist","floor":4.0,"turns":2.0},{"damage":8.0,"enemies":"Large Slime","floor":5.0,"turns":4.0},{"damage":7.0,"enemies":"Lagavulin","floor":6.0,"turns":7.0},{"damage":10.0,"enemies":"Gremlin Nob","floor":8.0,"turns":4.0},{"damage":9.0,"enemies":"3 Sentries","floor":10.0,"turns":5.0},{"damage":2.0,"enemies":"Gremlin Nob","floor":12.0,"turns":4.0},{"damage":0.0,"enemies":"2 Fungi Beasts","floor":13.0,"turns":3.0},{"damage":0.0,"enemies":"The Guardian","floor":16.0,"turns":14.0},{"damage":0.0,"enemies":"Chosen","floor":18.0,"turns":4.0},{"damage":3,"enemies":"2 Thieves","floor":19,"turns":3},{"damage":0,"enemies":"Centurion and Healer","floor":20,"turns":7},{"damage":31,"enemies":"Slavers","floor":23,"turns":13},{"damage":12,"enemies":"Book of Stabbing","floor":25,"turns":10},{"damage":0,"enemies":"Snake Plant","floor":30,"turns":2},{"damage":22,"enemies":"Gremlin Leader","floor":31,"turns":9},{"damage":31,"enemies":"Collector","floor":33,"turns":15},{"damage":2,"enemies":"3 Darklings","floor":35,"turns":7},{"damage":0,"enemies":"Orb Walker","floor":37,"turns":4},{"damage":0,"enemies":"Spire Growth","floor":39,"turns":2},{"damage":5,"enemies":"Reptomancer","floor":40,"turns":4},{"damage":0,"enemies":"Nemesis","floor":45,"turns":5},{"damage":0,"enemies":"Maw","floor":48,"turns":4},{"damage":0,"enemies":"Awakened One","floor":50,"turns":13},{"damage":0,"enemies":"Shield and Spear","floor":54,"turns":7},{"damage":26,"enemies":"The Heart","floor":55,"turns":10}],"seed_played":"-8188419585440247928","potions_obtained":[{"floor":4.0,"key":"Fire Potion"},{"floor":5.0,"key":"SmokeBomb"},{"floor":6.0,"key":"Energy Potion"},{"floor":8.0,"key":"DuplicationPotion"},{"floor":12.0,"key":"DuplicationPotion"},{"floor":18.0,"key":"PowerPotion"},{"floor":20,"key":"Poison Potion"},{"floor":23,"key":"Strength Potion"},{"floor":35,"key":"AttackPotion"},{"floor":39,"key":"LiquidBronze"},{"floor":40,"key":"EssenceOfSteel"},{"floor":48,"key":"Energy Potion"}],"is_trial":false,"path_per_floor":["M","$","M","M","M","E","R","E","T","E","?","E","M","?","R","B",null,"M","M","M","?","$","E","R","E","T","R","?","$","M","E","R","B",null,"M","?","M","?","M","E","R","$","T","$","E","R","?","M","R","B",null,"R","$","E","B",null],"character_chosen":"THE_SILENT","items_purchased":["Calipers","Dodge and Roll","Footwork","OrangePellets","Discovery","Chemical X","Nunchaku"],"campfire_rested":0,"item_purchase_floors":[22,22,22,29,44,44,53],"current_hp_per_floor":[62,62,62,62,54,47,47,37,37,28,28,28,30,30,30,42,62,62,61,61,61,61,44,44,48,48,48,42,42,44,36,36,19,61,61,61,63,63,65,64,64,64,64,64,68,68,68,70,70,72,77,77,77,79,53],"gold":82,"neow_bonus":"TRANSFORM_TWO_CARDS","is_daily":false,"chose_seed":false,"campfire_upgraded":5,"win_rate":0.0,"timestamp":1609413188,"path_taken":["M","$","M","M","M","E","R","E","T","E","?","E","M","?","R","BOSS","M","?","M","?","$","E","R","E","T","R","?","$","M","E","R","BOSS","M","?","M","?","?","E","R","$","T","$","E","R","?","?","R","BOSS","R","$","E","BOSS"],"items_purchased_type":["Relic","Card","Card","Relic","Card","Relic","Relic"],"build_version":"2020-12-22","purchased_purges":3,"victory":true,"max_hp_per_floor":[70,70,70,70,70,70,70,70,70,70,65,67,69,69,69,69,69,69,71,71,71,71,73,73,75,75,75,75,75,75,75,75,75,75,75,75,75,75,75,77,77,77,77,77,79,79,79,79,79,79,79,79,79,79,79],"relic_stats":{"Singing Bowl":14,"counters":[27,166],"PreservedInsect":127,"Bag of Preparation":[8],"Blood Vial":24,"OrangePellets":[9],"Nunchaku":[4],"Gambling Chip":[61],"Kunai":[56],"Chemical X":[9],"obtain_stats":[{"Girya":31,"Lantern":10,"Calipers":22,"Singing Bowl":12,"Golden Idol":11,"PreservedInsect":40,"Bag of Preparation":45,"Paper Crane":9,"Blood Vial":23,"Du-Vu Doll":43,"OrangePellets":29,"Nunchaku":53,"WristBlade":17,"Gambling Chip":8,"Kunai":6,"Chemical X":44,"FossilizedHelix":25,"Toy Ornithopter":54,"Ring of the Snake":0,"Meat on the Bone":14,"Runic Pyramid":34},{"Girya":17,"Lantern":7,"Calipers":13,"Singing Bowl":8,"Golden Idol":7,"PreservedInsect":22,"Bag of Preparation":23,"Paper Crane":6,"Blood Vial":14,"Du-Vu Doll":22,"OrangePellets":15,"Nunchaku":25,"WristBlade":10,"Gambling Chip":6,"Kunai":5,"Chemical X":22,"FossilizedHelix":15,"Toy Ornithopter":26,"Ring of the Snake":0,"Meat on the Bone":9,"Runic Pyramid":18},{"Girya":95,"Lantern":26,"Calipers":61,"Singing Bowl":30,"Golden Idol":26,"PreservedInsect":127,"Bag of Preparation":132,"Paper Crane":21,"Blood Vial":74,"Du-Vu Doll":127,"OrangePellets":84,"Nunchaku":149,"WristBlade":47,"Gambling Chip":21,"Kunai":17,"Chemical X":127,"FossilizedHelix":84,"Toy Ornithopter":156,"Ring of the Snake":0,"Meat on the Bone":33,"Runic Pyramid":110}],"Toy Ornithopter":0,"Ring of the Snake":[54],"Meat on the Bone":60},"card_choices":[{"not_picked":["Finisher","Underhanded Strike"],"picked":"Dagger Spray","floor":1.0},{"not_picked":["Choke","Bouncing Flask"],"picked":"Quick Slash","floor":3.0},{"not_picked":["Riddle With Holes","Poisoned Stab"],"picked":"Slice","floor":4.0},{"not_picked":["Cloak And Dagger","Bouncing Flask"],"picked":"Expertise","floor":5.0},{"not_picked":["Bouncing Flask","Flying Knee"],"picked":"Footwork","floor":6.0},{"not_picked":["Well Laid Plans","Deadly Poison"],"picked":"Tools of the Trade","floor":8.0},{"not_picked":["Concentrate","Sucker Punch","Quick Slash"],"picked":"SKIP","floor":10.0},{"not_picked":["Dagger Spray","Eviscerate","Accuracy"],"picked":"Singing Bowl","floor":12.0},{"not_picked":["Deflect","Calculated Gamble","Deadly Poison"],"picked":"Singing Bowl","floor":13.0},{"not_picked":["Phantasmal Killer","Unload"],"picked":"Malaise","floor":16.0},{"not_picked":["Dagger Throw","Outmaneuver"],"picked":"PiercingWail+1","floor":18.0},{"not_picked":["Quick Slash","Bane","Poisoned Stab"],"picked":"Singing Bowl","floor":19},{"not_picked":["Sucker Punch+1","Dagger Throw"],"picked":"Deflect","floor":20},{"not_picked":["Setup+1","PiercingWail","Flying Knee"],"picked":"Singing Bowl","floor":23},{"not_picked":["Deadly Poison+1","Distraction","Prepared"],"picked":"Singing Bowl","floor":25},{"not_picked":["Catalyst+1","Outmaneuver"],"picked":"Leg Sweep","floor":30},{"not_picked":["Night Terror","A Thousand Cuts"],"picked":"Backflip","floor":31},{"not_picked":["Malaise","Corpse Explosion"],"picked":"Phantasmal Killer","floor":33},{"not_picked":["Eviscerate+1","Dagger Spray"],"picked":"Deflect+1","floor":35},{"not_picked":["Bane","Flying Knee"],"picked":"Blade Dance+1","floor":37},{"not_picked":["Slice+1","Backflip+1"],"picked":"Outmaneuver+1","floor":39},{"not_picked":["Well Laid Plans","Die Die Die","Tools of the Trade"],"picked":"Singing Bowl","floor":40},{"not_picked":["Quick Slash+1","Prepared","All Out Attack"],"picked":"Singing Bowl","floor":45},{"not_picked":["Acrobatics","Slice+1"],"picked":"Tactician","floor":48},{"not_picked":["Skewer+1","Underhanded Strike+1"],"picked":"Tactician+1","floor":54}],"player_experience":299838,"relics_obtained":[{"floor":6.0,"key":"Kunai"},{"floor":8.0,"key":"Gambling Chip"},{"floor":9.0,"key":"Paper Crane"},{"floor":10.0,"key":"Lantern"},{"floor":12.0,"key":"Singing Bowl"},{"floor":23,"key":"Blood Vial"},{"floor":25,"key":"FossilizedHelix"},{"floor":31,"key":"Girya"},{"floor":40,"key":"PreservedInsect"},{"floor":43,"key":"Du-Vu Doll"},{"floor":45,"key":"Bag of Preparation"},{"floor":54,"key":"Toy Ornithopter"}],"event_choices":[{"damage_healed":0.0,"max_hp_gain":0.0,"max_hp_loss":5.0,"gold_gain":0.0,"event_name":"Golden Idol","player_choice":"Lose Max HP","floor":11.0,"gold_loss":0.0,"damage_taken":0.0,"relics_obtained":["Golden Idol"]},{"cards_removed":["Flechettes"],"damage_healed":0.0,"max_hp_gain":0.0,"max_hp_loss":0.0,"gold_gain":0.0,"event_name":"WeMeetAgain","player_choice":"Gave Card","floor":14.0,"gold_loss":0.0,"damage_taken":0.0,"relics_obtained":["Meat on the Bone"]},{"damage_healed":0,"gold_gain":0,"player_choice":"Read","damage_taken":0,"max_hp_gain":0,"max_hp_loss":0,"event_name":"The Library","floor":21,"gold_loss":0,"cards_obtained":["Terror"]},{"damage_healed":0,"gold_gain":0,"player_choice":"Joined the Cult","damage_taken":6,"max_hp_gain":0,"max_hp_loss":0,"event_name":"Nest","floor":28,"gold_loss":0,"cards_obtained":["RitualDagger"]},{"damage_healed":0,"gold_gain":333,"player_choice":"Gave Idol","damage_taken":0,"max_hp_gain":0,"max_hp_loss":0,"event_name":"The Moai Head","floor":36,"relics_lost":["Golden Idol"],"gold_loss":0},{"damage_healed":0,"gold_gain":0,"player_choice":"Ignored","damage_taken":0,"max_hp_gain":0,"max_hp_loss":0,"event_name":"Tomb of Lord Red Mask","floor":38,"gold_loss":0},{"damage_healed":0,"gold_gain":0,"player_choice":"Ignored","damage_taken":0,"max_hp_gain":0,"max_hp_loss":0,"event_name":"SecretPortal","floor":47,"gold_loss":0}],"is_beta":false,"boss_relics":[{"not_picked":["Empty Cage","Velvet Choker"],"picked":"WristBlade"},{"not_picked":["SacredBark","Cursed Key"],"picked":"Runic Pyramid"}],"items_purged_floors":[2,42,44],"is_endless":false,"potions_floor_spawned":[4,5,6,8,12,18,20,23,35,39,40,48],"ascension_level":9}}