{"host":"raai0vtvcfkt8csp","time":1609433146,"event":{"mods":["2.2 Compatiblity","AchievementEnabler","BaseMod","Block Reminder","DeckTracker","Defective Defect","GifTheSpireLib","Minty Spire (QoL Compilation)","Quick Restart","Random Character Button","Rare Cards Sparkle","StSLib","Unceasing Turn Reminder"],"gold_per_floor":[114,124,124,140,105,139,139,139,139,173,192,212,212,239,239,344,344,356,372,382,382,382,382,408,419,493,510,510,536,536,570,570,671,671,689,348,400,426,22,49,49,84,84,84,101,101,128,140,140,140,140,140,18,49,49,49],"floor_reached":55,"playtime":3803,"items_purged":[],"score":1259,"play_id":"870ffda9-7b98-44c4-8533-0aea65f4732b","local_time":"20201231174546","is_ascension_mode":true,"campfire_choices":[{"data":"Vengeance","floor":7,"key":"SMITH"},{"data":"SpiritShield","floor":15,"key":"SMITH"},{"floor":23,"key":"RECALL"},{"data":"Judgement","floor":28,"key":"SMITH"},{"data":"DevaForm","floor":30,"key":"SMITH"},{"data":"TalkToTheHand","floor":32,"key":"SMITH"},{"data":"WreathOfFlame","floor":41,"key":"SMITH"},{"data":"TalkToTheHand","floor":44,"key":"SMITH"},{"data":"MasterReality","floor":46,"key":"SMITH"},{"data":"Wish","floor":49,"key":"SMITH"},{"data":"TalkToTheHand","floor":52,"key":"SMITH"}],"circlet_count":0,"master_deck":["Defend_P","Defend_P","Defend_P","Defend_P","Eruption","Vigilance","WreathOfFlame+1","Vengeance+1","Tantrum","FlyingSleeves+1","SpiritShield+1","Consecrate","FlyingSleeves","Parasite","TalkToTheHand+1","DevaForm+1","FlurryOfBlows","Perseverance","DeceiveReality+1","Ghostly","Ghostly","Ghostly","Ghostly","Ghostly","Bite","Bite+1","Bite","Bite","Bite","Judgement+1","Evaluate+1","TalkToTheHand+1","LikeWater","Wish+1","CurseOfTheBell","Study","TalkToTheHand+1","DeusExMachina","TalkToTheHand+1","MasterReality+1","Parasite","MentalFortress+1","InnerPeace+1"],"relics":["PureWater","FossilizedHelix","TeardropLocket","PreservedInsect","Art of War","SlaversCollar","Juzu Bracelet","Yang","Bottled Lightning","Ancient Tea Set","Calling Bell","Happy Flower","The Courier","Gambling Chip","Membership Card","Strawberry","Boot","InkBottle","Prayer Wheel","Whetstone","Potion Belt","Toy Ornithopter","TheAbacus","Ice Cream","Mercury Hourglass","MealTicket","Centennial Puzzle","White Beast Statue","Damaru","Lizard Tail","Thread and Needle"],"acts_visited":["Exordium","TheCity","TheBeyond","TheEnding"],"potions_floor_usage":[18,20,20,25,27,31,37,37,42,47,50,55,55,55,55],"damage_taken":[{"damage":0,"enemies":"2 Louse","floor":1,"turns":3},{"damage":0,"enemies":"Cultist","floor":2,"turns":2},{"damage":0,"enemies":"Jaw Worm","floor":4,"turns":2},{"damage":19,"enemies":"Lagavulin","floor":6,"turns":8},{"damage":0,"enemies":"3 Sentries","floor":10,"turns":5},{"damage":0,"enemies":"Blue Slaver","floor":11,"turns":4},{"damage":0,"enemies":"Large Slime","floor":12,"turns":4},{"damage":0,"enemies":"Lagavulin","floor":14,"turns":4},{"damage":16,"enemies":"The Guardian","floor":16,"turns":12},{"damage":6,"enemies":"Shell Parasite","floor":18,"turns":3},{"damage":18,"enemies":"3 Byrds","floor":19,"turns":4},{"damage":24,"enemies":"3 Cultists","floor":20,"turns":6},{"damage":0,"enemies":"Gremlin Leader","floor":24,"turns":7},{"damage":11,"enemies":"Snake Plant","floor":25,"turns":8},{"damage":2,"enemies":"Chosen and Byrds","floor":27,"turns":9},{"damage":0,"enemies":"Slavers","floor":29,"turns":4},{"damage":0,"enemies":"Book of Stabbing","floor":31,"turns":4},{"damage":7,"enemies":"Automaton","floor":33,"turns":13},{"damage":0,"enemies":"3 Darklings","floor":35,"turns":7},{"damage":0,"enemies":"2 Orb Walkers","floor":37,"turns":8},{"damage":0,"enemies":"Reptomancer","floor":40,"turns":5},{"damage":0,"enemies":"Nemesis","floor":42,"turns":7},{"damage":0,"enemies":"3 Shapes","floor":45,"turns":4},{"damage":0,"enemies":"Giant Head","floor":47,"turns":7},{"damage":0,"enemies":"Writhing Mass","floor":48,"turns":9},{"damage":0,"enemies":"Time Eater","floor":50,"turns":14},{"damage":0,"enemies":"Shield and Spear","floor":54,"turns":7},{"damage":99,"enemies":"The Heart","floor":55,"turns":11}],"seed_played":"-8637585144082853036","potions_obtained":[{"floor":4,"key":"SteroidPotion"},{"floor":10,"key":"Weak Potion"},{"floor":11,"key":"SpeedPotion"},{"floor":12,"key":"AttackPotion"},{"floor":18,"key":"Explosive Potion"},{"floor":20,"key":"AttackPotion"},{"floor":27,"key":"StancePotion"},{"floor":29,"key":"LiquidMemories"},{"floor":33,"key":"Fire Potion"},{"floor":37,"key":"BlessingOfTheForge"},{"floor":40,"key":"Energy Potion"},{"floor":42,"key":"DistilledChaos"},{"floor":45,"key":"LiquidBronze"},{"floor":47,"key":"SteroidPotion"},{"floor":48,"key":"ColorlessPotion"},{"floor":54,"key":"Weak Potion"}],"is_trial":false,"path_per_floor":["M","M","?","M","?","E","R","?","T","E","M","M","?","E","R","B",null,"M","M","M","?","?","R","E","M","T","M","R","E","R","E","R","B",null,"M","$","?","T","$","E","R","E","T","R","M","R","E","M","R","B",null,"R","$","E","B"],"character_chosen":"WATCHER","items_purchased":["Membership Card","Strawberry","Boot","InkBottle","Potion Belt","Toy Ornithopter","TheAbacus","Ice Cream","Mercury Hourglass","Lizard Tail"],"campfire_rested":0,"item_purchase_floors":[36,36,36,36,39,39,39,39,39,53],"current_hp_per_floor":[79,79,67,67,79,60,60,60,60,60,60,60,79,79,79,63,79,73,55,31,31,27,27,27,26,26,27,27,27,27,27,27,26,27,27,34,34,34,34,34,34,34,34,34,34,34,34,34,34,34,34,34,34,34,0,0],"gold":49,"neow_bonus":"TEN_PERCENT_HP_BONUS","is_daily":false,"chose_seed":false,"campfire_upgraded":10,"win_rate":0.0,"timestamp":1609433146,"path_taken":["M","M","?","M","?","E","R","?","T","E","M","?","?","E","R","BOSS","M","M","M","?","?","R","E","M","T","M","R","E","R","E","R","BOSS","M","$","?","?","$","E","R","E","T","R","M","R","E","M","R","BOSS","R","$","E","BOSS"],"items_purchased_type":["Relic","Relic","Relic","Relic","Relic","Relic","Relic","Relic","Relic","Relic"],"build_version":"2020-12-22","purchased_purges":0,"victory":false,"max_hp_per_floor":[79,79,79,79,79,79,79,79,79,79,79,79,79,79,79,79,79,79,79,79,39,27,27,27,27,27,27,27,27,27,27,27,27,27,27,34,34,34,34,34,34,34,34,34,34,34,34,34,34,34,34,34,34,34,34,34],"card_choices":[{"not_picked":["FlurryOfBlows","Evaluate"],"picked":"WreathOfFlame","floor":1},{"not_picked":["Collect","ForeignInfluence"],"picked":"Vengeance","floor":2},{"not_picked":["ClearTheMind","EmptyBody"],"picked":"Tantrum","floor":4},{"not_picked":["Crescendo","EmptyFist"],"picked":"FlyingSleeves","floor":6},{"not_picked":["Wallop","ClearTheMind"],"picked":"SpiritShield","floor":10},{"not_picked":["FlurryOfBlows","InnerPeace"],"picked":"Consecrate","floor":11},{"not_picked":["EmptyFist","Vengeance"],"picked":"FlyingSleeves","floor":12},{"not_picked":["Tantrum","CrushJoints"],"picked":"TalkToTheHand","floor":14},{"not_picked":["Wish","ConjureBlade"],"picked":"DevaForm","floor":16},{"not_picked":["EmptyFist","WreathOfFlame"],"picked":"FlurryOfBlows","floor":18},{"not_picked":["CutThroughFate","FlurryOfBlows+1"],"picked":"Perseverance","floor":19},{"not_picked":["EmptyBody+1","CrushJoints"],"picked":"DeceiveReality+1","floor":20},{"not_picked":["CarveReality","ThirdEye"],"picked":"Judgement","floor":24},{"not_picked":["CrushJoints","ForeignInfluence"],"picked":"Evaluate+1","floor":25},{"not_picked":["Prostrate","BowlingBash","Collect"],"picked":"SKIP","floor":27},{"not_picked":["Protect","JustLucky"],"picked":"TalkToTheHand+1","floor":29},{"not_picked":["Consecrate","CrushJoints"],"picked":"LikeWater","floor":31},{"not_picked":["SpiritShield","LessonLearned"],"picked":"Wish","floor":33},{"not_picked":["Consecrate+1","ClearTheMind+1"],"picked":"Study","floor":35},{"not_picked":["CutThroughFate","LikeWater+1"],"picked":"TalkToTheHand","floor":37},{"not_picked":["ForeignInfluence+1","EmptyFist"],"picked":"DeusExMachina","floor":40},{"not_picked":["PathToVictory+1","EmptyFist+1"],"picked":"TalkToTheHand","floor":42},{"not_picked":["Halt","ThirdEye+1"],"picked":"MasterReality","floor":45},{"not_picked":["FollowUp+1","Consecrate","PathToVictory+1"],"picked":"SKIP","floor":45},{"not_picked":["SashWhip","Pray+1","CutThroughFate+1"],"picked":"SKIP","floor":47},{"not_picked":["Consecrate","FlurryOfBlows+1"],"picked":"MentalFortress+1","floor":48},{"not_picked":["Tantrum+1","CrushJoints","Protect"],"picked":"SKIP","floor":48},{"not_picked":["FearNoEvil+1","EmptyFist"],"picked":"InnerPeace+1","floor":54}],"player_experience":521291,"relics_obtained":[{"floor":6,"key":"TeardropLocket"},{"floor":10,"key":"PreservedInsect"},{"floor":14,"key":"Art of War"},{"floor":24,"key":"Juzu Bracelet"},{"floor":26,"key":"Yang"},{"floor":29,"key":"Bottled Lightning"},{"floor":31,"key":"Ancient Tea Set"},{"floor":34,"key":"Happy Flower"},{"floor":34,"key":"The Courier"},{"floor":34,"key":"Gambling Chip"},{"floor":37,"key":"Prayer Wheel"},{"floor":38,"key":"Whetstone"},{"floor":40,"key":"MealTicket"},{"floor":42,"key":"Centennial Puzzle"},{"floor":43,"key":"White Beast Statue"},{"floor":47,"key":"Damaru"},{"floor":54,"key":"Thread and Needle"}],"event_choices":[{"damage_healed":0,"gold_gain":0,"player_choice":"Success","damage_taken":12,"relics_obtained":["FossilizedHelix"],"max_hp_gain":0,"max_hp_loss":0,"event_name":"Scrap Ooze","floor":3,"gold_loss":0},{"damage_healed":19,"gold_gain":0,"player_choice":"Healed","damage_taken":0,"max_hp_gain":0,"max_hp_loss":0,"event_name":"The Cleric","floor":5,"gold_loss":35},{"cards_removed":["Strike_P"],"damage_healed":0,"gold_gain":0,"player_choice":"Offered Basic","damage_taken":0,"max_hp_gain":0,"max_hp_loss":0,"event_name":"Bonfire Elementals","floor":8,"gold_loss":0},{"damage_healed":19,"gold_gain":0,"player_choice":"Healed and dodged fight","damage_taken":0,"max_hp_gain":0,"max_hp_loss":0,"event_name":"Mushrooms","floor":13,"gold_loss":0,"cards_obtained":["Parasite"]},{"damage_healed":0,"gold_gain":0,"player_choice":"Became a Ghost","damage_taken":0,"max_hp_gain":0,"max_hp_loss":40,"event_name":"Ghosts","floor":21,"gold_loss":0,"cards_obtained":["Ghostly","Ghostly","Ghostly","Ghostly","Ghostly"]},{"damage_healed":0,"gold_gain":0,"player_choice":"Became a vampire","damage_taken":0,"max_hp_gain":0,"max_hp_loss":12,"event_name":"Vampires","floor":22,"gold_loss":0,"cards_obtained":["Bite","Bite","Bite","Bite","Bite"]},{"damage_healed":0,"gold_gain":0,"player_choice":"Fight","damage_taken":0,"max_hp_gain":0,"max_hp_loss":0,"event_name":"Mysterious Sphere","floor":37,"gold_loss":0}],"is_beta":false,"boss_relics":[{"not_picked":["VioletLotus","Velvet Choker"],"picked":"SlaversCollar"},{"not_picked":["Coffee Dripper","SacredBark"],"picked":"Calling Bell"}],"items_purged_floors":[],"is_endless":false,"potions_floor_spawned":[4,10,11,12,16,18,20,27,29,33,37,40,42,45,47,48,54],"killed_by":"The Heart","ascension_level":1}}