{"host":"idmgg8r816nmas40","time":1609443304,"event":{"mods":["AchievementEnabler","AlwaysNeverKeys","BaseMod","BetterRewards","Block Reminder","Colored Map","Colored Powertips","DeckTracker","Googly Eyes","Highlight Path","Hubris","Infinite Spire","Minty Spire (QoL Compilation)","Quick Restart","Relic Stats","Replay The Spire","Shop Mod","StSLib","SuperFastMode","Synergy Search","Transform Curses"],"gold_per_floor":[114,114,79,94,104,104,139,139,139,174,174,203,126,146,146,220,220,237,237,63,82,82,82,99,127,127,10,26,26,36,52,52,124,124,139,139,157,157,157,157,182,182,236,271,271,140,140,173,173,173,173,173,173,7,37,37],"floor_reached":57,"playtime":3691,"items_purged":["Echo Form+1","Shame"],"score":3798,"play_id":"bf9ac711-4d4c-46d0-9d35-a31ec727a417","local_time":"20201231123504","is_ascension_mode":true,"campfire_choices":[{"data":"Dualcast","floor":6.0,"key":"SMITH"},{"floor":8.0,"key":"REST"},{"floor":15.0,"key":"REST"},{"data":"ReplayTheSpireMod:Brewmster","floor":23.0,"key":"SMITH"},{"floor":32,"key":"REST"},{"floor":40,"key":"REST"},{"floor":42,"key":"REST"},{"floor":45,"key":"REST"},{"floor":49,"key":"REST"},{"floor":53,"key":"REST"}],"circlet_count":1,"master_deck":["AscendersBane","Echo Form+1","Strike_B","Strike_B","Strike_B","Strike_B+1","Defend_B+1","Defend_B","Defend_B","Defend_B","Zap","Dualcast+1","Conserve Battery","Sweeping Beam","Cold Snap","Gash","Machine Learning","Auto Shields","Defragment+1","Turbo+1","Metamorphosis+1","Scrape+1","Cold Snap","All For One+1","CurseOfTheBell","Creative AI+1","Rebound+1","Glacier+1","Cold Snap+1","Heatsinks+1","Aggregate","FIFO Queue","Chill","Cold Snap","Sweeping Beam","Consume","FIFO Queue+1","Gash+1","Gash","Glacier","Gash","Conserve Battery","ReplayRNGCard+1","Lockon","Echo Form+1","Compile Driver+1","Doom and Gloom","Defragment","Go for the Eyes","Gash","Mirror Shield+1","Melter","Crystallizer+1","Doom and Gloom+1","Barrage","Echo Form+1","Storm+1"],"relics":["Cracked Core","Counterbalance","infinitespire:Joker Card","Replay:Ringing Soul","hubris:MysteriousPyramids","infinitespire:BottledMercury","DataDisk","infinitespire:Eraser","Garlic","Golden Egg","BargainBundle","ReplayTheSpireMod:Ninjato","Prayer Wheel","Calling Bell","Simple Rune","Mummified Hand","Prayer Wheel","Ice Cream","Circlet","infinitespire:Golems Mask","Darkstone Periapt","Replay:Grab Bag","Sozu","Fusion Hammer","Snecko Eye","Black Star","ReplayFunnel","White Beast Statue","hubris:ToyBattleship","infinitespire:Lucky Rock","infinitespire:ShieldingShard","Nunchaku","Anchor","Akabeko","DollysMirror","Replay:Antivirus Software","Ginger"],"acts_visited":["Exordium","TheCity","TheBeyond","TheEnding"],"potions_floor_usage":[31,31],"damage_taken":[{"damage":6.0,"enemies":"Cultist","floor":1.0,"turns":4.0},{"damage":2.0,"enemies":"Small Slimes","floor":4.0,"turns":4.0},{"damage":17.0,"enemies":"2 Louse","floor":5.0,"turns":3.0},{"damage":20.0,"enemies":"3 Sentries","floor":7.0,"turns":4.0},{"damage":41.0,"enemies":"Gremlin Nob","floor":10.0,"turns":5.0},{"damage":7.0,"enemies":"3 Sentries","floor":12.0,"turns":5.0},{"damage":3.0,"enemies":"2 Fungi Beasts","floor":14.0,"turns":4.0},{"damage":37.0,"enemies":"The Guardian","floor":16.0,"turns":10.0},{"damage":12.0,"enemies":"3 Byrds","floor":18.0,"turns":4.0},{"damage":3.0,"enemies":"Spheric Guardian","floor":21.0,"turns":5.0},{"damage":2.0,"enemies":"Snake Plant","floor":24.0,"turns":4.0},{"damage":26,"enemies":"Gremlin Leader","floor":25,"turns":7},{"damage":6,"enemies":"Snecko","floor":28,"turns":4},{"damage":0,"enemies":"3 Cultists","floor":30,"turns":4},{"damage":15,"enemies":"Centurion and Healer","floor":31,"turns":6},{"damage":27,"enemies":"hubris:MusketHawk","floor":33,"turns":6},{"damage":6,"enemies":"3 Darklings","floor":35,"turns":4},{"damage":0,"enemies":"Orb Walker","floor":37,"turns":4},{"damage":5,"enemies":"infinitespire:Three Voidlings","floor":38,"turns":3},{"damage":0,"enemies":"R_Hoarder","floor":41,"turns":4},{"damage":20,"enemies":"Nightmare","floor":44,"turns":7},{"damage":0,"enemies":"R_Hoarder","floor":48,"turns":6},{"damage":0,"enemies":"Time Eater","floor":50,"turns":7},{"damage":144,"enemies":"infinitespire:MassOfShapes","floor":51,"turns":9},{"damage":0,"enemies":"Shield and Spear","floor":55,"turns":5},{"damage":49,"enemies":"The Heart","floor":56,"turns":7}],"seed_played":"1894014897275502857","potions_obtained":[{"floor":1.0,"key":"SteroidPotion"},{"floor":4.0,"key":"SpeedPotion"},{"floor":10.0,"key":"FocusPotion"},{"floor":28,"key":"FocusPotion"}],"is_trial":false,"path_per_floor":["M","?","?","M","M","R","E","R","T","E","?","E","$","M","R","B",null,"M","?","$","M","?","R","M","E","T","$","M","$","M","M","R","B",null,"M","?","M","?","T","R","E","R","T","NM","R","$","?","E","R","B","B",null,"R","$","E","B",null],"character_chosen":"DEFECT","items_purchased":["Counterbalance","ReplayTheSpireMod:Brewmster","infinitespire:Joker Card","Replay:Ringing Soul","BargainBundle","Defragment","Turbo+1","Metamorphosis","ReplayTheSpireMod:Fabricate Wheel","ReplayTheSpireMod:Ninjato","Scrape","LiquidMemories","Strength Potion","Heatsinks","FIFO Queue+1","Gash","Crystallizer","Doom and Gloom","DollysMirror"],"campfire_rested":8,"item_purchase_floors":[0,0,0,0,13,13,13,13,13,13,13,13,13,20,27,27,46,46,54],"current_hp_per_floor":[64,64,77,78,64,64,47,72,72,31,31,27,30,30,58,24,83,74,77,80,80,80,80,93,70,70,73,70,70,73,61,100,76,120,117,120,123,123,123,143,146,146,146,129,149,152,162,165,165,165,21,129,165,168,171,122],"gold":37,"neow_bonus":"","is_daily":false,"chose_seed":false,"campfire_upgraded":2,"win_rate":0.0,"timestamp":1609443304,"path_taken":["M","?","?","M","M","R","E","R","T","E","?","E","$","M","R","BOSS","M","?","$","M","?","R","M","E","T","?","?","$","M","M","R","BOSS","M","?","M","?","?","R","E","R","T","NM","R","$","?","E","R","BOSS","BOSS","R","$","E","BOSS"],"items_purchased_type":["Relic","Card","Relic","Relic","Relic","Card","Card","Card","Card","Relic","Card","Potion","Potion","Card","Card","Card","Card","Card","Relic"],"build_version":"2020-12-22","purchased_purges":2,"victory":true,"max_hp_per_floor":[77,77,77,80,83,83,86,86,86,86,86,89,92,95,95,98,101,104,107,110,113,113,113,116,119,119,122,125,125,128,131,131,134,134,137,140,143,143,143,143,146,146,146,149,149,152,162,165,165,165,165,165,165,168,171,171],"relic_stats":{"Darkstone Periapt":0,"Sozu":13,"Nunchaku":[14],"counters":[112,503],"Mummified Hand":[362],"Snecko Eye":[189,175,148,189],"Prayer Wheel":8,"Black Star":4,"Ginger":[2],"obtain_stats":[{"Golden Egg":23,"hubris:BallOfYels":0,"infinitespire:BottledMercury":2,"Spirit Poop":48,"Ginger":31,"hubris:MysteriousPyramids":0,"Boot":13,"FrozenCore":17,"Blood Vial":29,"Replay:Ringing Soul":0,"infinitespire:ShieldingShard":44,"hubris:DeckOfHolding":3,"MealTicket":9,"infinitespire:Golems Mask":25,"Fusion Hammer":34,"HandDrill":53,"Replay:Wax Seal":31,"hubris:TinFlute":27,"Pear":43,"Counterbalance":0,"Akabeko":48,"infinitespire:Lychee Nut":0,"infinitespire:Broken Mirror":53,"Snecko Eye":34,"StrikeDummy":54,"Regal Pillow":43,"Bag of Preparation":12,"Replay:Rubber Ducky":23,"BranchBurnRelic":23,"hubris:Backtick":34,"Matryoshka":26,"Shovel":41,"hubris:FunFungus":0,"Replay:Lucky Slots":0,"infinitespire:Eraser":9,"hubris:GlazedTorus":0,"Circlet":0,"Thread and Needle":0,"PreservedInsect":0,"infinitespire:Joker Card":0,"Geode":26,"Omamori":20,"infinitespire:Lucky Rock":43,"Busted Crown":17,"hubris:Spice":0,"Ornamental Fan":40,"Orrery":36,"Art of War":46,"Garlic":10,"Bottled Lightning":54,"Toy Ornithopter":38,"infinitespire:Freezer":11,"Ice Cream":19,"Gremlin Horn":0,"Sozu":34,"Centennial Puzzle":46,"Lizard Tail":0,"infinitespire:SolderingIron":28,"DollysMirror":0,"Strawberry":0,"Honey Jar":36,"Philosopher\u0027s Stone":34,"Prayer Wheel":16,"Iron Hammer":9,"Happy Flower":6,"hubris:SoftwareUpdate":24,"Dead Branch":17,"Replay:Grab Bag":34,"Oddly Smooth Stone":7,"WarpedTongs":37,"hubris:PeanutButter":9,"Simple Rune":10,"Black Star":17,"hubris:ToyBattleship":41,"Darkstone Periapt":26,"ReplayFunnel":39,"ReplayTheSpireMod:Ring of Exchange":2,"ClockworkSouvenir":0,"Emotion Chip":26,"Nunchaku":44,"Chameleon Ring":0,"hubris:Icosahedron":29,"Mummified Hand":29,"Pantograph":41,"Replay:Bottled Snecko":7,"Replay:Antivirus Software":55,"Cracked Core":0,"BargainBundle":13,"ReplayTheSpireMod:Ninjato":13,"Guide Book":53,"infinitespire:FocusingShard":43,"White Beast Statue":6,"Peace Pipe":0,"Calling Bell":17,"Anchor":41,"DataDisk":12,"infinitespire:WardingShard":25,"Membership Card":34},{"Golden Egg":17,"hubris:BallOfYels":33,"infinitespire:BottledMercury":87,"Spirit Poop":30,"Ginger":22,"hubris:MysteriousPyramids":86,"Boot":70,"FrozenCore":72,"Blood Vial":20,"Replay:Ringing Soul":86,"infinitespire:ShieldingShard":107,"hubris:DeckOfHolding":1,"MealTicket":39,"infinitespire:Golems Mask":98,"Fusion Hammer":102,"HandDrill":31,"Replay:Wax Seal":22,"hubris:TinFlute":76,"Pear":55,"Counterbalance":86,"Akabeko":108,"infinitespire:Lychee Nut":33,"infinitespire:Broken Mirror":60,"Snecko Eye":102,"StrikeDummy":32,"Regal Pillow":27,"Bag of Preparation":10,"Replay:Rubber Ducky":17,"BranchBurnRelic":96,"hubris:Backtick":51,"Matryoshka":75,"Shovel":82,"hubris:FunFungus":33,"Replay:Lucky Slots":62,"infinitespire:Eraser":90,"hubris:GlazedTorus":6,"Circlet":0,"Thread and Needle":62,"PreservedInsect":33,"infinitespire:Joker Card":86,"Geode":18,"Omamori":73,"infinitespire:Lucky Rock":82,"Busted Crown":43,"hubris:Spice":33,"Ornamental Fan":55,"Orrery":80,"Art of War":58,"Garlic":91,"Bottled Lightning":32,"Toy Ornithopter":53,"infinitespire:Freezer":10,"Ice Cream":95,"Gremlin Horn":0,"Sozu":102,"Centennial Puzzle":29,"Lizard Tail":33,"infinitespire:SolderingIron":76,"DollysMirror":6,"Strawberry":62,"Honey Jar":80,"Philosopher\u0027s Stone":23,"Prayer Wheel":43,"Iron Hammer":9,"Happy Flower":38,"hubris:SoftwareUpdate":75,"Dead Branch":94,"Replay:Grab Bag":102,"Oddly Smooth Stone":9,"WarpedTongs":24,"hubris:PeanutButter":3,"Simple Rune":10,"Black Star":13,"hubris:ToyBattleship":106,"Darkstone Periapt":98,"ReplayFunnel":105,"ReplayTheSpireMod:Ring of Exchange":1,"ClockworkSouvenir":0,"Emotion Chip":49,"Nunchaku":107,"Chameleon Ring":6,"hubris:Icosahedron":50,"Mummified Hand":20,"Pantograph":27,"Replay:Bottled Snecko":3,"Replay:Antivirus Software":111,"Cracked Core":0,"BargainBundle":92,"ReplayTheSpireMod:Ninjato":92,"Guide Book":60,"infinitespire:FocusingShard":82,"White Beast Statue":67,"Peace Pipe":62,"Calling Bell":94,"Anchor":27,"DataDisk":41,"infinitespire:WardingShard":49,"Membership Card":51},{"Golden Egg":72,"hubris:BallOfYels":139,"infinitespire:BottledMercury":372,"Spirit Poop":125,"Ginger":93,"hubris:MysteriousPyramids":368,"Boot":301,"FrozenCore":310,"Blood Vial":85,"Replay:Ringing Soul":368,"infinitespire:ShieldingShard":469,"hubris:DeckOfHolding":3,"MealTicket":156,"infinitespire:Golems Mask":427,"Fusion Hammer":447,"HandDrill":129,"Replay:Wax Seal":93,"hubris:TinFlute":329,"Pear":241,"Counterbalance":368,"Akabeko":475,"infinitespire:Lychee Nut":139,"infinitespire:Broken Mirror":273,"Snecko Eye":447,"StrikeDummy":134,"Regal Pillow":116,"Bag of Preparation":42,"Replay:Rubber Ducky":72,"BranchBurnRelic":416,"hubris:Backtick":219,"Matryoshka":324,"Shovel":355,"hubris:FunFungus":139,"Replay:Lucky Slots":282,"infinitespire:Eraser":383,"hubris:GlazedTorus":24,"Circlet":0,"Thread and Needle":282,"PreservedInsect":139,"infinitespire:Joker Card":368,"Geode":78,"Omamori":314,"infinitespire:Lucky Rock":355,"Busted Crown":180,"hubris:Spice":139,"Ornamental Fan":241,"Orrery":346,"Art of War":257,"Garlic":388,"Bottled Lightning":134,"Toy Ornithopter":228,"infinitespire:Freezer":42,"Ice Cream":411,"Gremlin Horn":0,"Sozu":447,"Centennial Puzzle":124,"Lizard Tail":139,"infinitespire:SolderingIron":329,"DollysMirror":24,"Strawberry":282,"Honey Jar":346,"Philosopher\u0027s Stone":101,"Prayer Wheel":170,"Iron Hammer":35,"Happy Flower":154,"hubris:SoftwareUpdate":324,"Dead Branch":407,"Replay:Grab Bag":447,"Oddly Smooth Stone":35,"WarpedTongs":104,"hubris:PeanutButter":11,"Simple Rune":42,"Black Star":54,"hubris:ToyBattleship":462,"Darkstone Periapt":427,"ReplayFunnel":458,"ReplayTheSpireMod:Ring of Exchange":3,"ClockworkSouvenir":0,"Emotion Chip":208,"Nunchaku":469,"Chameleon Ring":24,"hubris:Icosahedron":212,"Mummified Hand":85,"Pantograph":116,"Replay:Bottled Snecko":11,"Replay:Antivirus Software":496,"Cracked Core":0,"BargainBundle":393,"ReplayTheSpireMod:Ninjato":393,"Guide Book":273,"infinitespire:FocusingShard":355,"White Beast Statue":294,"Peace Pipe":282,"Calling Bell":407,"Anchor":116,"DataDisk":163,"infinitespire:WardingShard":208,"Membership Card":219}]},"card_choices":[{"not_picked":["Conserve Battery","Compile Driver"],"picked":"Sweeping Beam","floor":1.0},{"not_picked":["Panic Button","Steam"],"picked":"Cold Snap","floor":4.0},{"not_picked":["Hello World","Conserve Battery"],"picked":"Gash","floor":5.0},{"not_picked":["Panic Button","BootSequence"],"picked":"Machine Learning","floor":7.0},{"not_picked":["BasicCrystalCard","FIFO Queue","Stack"],"picked":"SKIP","floor":10.0},{"not_picked":["Turbo","Reinforced Body"],"picked":"Auto Shields","floor":12.0},{"not_picked":["Darkness","Conserve Battery"],"picked":"Cold Snap","floor":14.0},{"not_picked":["Meteor Strike","ReplayTheSpireMod:Omega Cannon"],"picked":"All For One","floor":16.0},{"not_picked":["Panic Button","Coolheaded"],"picked":"Rebound+1","floor":18.0},{"not_picked":["Hologram","Panic Button"],"picked":"Glacier+1","floor":18.0},{"not_picked":["Reinforced Body","Skim"],"picked":"Cold Snap+1","floor":18.0},{"not_picked":["Turbo+1","Go for the Eyes"],"picked":"Aggregate","floor":21.0},{"not_picked":["BootSequence","Panic Button"],"picked":"FIFO Queue","floor":21.0},{"not_picked":["Compile Driver","Barrage","Undo"],"picked":"SKIP","floor":21.0},{"not_picked":["Compile Driver+1","Sweeping Beam"],"picked":"Chill","floor":24.0},{"not_picked":["Turbo+1","Genetic Algorithm"],"picked":"Cold Snap","floor":24.0},{"not_picked":["Redo","Time Bomb"],"picked":"Sweeping Beam","floor":24.0},{"not_picked":["Hello World","ReplayTheSpireMod:Reroute Power"],"picked":"Consume","floor":25},{"not_picked":["Go for the Eyes","Conserve Battery"],"picked":"Gash","floor":28},{"not_picked":["Hyperbeam","Compile Driver"],"picked":"Glacier","floor":28},{"not_picked":["Turbo","Compile Driver","Coolheaded"],"picked":"SKIP","floor":28},{"not_picked":["Leap","Panic Button"],"picked":"Gash","floor":30},{"not_picked":["Go for the Eyes","Rip and Tear"],"picked":"Conserve Battery","floor":30},{"not_picked":["Cold Snap","Recycle+1","Compile Driver"],"picked":"SKIP","floor":30},{"not_picked":["Coolheaded","Hologram"],"picked":"ReplayRNGCard","floor":31},{"not_picked":["Darkness","Rebound"],"picked":"Lockon","floor":31},{"not_picked":["Glacier","Sunder","Leap"],"picked":"SKIP","floor":31},{"not_picked":["hubris:Prefetch","Buffer"],"picked":"Echo Form","floor":33},{"not_picked":["Go for the Eyes","Turbo"],"picked":"Compile Driver+1","floor":35},{"not_picked":["BasicCrystalCard","Go for the Eyes"],"picked":"Doom and Gloom","floor":35},{"not_picked":["Cold Snap","Heatsinks","Coolheaded"],"picked":"SKIP","floor":35},{"not_picked":["Leap","Turbo"],"picked":"Go for the Eyes","floor":37},{"not_picked":["Chaos","Storm"],"picked":"Gash","floor":37},{"not_picked":["Chaos","Steam","Darkness"],"picked":"SKIP","floor":37},{"not_picked":["Stack","Barrage"],"picked":"Mirror Shield","floor":41},{"not_picked":["Fission","Cold Snap"],"picked":"Melter","floor":44},{"not_picked":["hubris:Prefetch","Doom and Gloom"],"picked":"Barrage","floor":48},{"not_picked":["ReplayTheSpireMod:Calculation Training+1","Coolheaded"],"picked":"Storm+1","floor":55}],"player_experience":1023128,"relics_obtained":[{"floor":2.0,"key":"infinitespire:BottledMercury"},{"floor":7.0,"key":"DataDisk"},{"floor":9.0,"key":"infinitespire:Eraser"},{"floor":10.0,"key":"Garlic"},{"floor":12.0,"key":"Golden Egg"},{"floor":17.0,"key":"Simple Rune"},{"floor":17.0,"key":"Mummified Hand"},{"floor":17.0,"key":"Dead Branch"},{"floor":25,"key":"infinitespire:Golems Mask"},{"floor":26,"key":"Darkstone Periapt"},{"floor":39,"key":"ReplayFunnel"},{"floor":41,"key":"White Beast Statue"},{"floor":41,"key":"hubris:ToyBattleship"},{"floor":43,"key":"infinitespire:Lucky Rock"},{"floor":44,"key":"infinitespire:ShieldingShard"},{"floor":44,"key":"Nunchaku"},{"floor":48,"key":"Anchor"},{"floor":48,"key":"Akabeko"},{"floor":55,"key":"Replay:Antivirus Software"},{"floor":55,"key":"Ginger"}],"event_choices":[{"damage_healed":19.0,"max_hp_gain":0.0,"max_hp_loss":0.0,"gold_gain":0.0,"event_name":"The Cleric","player_choice":"Healed","floor":3.0,"gold_loss":35.0,"damage_taken":0.0},{"damage_healed":0.0,"max_hp_gain":0.0,"max_hp_loss":0.0,"gold_gain":0.0,"event_name":"Addict","player_choice":"Stole Relic","floor":19.0,"gold_loss":0.0,"damage_taken":0.0,"relics_obtained":["Ice Cream"],"cards_obtained":["Shame"]},{"damage_healed":0.0,"max_hp_gain":0.0,"max_hp_loss":0.0,"gold_gain":0.0,"event_name":"Vampires","player_choice":"Ignored","floor":22.0,"gold_loss":0.0,"damage_taken":0.0},{"cards_removed":["ReplayTheSpireMod:Brewmster"],"damage_healed":0,"gold_gain":0,"player_choice":"Offered Rare","damage_taken":0,"max_hp_gain":10,"max_hp_loss":0,"event_name":"Bonfire Elementals","floor":47,"gold_loss":0}],"is_beta":false,"boss_relics":[{"not_picked":["Coffee Dripper","SacredBark"],"picked":"Calling Bell"},{"not_picked":["Nuclear Battery","Pandora\u0027s Box"],"picked":"Replay:Grab Bag"},{"not_picked":["hubris:GrandSneckoEye","ChewingGum"],"picked":"Sozu"},{"not_picked":["Cursed Key","ReplayTheSpireMod:Onyx Gauntlets"],"picked":"Fusion Hammer"},{"not_picked":["Astrolabe","Runic Pyramid"],"picked":"Snecko Eye"},{"not_picked":["ReplayTheSpireMod:SealedPack","hubris:ScarierMask"],"picked":"Black Star"}],"items_purged_floors":[0,20],"is_endless":false,"potions_floor_spawned":[1,4,10,21,28,41,48,55],"ascension_level":20}}