{"host":"uclt3t1usqzz4m5p","time":1609375547,"event":{"mods":["AchievementEnabler","Arknights The Spire","BaseMod","Better Altar","Better Match","Better Sensory Stone","Better Skull","Better Third Choice","Booster Modes","Card Forge","Colored Powertips","Displayed Cursed Tome","Evolution","GifTheSpireLib","Gremlin Skip","Minty Spire (QoL Compilation)","Permanent Neow","Quick Restart","StSLib","SuperFastMode","The Caster","The Mystic","WarShipGirlsR/????R mod"],"gold_per_floor":[112,128,140,150,163,163,180,255,301,335,335,379,436,457,457,457,457],"floor_reached":16,"playtime":1374,"items_purged":[],"score":114,"play_id":"ff330d11-9bd3-4df7-b55d-e30a27166c19","local_time":"20201230164547","is_ascension_mode":false,"campfire_choices":[{"data":"mysticmod:MagicWeapon","floor":6,"key":"SMITH"},{"floor":11,"key":"REST"},{"data":"mysticmod:Disintegrate","floor":15,"key":"SMITH"}],"circlet_count":0,"master_deck":["mysticmod:Strike_Mystic","mysticmod:Strike_Mystic","mysticmod:Strike_Mystic","mysticmod:Strike_Mystic","mysticmod:Defend_Mystic","mysticmod:Defend_Mystic","mysticmod:Defend_Mystic","mysticmod:Defend_Mystic","mysticmod:ArcaneDodge","mysticmod:ShockingGrasp","mysticmod:ComponentsPouch","mysticmod:Alacrity","mysticmod:MagicWeapon+1","mysticmod:TomeOfSpells","mysticmod:Disengage","mysticmod:Snowball","mysticmod:SuddenClarity","mysticmod:Disintegrate+1","mysticmod:BladedDash"],"relics":["Hammer of Thor","Seething Fire","Anvil of the Gods","EVO:Axolotl","Black Star","CeramicFish","Pen Nib","Pear","Blood Vial","Bronze Scales"],"acts_visited":["Exordium"],"potions_floor_usage":[4,10],"damage_taken":[{"damage":5,"enemies":"Cultist","floor":1,"turns":4},{"damage":9,"enemies":"2 Louse","floor":2,"turns":4},{"damage":0,"enemies":"Small Slimes","floor":3,"turns":2},{"damage":0,"enemies":"Exordium Wildlife","floor":4,"turns":4},{"damage":16,"enemies":"Lots of Slimes","floor":5,"turns":6},{"damage":5,"enemies":"2 Fungi Beasts","floor":7,"turns":5},{"damage":19,"enemies":"Gremlin Nob","floor":10,"turns":5},{"damage":18,"enemies":"Lagavulin","floor":12,"turns":7},{"damage":10,"enemies":"Looter","floor":14,"turns":2},{"damage":27,"enemies":"Hexaghost","floor":16,"turns":9}],"seed_played":"764581775459428204","potions_obtained":[{"floor":1,"key":"Weak Potion"},{"floor":4,"key":"Weak Potion"},{"floor":14,"key":"SpeedPotion"}],"is_trial":false,"path_per_floor":["M","M","M","M","M","R","M","?","T","E","R","E","?","M","R","B"],"character_chosen":"MYSTIC_CLASS","items_purchased":[],"campfire_rested":1,"item_purchase_floors":[],"current_hp_per_floor":[72,63,63,63,47,47,42,31,31,22,48,30,30,22,22,0,0],"gold":457,"neow_bonus":"BOSS_RELIC","is_daily":false,"chose_seed":false,"campfire_upgraded":2,"win_rate":0.0,"timestamp":1609375547,"path_taken":["M","M","M","M","M","R","M","?","T","E","R","E","?","M","R","BOSS"],"items_purchased_type":[],"build_version":"2020-12-22","purchased_purges":0,"victory":false,"max_hp_per_floor":[77,77,77,77,77,77,77,77,77,87,87,87,87,87,87,87,87],"card_choices":[{"not_picked":["mysticmod:MightyMagic","mysticmod:Probe"],"picked":"mysticmod:ComponentsPouch","floor":1},{"not_picked":["mysticmod:MagicMissile","mysticmod:BulkUp"],"picked":"mysticmod:Alacrity","floor":2},{"not_picked":["mysticmod:PowerSlash","mysticmod:Disengage"],"picked":"mysticmod:MagicWeapon","floor":3},{"not_picked":["mysticmod:Riposte","mysticmod:ComponentsPouch"],"picked":"mysticmod:TomeOfSpells","floor":4},{"not_picked":["mysticmod:PowerAttack","mysticmod:Shield"],"picked":"mysticmod:Disengage","floor":5},{"not_picked":["mysticmod:PowerSlash","mysticmod:Shield"],"picked":"mysticmod:Snowball","floor":7},{"not_picked":["mysticmod:HeavyStrike","mysticmod:RapidCaster"],"picked":"mysticmod:SuddenClarity","floor":10},{"not_picked":["mysticmod:VorpalThrust","mysticmod:ComponentsPouch"],"picked":"mysticmod:Disintegrate","floor":12},{"not_picked":["mysticmod:BladeMaster","mysticmod:Alacrity"],"picked":"mysticmod:BladedDash","floor":14}],"player_experience":571883,"relics_obtained":[{"floor":9,"key":"CeramicFish"},{"floor":10,"key":"Pen Nib"},{"floor":10,"key":"Pear"},{"floor":12,"key":"Blood Vial"},{"floor":12,"key":"Bronze Scales"}],"event_choices":[{"damage_healed":0,"gold_gain":75,"player_choice":"Gold","damage_taken":11,"max_hp_gain":0,"max_hp_loss":0,"event_name":"betterThird:BetterGoop","floor":8,"gold_loss":0},{"damage_healed":0,"gold_gain":57,"player_choice":"Gained Gold","damage_taken":0,"max_hp_gain":0,"max_hp_loss":0,"event_name":"Golden Wing","floor":13,"gold_loss":0}],"is_beta":false,"boss_relics":[],"items_purged_floors":[],"is_endless":false,"potions_floor_spawned":[1,4,14],"killed_by":"Hexaghost","ascension_level":0}}