{"host":"se62q65hiqxz7cab","time":1609394822,"event":{"mods":["Act Like it!","BaseMod","Colored Map","Minty Spire (QoL Compilation)","Replay The Spire","StSLib","The Bug Knight","The Cursed"],"gold_per_floor":[112,112,112,130,161,161,195,195,195,214,214,214,227,243,243,347,347,359,359,370,220,74,74,149,149,149],"floor_reached":25,"playtime":922,"items_purged":["CommonCold"],"score":199,"play_id":"a83b9558-4c78-4cf8-a7cc-0325e03a065a","local_time":"20201231140702","is_ascension_mode":false,"campfire_choices":[{"data":"HollowMod:DashSlash","floor":6,"key":"SMITH"},{"floor":8,"key":"REST"},{"data":"HollowMod:DescendingDark","floor":11,"key":"SMITH"},{"data":"HollowMod:ShadowDash","floor":15,"key":"SMITH"},{"floor":23,"key":"REST"}],"circlet_count":0,"master_deck":["HollowMod:NailStrikeStart","HollowMod:NailStrikeStart","HollowMod:NailStrikeStart","HollowMod:NailStrikeStart","HollowMod:QuickDashStart","HollowMod:QuickDashStart","HollowMod:QuickDashStart","HollowMod:QuickDashStart","HollowMod:PogoStrike","HollowMod:SoulMaster","HollowMod:WraithStrike","HollowMod:AbyssShriek","HollowMod:DashSlash+1","HollowMod:DescendingDark+1","HollowMod:ShapeofUnn","HollowMod:ShadowDash+1","HollowMod:SlysStrikes","HollowMod:DescendingDark","HollowMod:SiblingsSouls","HollowMod:LuriensSpire+1"],"relics":["HollowMod:VesselMask","Bottled Flame","Thread and Needle","WingedGreaves","Pantograph","SacredBark","Matryoshka","HollowMod:StagPassRelic"],"acts_visited":["Exordium","TheCity"],"potions_floor_usage":[16,16,16],"damage_taken":[{"damage":1,"enemies":"Cultist","floor":1,"turns":4},{"damage":6,"enemies":"Jaw Worm","floor":4,"turns":4},{"damage":15,"enemies":"3 Sentries","floor":7,"turns":6},{"damage":0,"enemies":"Small Slimes","floor":10,"turns":3},{"damage":0,"enemies":"Blue Slaver","floor":13,"turns":4},{"damage":4,"enemies":"Looter","floor":14,"turns":2},{"damage":30,"enemies":"The Guardian","floor":16,"turns":8},{"damage":32,"enemies":"Spheric Guardian","floor":18,"turns":6},{"damage":20,"enemies":"2 Thieves","floor":20,"turns":3},{"damage":39,"enemies":"Snecko","floor":25,"turns":4}],"seed_played":"-6709701877939623979","potions_obtained":[{"floor":1,"key":"PowerPotion"},{"floor":3,"key":"DuplicationPotion"},{"floor":3,"key":"DistilledChaos"},{"floor":10,"key":"SkillPotion"}],"is_trial":false,"path_per_floor":["M","T","?","M","?","R","E","R","T","M","R","?","M","M","R","B",null,"M","?","M","?","$","R","?","M"],"character_chosen":"THE_BUGKNIGHT","items_purchased":["HollowMod:LuriensSpire"],"campfire_rested":2,"item_purchase_floors":[22],"current_hp_per_floor":[74,74,74,74,56,56,41,63,63,63,63,56,56,52,52,45,75,43,43,23,23,23,45,38,0,0],"gold":149,"neow_bonus":"ONE_RANDOM_RARE_CARD","is_daily":false,"chose_seed":false,"campfire_upgraded":3,"win_rate":0.0,"timestamp":1609394822,"path_taken":["M","?","?","?","?","R","E","R","T","M","R","?","M","M","R","BOSS","M","?","?","?","$","R","?","?"],"items_purchased_type":["Card"],"build_version":"2020-12-22","purchased_purges":1,"victory":false,"max_hp_per_floor":[75,75,75,75,75,75,75,75,75,75,75,75,75,75,75,75,75,75,75,75,75,75,75,75,75,75],"card_choices":[{"not_picked":["HollowMod:PureNailStrike","HollowMod:Grubsong"],"picked":"HollowMod:WraithStrike","floor":1},{"not_picked":["HollowMod:InfectedCysts","HollowMod:FastStrike"],"picked":"HollowMod:AbyssShriek","floor":4},{"not_picked":["HollowMod:LifebloodCocoon","HollowMod:HeavyBlow"],"picked":"HollowMod:DashSlash","floor":5},{"not_picked":["HollowMod:MawleksShell","HollowMod:LifebloodCore","HollowMod:CrystalDash"],"picked":"SKIP","floor":7},{"not_picked":["HollowMod:DreamGate","HollowMod:DashSlash"],"picked":"HollowMod:DescendingDark","floor":10},{"not_picked":["HollowMod:CornifersMapStart","HollowMod:DescendingDark"],"picked":"HollowMod:ShapeofUnn","floor":13},{"not_picked":["HollowMod:GoodIntentions","HollowMod:DescendingDark"],"picked":"HollowMod:ShadowDash","floor":14},{"not_picked":["HollowMod:AwokenDreamNail","HollowMod:HerrahsAnger"],"picked":"HollowMod:SlysStrikes","floor":16},{"not_picked":["HollowMod:WraithStrike","HollowMod:InfectedAttack"],"picked":"HollowMod:DescendingDark","floor":18},{"not_picked":["HollowMod:CornifersMapStart","HollowMod:LifebloodCocoon"],"picked":"HollowMod:SiblingsSouls","floor":20}],"player_experience":147583,"relics_obtained":[{"floor":2,"key":"Bottled Flame"},{"floor":5,"key":"Thread and Needle"},{"floor":7,"key":"WingedGreaves"},{"floor":9,"key":"Pantograph"}],"event_choices":[{"damage_healed":0,"gold_gain":0,"player_choice":"Got Potions","damage_taken":0,"max_hp_gain":0,"max_hp_loss":0,"event_name":"Lab","floor":3,"gold_loss":0},{"cards_removed":["HollowMod:FocusHealStart"],"damage_healed":0,"gold_gain":0,"player_choice":"Card Removal","damage_taken":7,"max_hp_gain":0,"max_hp_loss":0,"event_name":"Golden Wing","floor":12,"gold_loss":0},{"damage_healed":0,"gold_gain":75,"player_choice":"Touch","damage_taken":7,"max_hp_gain":0,"max_hp_loss":0,"event_name":"FaceTrader","floor":24,"gold_loss":0}],"is_beta":false,"boss_relics":[{"not_picked":["Replay:Drink Me","Replay:Ancient Bell"],"picked":"SacredBark"}],"items_purged_floors":[22],"is_endless":false,"potions_floor_spawned":[1,7,10,14],"killed_by":"Snecko","ascension_level":0}}