{"host":"o7ymgqw1bx1zbjaa","time":1609413715,"event":{"mods":["2.2 Compatiblity","AchievementEnabler","Aspiration","BaseMod","CCEM","Colored Map","Conspire","Downfall","Energized Spire","Highlight Path","Hubris","Jedi Mod","Minty Spire (QoL Compilation)","Permanent Neow","Quick Restart","Random Character Button","Rare Cards Sparkle","Replay The Spire","Spicy Shops","Spikes Relics","StSLib","The Blue Laboratory","Wandering Minibosses"],"gold_per_floor":[99,110,122,122,0,11,35,60,60,87,106,281,206,224,238,333,333,333,285,302,302,61,77,101,26,11,43,43,55,55,82,97,97,97,97],"floor_reached":33,"playtime":4656,"items_purged":[],"score":356,"play_id":"9eceb0b4-4737-4a43-b81e-910c77403c39","local_time":"20201231052155","is_ascension_mode":true,"campfire_choices":[{"data":"Guardian:BaubleBeam","floor":1.0,"key":"SMITH"},{"floor":25,"key":"RECALL"},{"data":"Guardian:RefractedBeam","floor":28,"key":"SMITH"}],"circlet_count":0,"master_deck":["Guardian:Strike_Guardian","Guardian:Strike_Guardian","Guardian:Defend_Guardian","Guardian:CurlUp","Guardian:TwinSlam","Guardian:BaubleBeam+1","Guardian:PiercingHide","Guardian:MultiBeam","Injury","Guardian:Reroute","Guardian:Recover","Guardian:TemporalShield","Guardian:PrimingBeam","Doubt","Guardian:TemporalShield","Guardian:Planning+1","Guardian:ExploitGems+1","jedi:thedog","Overencumbered","Guardian:FuturePlans","Guardian:RefractedBeam+1","ReplayTheSpireMod:Uncanny Aura","Guardian:EvasiveProtocol","Guardian:Incinerate","Guardian:PiercingHide","Guardian:Gem_White","Guardian:PiercingHide"],"relics":["Guardian:ModeShifter","RetroEgg","CCEMRelics:SpiritsEdge","Guardian:PickAxe","MealTicket","Gambling Chip","downfall:HeartBlessingGreen","Kintsugi","downfall:HeartBlessingBlue","CCEMRelics:FryingPan","Replay:Bottled Snecko"],"acts_visited":["Exordium","TheCity"],"potions_floor_usage":[16,33,33],"damage_taken":[{"damage":1.0,"enemies":"Cultist","floor":2.0,"turns":4.0},{"damage":1.0,"enemies":"Jaw Worm","floor":3.0,"turns":4.0},{"damage":0.0,"enemies":"downfall:FleeingMerchant","floor":5.0,"turns":4.0},{"damage":0.0,"enemies":"Small Slimes","floor":6.0,"turns":2.0},{"damage":34.0,"enemies":"Gremlin Nob","floor":8.0,"turns":5.0},{"damage":12.0,"enemies":"Lagavulin","floor":10.0,"turns":7.0},{"damage":0.0,"enemies":"Exordium Wildlife","floor":11.0,"turns":3.0},{"damage":0.0,"enemies":"Exordium Thugs","floor":14.0,"turns":3.0},{"damage":0.0,"enemies":"3 Louse","floor":15.0,"turns":1.0},{"damage":12,"enemies":"downfall:Watcher","floor":16,"turns":10},{"damage":0,"enemies":"Chosen","floor":19,"turns":6},{"damage":3,"enemies":"conspire:FuzzyDice","floor":20,"turns":6},{"damage":1,"enemies":"downfall:FleeingMerchant","floor":22,"turns":4},{"damage":23,"enemies":"Centurion and Healer","floor":23,"turns":7},{"damage":20,"enemies":"downfall:FleeingMerchant","floor":26,"turns":4},{"damage":11,"enemies":"conspire:SneckoGhost","floor":27,"turns":5},{"damage":11,"enemies":"Shelled Parasite and Fungi","floor":29,"turns":5},{"damage":21,"enemies":"Book of Stabbing","floor":31,"turns":4},{"damage":8,"enemies":"Chosen and Byrds","floor":32,"turns":4},{"damage":31,"enemies":"downfall:Ironclad","floor":33,"turns":4}],"seed_played":"-650312990007532618","potions_obtained":[{"floor":6.0,"key":"blueLaboratory:HorrorPotion"},{"floor":10.0,"key":"jedi:StrikingPotion"},{"floor":15.0,"key":"jedi:wingpotion"},{"floor":19,"key":"blueLaboratory:ArtificerPotion"},{"floor":29,"key":"Dexterity Potion"}],"is_trial":false,"path_per_floor":["R","M","M","T","$","M","T","E","R","E","M","?","R","M","M","B",null,"R_BF","M","M","?","$","M","T","R","$","E","R","M","?","E","M","B"],"character_chosen":"GUARDIAN","items_purchased":["CCEMRelics:SpiritsEdge","Guardian:Reroute","Guardian:RefractedBeam","ReplayTheSpireMod:Uncanny Aura","Guardian:EvasiveProtocol"],"campfire_rested":0,"item_purchase_floors":[5,5,22,22,22],"current_hp_per_floor":[80,79,78,78,78,78,78,44,44,32,32,32,32,32,32,20,80,80,80,77,77,79,56,56,66,61,50,50,39,39,18,10,0,0,0],"gold":97,"neow_bonus":"ONE_RANDOM_RARE_CARD","is_daily":false,"chose_seed":false,"campfire_upgraded":2,"win_rate":0.0,"timestamp":1609413715,"path_taken":["R","M","M","?","$","?","T","E","R","E","M","?","R","?","M","BOSS","R_BF","M","M","?","$","M","T","R","$","E","R","M","?","E","M","BOSS"],"items_purchased_type":["Relic","Card","Card","Card","Card"],"build_version":"2020-12-22","purchased_purges":0,"victory":false,"max_hp_per_floor":[80,80,80,80,80,80,80,80,80,80,80,80,80,80,80,80,80,80,80,80,80,80,80,80,90,90,90,90,90,90,90,90,90,90,90],"card_choices":[{"not_picked":["Guardian:Gem_Lightblue","Guardian:WalkerClaw"],"picked":"Guardian:PiercingHide","floor":2.0},{"not_picked":["Guardian:Gem_Yellow","Guardian:WalkerClaw"],"picked":"Guardian:MultiBeam","floor":3.0},{"not_picked":["Guardian:Emergency","Guardian:Gem_Purple"],"picked":"Guardian:Gem_Orange","floor":5.0},{"not_picked":["Guardian:ChargeCore","Guardian:SpikerProtocol"],"picked":"Guardian:Gem_Blue","floor":6.0},{"not_picked":["Guardian:PiercingHide","Guardian:Gem_Cyan"],"picked":"Guardian:Recover","floor":8.0},{"not_picked":["Guardian:Gem_Yellow","Guardian:WalkerClaw"],"picked":"Guardian:TemporalShield","floor":10.0},{"not_picked":["Guardian:ChargeCore","Guardian:Gem_Blue"],"picked":"Guardian:PrimingBeam","floor":11.0},{"not_picked":["Guardian:Gem_Red","Guardian:WalkerClaw"],"picked":"Guardian:TemporalShield","floor":14.0},{"not_picked":["Guardian:TemporalShield","Guardian:Suspension"],"picked":"Guardian:Planning","floor":15.0},{"not_picked":["Guardian:CompilePackage","Guardian:TimeSifter"],"picked":"Guardian:ExploitGems","floor":16},{"not_picked":["Guardian:DecasProtection","Guardian:WalkerClaw+1"],"picked":"Guardian:FuturePlans","floor":19},{"not_picked":["Guardian:ChargeUp","Guardian:Gem_Lightblue"],"picked":"Guardian:Gem_Blue","floor":20},{"not_picked":["Guardian:Harden","Guardian:FloatingOrbs+1"],"picked":"Guardian:Gem_Lightblue","floor":22},{"not_picked":["Guardian:Planning+1","Guardian:TemporalShield"],"picked":"Guardian:Gem_Red","floor":23},{"not_picked":["Guardian:Incinerate","Guardian:FloatingOrbs+1"],"picked":"Guardian:Gem_Synthetic","floor":26},{"not_picked":["Guardian:Suspension","Guardian:Gem_Cyan"],"picked":"Guardian:Incinerate","floor":27},{"not_picked":["Guardian:Gem_Green","Guardian:Suspension"],"picked":"Guardian:PiercingHide","floor":29},{"not_picked":["Guardian:RefractedBeam","Guardian:ArmoredProtocol"],"picked":"Guardian:Gem_White","floor":31},{"not_picked":["Guardian:TemporalStrike","Guardian:GemFinder"],"picked":"Guardian:PiercingHide","floor":32}],"player_experience":399993,"relics_obtained":[{"floor":4.0,"key":"RetroEgg"},{"floor":7.0,"key":"Guardian:PickAxe"},{"floor":8.0,"key":"MealTicket"},{"floor":10.0,"key":"Gambling Chip"},{"floor":27,"key":"CCEMRelics:FryingPan"},{"floor":31,"key":"Replay:Bottled Snecko"}],"event_choices":[{"damage_healed":0,"gold_gain":0,"player_choice":"Ignored","damage_taken":0,"max_hp_gain":0,"max_hp_loss":0,"event_name":"Vampires","floor":21,"gold_loss":0},{"damage_healed":0,"gold_gain":0,"player_choice":"Got Potions","damage_taken":0,"max_hp_gain":0,"max_hp_loss":0,"event_name":"Lab","floor":30,"gold_loss":0}],"is_beta":false,"boss_relics":[{"not_picked":["CCEMRelics:GreenEgg","aspiration:RitualDagger"],"picked":"Kintsugi"}],"items_purged_floors":[],"is_endless":false,"potions_floor_spawned":[6,10,15,19,29,31],"killed_by":"downfall:Ironclad","ascension_level":4}}