{"host":"bu0lvejwxlz725fi","time":1609433346,"event":{"mods":["AchievementEnabler","BaseMod","Downfall","Marisa????????","Minty Spire (QoL Compilation)","StSLib","The Disciple","The Hierophant","The Necromancer","The Senshi","The Servant 0.9.4"],"gold_per_floor":[112,127,122,126,48,79,79,154,154,183,19,19,66,92,92,212,212,246,161,161,13,71,102,102,189,189,189,235,310,340,340,340,312,312],"floor_reached":33,"playtime":4568,"items_purged":[],"score":380,"play_id":"682bd6dd-8c6a-40a2-aaa4-65e0b9189610","local_time":"20201231174906","is_ascension_mode":false,"campfire_choices":[{"data":"hierophant:ChurchCoffers","floor":7,"key":"SMITH"},{"data":"hierophant:Smite","floor":12,"key":"SMITH"},{"data":"hierophant:Alms","floor":15,"key":"SMITH"},{"data":"hierophant:Glossolalia","floor":24,"key":"SMITH"},{"data":"hierophant:RustyCrate","floor":27,"key":"SMITH"},{"floor":32,"key":"REST"}],"circlet_count":0,"master_deck":["hierophant:Strike_Hierophant","hierophant:Strike_Hierophant","hierophant:Strike_Hierophant","hierophant:Strike_Hierophant","hierophant:Punish","hierophant:Defend_Hierophant","hierophant:Defend_Hierophant","hierophant:Defend_Hierophant","hierophant:Defend_Hierophant","hierophant:ChurchCoffers+1","hierophant:Sermon","hierophant:Chorus","hierophant:Smite+1","hierophant:FieryStrike","hierophant:Blessing","hierophant:Rebuild+1","hierophant:Doubloon","hierophant:CoinFling","hierophant:CoinFling","hierophant:Doubloon","hierophant:Alms+1","hierophant:Encroach","hierophant:DivineIntervention+1","hierophant:Doubloon","hierophant:CursedGold+1","hierophant:ChurchCoffers+1","hierophant:RustyCrate","hierophant:Doubloon","hierophant:Doubloon","hierophant:Glossolalia+1","hierophant:DisplayOfPower","hierophant:RustyCrate+1","hierophant:Doubloon","hierophant:Doomsaying+1","hierophant:Upheaval","Slimebound:Icky","hierophant:Patience","hierophant:Exaltation+1","hierophant:BulkyChest+1"],"relics":["hierophant:PropheticMaskRelic","Bag of Preparation","Bag of Marbles","Eternal Feather","Thread and Needle","Membership Card","MealTicket","Cursed Key","Smiling Mask","DollysMirror","Ancient Tea Set","Ornamental Fan","White Beast Statue","War Paint"],"acts_visited":["Exordium","TheCity"],"potions_floor_usage":[6,6,16,23,29,33,33],"damage_taken":[{"damage":0,"enemies":"Small Slimes","floor":1,"turns":2},{"damage":3,"enemies":"2 Louse","floor":2,"turns":2},{"damage":0,"enemies":"Cultist","floor":3,"turns":3},{"damage":0,"enemies":"2 Fungi Beasts","floor":4,"turns":4},{"damage":21,"enemies":"Lagavulin","floor":6,"turns":4},{"damage":13,"enemies":"3 Sentries","floor":10,"turns":7},{"damage":0,"enemies":"Lagavulin","floor":13,"turns":2},{"damage":1,"enemies":"Exordium Thugs","floor":14,"turns":3},{"damage":58,"enemies":"The Guardian","floor":16,"turns":17},{"damage":0,"enemies":"Spheric Guardian","floor":18,"turns":1},{"damage":0,"enemies":"Chosen","floor":22,"turns":3},{"damage":64,"enemies":"Book of Stabbing","floor":23,"turns":7},{"damage":0,"enemies":"Snake Plant","floor":25,"turns":1},{"damage":49,"enemies":"Gremlin Leader","floor":28,"turns":6},{"damage":1,"enemies":"Centurion and Healer","floor":29,"turns":3},{"damage":34,"enemies":"Cultist and Chosen","floor":30,"turns":10},{"damage":55,"enemies":"Collector","floor":33,"turns":10}],"seed_played":"7358225725241052902","potions_obtained":[{"floor":2,"key":"ColorlessPotion"},{"floor":3,"key":"hexamod:EctoCoolerPotion"},{"floor":4,"key":"FearPotion"},{"floor":18,"key":"FearPotion"},{"floor":28,"key":"SkillPotion"},{"floor":29,"key":"sneckomod:MuddlingPotion"},{"floor":30,"key":"SteroidPotion"}],"is_trial":false,"path_per_floor":["M","M","M","M","$","E","R","?","T","E","$","R","E","M","R","B",null,"M","?","?","$","M","E","R","M","T","R","E","M","M","?","R","B"],"character_chosen":"HIEROPHANT","items_purchased":["hierophant:Blessing","Membership Card","hierophant:CoinFling","DollysMirror","hierophant:RustyCrate","hierophant:Glossolalia","hierophant:DisplayOfPower"],"campfire_rested":1,"item_purchase_floors":[5,11,11,21,21,21,21],"current_hp_per_floor":[75,72,72,72,72,54,54,43,43,37,37,49,56,62,74,23,75,75,75,75,75,75,18,39,46,46,67,25,31,4,4,47,0,0],"gold":312,"neow_bonus":"RANDOM_COMMON_RELIC","is_daily":false,"chose_seed":false,"campfire_upgraded":5,"win_rate":0.0,"timestamp":1609433346,"path_taken":["M","M","M","M","$","E","R","?","T","E","$","R","E","M","R","BOSS","M","?","?","$","M","E","R","M","T","R","E","?","M","?","R","BOSS"],"items_purchased_type":["Card","Relic","Card","Relic","Card","Card","Card"],"build_version":"2020-12-22","purchased_purges":0,"victory":false,"max_hp_per_floor":[75,75,75,75,75,75,75,75,75,75,75,75,75,75,75,75,75,75,75,75,75,75,75,75,75,75,75,75,75,75,75,75,75,75],"card_choices":[{"not_picked":["hierophant:Alms","hierophant:Remorse"],"picked":"hierophant:Sermon","floor":1},{"not_picked":["hierophant:Racketeering","hierophant:Encroach"],"picked":"hierophant:Chorus","floor":2},{"not_picked":["hierophant:Charity","hierophant:ThreeLashes"],"picked":"hierophant:Smite","floor":3},{"not_picked":["hierophant:MorningPrayer","hierophant:Shelter"],"picked":"hierophant:FieryStrike","floor":4},{"not_picked":["hierophant:Bribe","hierophant:AuricBeam"],"picked":"hierophant:Rebuild","floor":6},{"not_picked":["hierophant:OrnateJavelin","hierophant:Shelter"],"picked":"hierophant:CoinFling","floor":10},{"not_picked":["hierophant:SecretStash","hierophant:Refuge"],"picked":"hierophant:Alms","floor":13},{"not_picked":["hierophant:HammerAndAnvil","hierophant:AuricBeam"],"picked":"hierophant:Encroach","floor":14},{"not_picked":["hierophant:AuricForm","hierophant:LocustPlague"],"picked":"hierophant:DivineIntervention","floor":16},{"not_picked":["hierophant:Zeal","hierophant:AuricShield+1"],"picked":"hierophant:CursedGold+1","floor":18},{"not_picked":["hierophant:RecallFunds","hierophant:RepressedViolence"],"picked":"hierophant:RustyCrate","floor":22},{"not_picked":["hierophant:RustyCrate","hierophant:TollTheBells"],"picked":"hierophant:Doomsaying+1","floor":23},{"not_picked":["hierophant:Zeal","hierophant:MirrorShield"],"picked":"hierophant:Upheaval","floor":25},{"not_picked":["hierophant:Chorus+1","hierophant:RustyCrate"],"picked":"hierophant:Patience","floor":28},{"not_picked":["hierophant:CursedGold","hierophant:Martyrdom+1"],"picked":"hierophant:Exaltation+1","floor":29},{"not_picked":["hierophant:Bribe+1","hierophant:ThreeLashes"],"picked":"hierophant:BulkyChest","floor":30}],"player_experience":127146,"relics_obtained":[{"floor":6,"key":"Bag of Marbles"},{"floor":9,"key":"Eternal Feather"},{"floor":10,"key":"Thread and Needle"},{"floor":13,"key":"MealTicket"},{"floor":23,"key":"Ancient Tea Set"},{"floor":26,"key":"Ornamental Fan"},{"floor":28,"key":"White Beast Statue"}],"event_choices":[{"damage_healed":0,"gold_gain":75,"player_choice":"Gather Gold","damage_taken":11,"max_hp_gain":0,"max_hp_loss":0,"event_name":"World of Goop","floor":8,"gold_loss":0},{"damage_healed":0,"gold_gain":0,"player_choice":"Obtained Relic","damage_taken":0,"relics_obtained":["Smiling Mask"],"max_hp_gain":0,"max_hp_loss":0,"event_name":"Addict","floor":19,"gold_loss":85},{"damage_healed":0,"gold_gain":0,"player_choice":"Forge","damage_taken":0,"max_hp_gain":0,"max_hp_loss":0,"event_name":"Accursed Blacksmith","floor":20,"gold_loss":0,"cards_upgraded":["hierophant:DivineIntervention"]},{"cards_removed":["hierophant:Doubloon"],"damage_healed":0,"gold_gain":0,"player_choice":"Gave Card","damage_taken":0,"relics_obtained":["War Paint"],"max_hp_gain":0,"max_hp_loss":0,"event_name":"WeMeetAgain","floor":31,"gold_loss":0}],"is_beta":false,"boss_relics":[{"not_picked":["SacredBark","Runic Dome"],"picked":"Cursed Key"}],"items_purged_floors":[],"is_endless":false,"potions_floor_spawned":[2,3,4,18,28,29,30],"killed_by":"Collector","ascension_level":0}}