{"host":"sav7uxregyirlf69","time":1609420685,"event":{"mods":["AchievementEnabler","BaseMod","Colored Map","DeckTracker","Keyboard Shortcuts","Minty Spire (QoL Compilation)","READ ME - Guardian Mod","StSLib","SuperFastMode"],"gold_per_floor":[114,114,127,52,52,93,93,113,161,184,184,184,197,215,215,311,311,325,304,327,77,77,77,121,121,121,162,162,162,162],"floor_reached":29,"playtime":660,"items_purged":["Strike_G"],"score":576,"play_id":"0fbb80df-b2d1-4a6c-83ab-0f9135e6bce9","local_time":"20201231221805","is_ascension_mode":true,"campfire_choices":[{"data":"Neutralize","floor":7,"key":"SMITH"},{"data":"Backflip","floor":15,"key":"SMITH"},{"data":"Tactician","floor":23,"key":"SMITH"},{"floor":25,"key":"REST"}],"circlet_count":0,"master_deck":["AscendersBane","Strike_G+1","Defend_G+1","Defend_G","Defend_G","Survivor","Neutralize+1","Deadly Poison+1","Backstab","Tactician+1","Backflip+1","After Image","Concentrate+1","Malaise+1","Dodge and Roll+1","Dagger Throw","Acrobatics","Dash","Phantasmal Killer","Noxious Fumes","Night Terror"],"relics":["Ring of the Snake","NeowsBlessing","Golden Idol","Dream Catcher","Oddly Smooth Stone","Astrolabe","Membership Card","Centennial Puzzle","Boot","Shuriken"],"acts_visited":["Exordium","TheCity"],"potions_floor_usage":[16,16,24,29],"damage_taken":[{"damage":0,"enemies":"Small Slimes","floor":1,"turns":1},{"damage":0,"enemies":"2 Louse","floor":3,"turns":1},{"damage":0,"enemies":"Lagavulin","floor":6,"turns":1},{"damage":0,"enemies":"Cultist","floor":8,"turns":3},{"damage":0,"enemies":"Blue Slaver","floor":10,"turns":4},{"damage":2,"enemies":"Large Slime","floor":13,"turns":6},{"damage":9,"enemies":"Exordium Thugs","floor":14,"turns":4},{"damage":14,"enemies":"Hexaghost","floor":16,"turns":12},{"damage":8,"enemies":"3 Byrds","floor":18,"turns":10},{"damage":10,"enemies":"2 Thieves","floor":19,"turns":5},{"damage":13,"enemies":"Snecko","floor":20,"turns":8},{"damage":8,"enemies":"Gremlin Leader","floor":24,"turns":9},{"damage":5,"enemies":"Book of Stabbing","floor":27,"turns":10},{"damage":26,"enemies":"Gremlin Leader","floor":29,"turns":5}],"seed_played":"-91795417741450368","potions_obtained":[{"floor":1,"key":"DistilledChaos"},{"floor":3,"key":"Strength Potion"},{"floor":24,"key":"CunningPotion"}],"is_trial":false,"path_per_floor":["M","?","M","?","?","E","R","M","T","M","?","?","M","M","R","B",null,"M","M","M","$","?","R","E","R","T","E","?","E"],"character_chosen":"THE_SILENT","items_purchased":["Membership Card","Acrobatics","SkillPotion"],"campfire_rested":1,"item_purchase_floors":[21,21,21],"current_hp_per_floor":[59,59,59,59,59,59,59,59,59,59,41,46,44,35,35,21,54,46,36,23,23,23,23,15,34,34,29,23,0,0],"gold":162,"neow_bonus":"THREE_ENEMY_KILL","is_daily":false,"chose_seed":false,"campfire_upgraded":3,"win_rate":0.0,"timestamp":1609420685,"path_taken":["M","?","M","?","?","E","R","M","T","?","?","?","?","M","R","BOSS","M","M","M","$","?","R","E","R","T","E","?","E"],"items_purchased_type":["Relic","Card","Potion"],"build_version":"2020-12-22","purchased_purges":1,"victory":false,"max_hp_per_floor":[66,60,60,60,60,60,60,60,60,60,60,65,65,65,65,65,65,65,65,65,65,65,65,65,65,65,65,65,65,65],"card_choices":[{"not_picked":["Dash","PiercingWail"],"picked":"Deadly Poison","floor":1},{"not_picked":["Flying Knee","Setup","Outmaneuver"],"picked":"SKIP","floor":3},{"not_picked":["Concentrate","Bane","Setup"],"picked":"SKIP","floor":6},{"not_picked":["Blade Dance","Flying Knee"],"picked":"Backstab","floor":8},{"not_picked":["Sucker Punch","Outmaneuver"],"picked":"Tactician","floor":10},{"not_picked":["Blade Dance","PiercingWail"],"picked":"Backflip","floor":13},{"not_picked":["Heel Hook","Dodge and Roll"],"picked":"After Image","floor":14},{"not_picked":["Deflect","Flechettes"],"picked":"Caltrops","floor":18},{"not_picked":["Cloak And Dagger","Leg Sweep"],"picked":"Dagger Throw","floor":19},{"not_picked":["Backflip","Blade Dance","Accuracy"],"picked":"SKIP","floor":20},{"not_picked":["Outmaneuver","Concentrate"],"picked":"Noxious Fumes","floor":24},{"not_picked":["Infinite Blades","Tactician"],"picked":"Night Terror","floor":27}],"player_experience":1078836,"relics_obtained":[{"floor":6,"key":"Dream Catcher"},{"floor":9,"key":"Oddly Smooth Stone"},{"floor":24,"key":"Centennial Puzzle"},{"floor":26,"key":"Boot"},{"floor":27,"key":"Shuriken"}],"event_choices":[{"damage_healed":0,"gold_gain":0,"player_choice":"Lose Max HP","damage_taken":0,"relics_obtained":["Golden Idol"],"max_hp_gain":0,"max_hp_loss":6,"event_name":"Golden Idol","floor":2,"gold_loss":0},{"cards_removed":["Strike_G"],"damage_healed":0,"gold_gain":0,"player_choice":"Card Removal","damage_taken":0,"max_hp_gain":0,"max_hp_loss":0,"event_name":"The Cleric","floor":4,"gold_loss":75},{"damage_healed":0,"gold_gain":0,"player_choice":"Upgraded","damage_taken":0,"max_hp_gain":0,"max_hp_loss":0,"event_name":"Upgrade Shrine","floor":5,"gold_loss":0,"cards_upgraded":["Deadly Poison"]},{"damage_healed":0,"gold_gain":0,"player_choice":"Entered Light","damage_taken":18,"max_hp_gain":0,"max_hp_loss":0,"event_name":"Shining Light","floor":11,"gold_loss":0,"cards_upgraded":["Defend_G","Strike_G"]},{"damage_healed":0,"gold_gain":0,"player_choice":"Donut","damage_taken":0,"max_hp_gain":5,"max_hp_loss":0,"event_name":"Big Fish","floor":12,"gold_loss":0},{"damage_healed":0,"gold_gain":0,"cards_transformed":["Defend_G","Caltrops"],"player_choice":"Became Test Subject","damage_taken":0,"max_hp_gain":0,"max_hp_loss":0,"event_name":"Drug Dealer","floor":22,"gold_loss":0,"cards_obtained":["Dash","Phantasmal Killer"]},{"damage_healed":0,"gold_gain":0,"player_choice":"","damage_taken":6,"max_hp_gain":0,"max_hp_loss":0,"event_name":"Knowing Skull","floor":28,"potions_obtained":[],"gold_loss":0,"cards_obtained":[]}],"is_beta":false,"boss_relics":[{"not_picked":["Fusion Hammer","SacredBark"],"picked":"Astrolabe"}],"items_purged_floors":[21],"is_endless":false,"potions_floor_spawned":[1,3,10,14,24],"killed_by":"Gremlin Leader","ascension_level":20}}