{"host":"vh33hu3wddwn6yt6","time":1609435837,"event":{"mods":["AchievementEnabler","Act Like it!","Aspiration","BaseMod","Better Altar","Better Match","Better Note","Better Sensory Stone","Better Skull","Better Third Choice","BetterRewards","Downfall","Hermit","Hubris","Infinite Spire","Minty Spire (QoL Compilation)","Permanent Neow","Replay The Spire","Shade Mod","Shop Mod","Spicy Shops","StSLib","SuperFastMode","The Blackbeard","The Necromancer","The Runesmith","The Servant 0.9.4","TheBandit","Wandering Minibosses"],"gold_per_floor":[99,113,113,310,295,220,220,251,251,351,362,373,373,456,471,566,566,491,508,168,187,37,51,51,64,64,64,93,193,227,227,307,407,507,432,466,478,490,523,570,570,605,521,534,567,567,567,567,582,682,682,709,587,587,587],"floor_reached":56,"playtime":1921,"items_purged":["Shame"],"score":1363,"play_id":"5667ba57-fe90-41c5-8627-2e82fa51f5e7","local_time":"20201231183037","is_ascension_mode":true,"campfire_choices":[{"floor":1,"key":"RECALL"},{"data":"hermit:CursedWeapon","floor":6,"key":"SMITH"},{"data":"hermit:Enervate","floor":18,"key":"SMITH"},{"data":"hermit:BigShot","floor":26,"key":"SMITH"},{"data":"hermit:Determination","floor":35,"key":"SMITH"},{"floor":46,"key":"REST"},{"floor":54,"key":"REST"}],"circlet_count":0,"master_deck":["hermit:Strike_Hermit","hermit:Strike_Hermit","hermit:Strike_Hermit","hermit:Strike_Hermit","hermit:Defend_Hermit","hermit:Defend_Hermit","hermit:Defend_Hermit","hermit:Defend_Hermit","hermit:Snapshot","hermit:Covet","hermit:ItchyTrigger","hermit:CursedWeapon+1","hermit:Enervate+1","hermit:Enervate+1","hermit:DeadOrAlive+1","hermit:BigShot+1","hermit:Enervate+1","hermit:Determination+1","hermit:Quickdraw","Discovery"],"relics":["hermit:Momento","downfall:HeartBlessingRed","Garlic","hubris:MobiusCoin","hubris:Icosahedron","aspiration:DefectSkillbook","downfall:HeartBlessingGreen","Membership Card","Orichalcum","Ice Cream","wanderingMiniBosses:ThiefScarf","hubris:CrystalStatue","Replay:Wanted Poster","downfall:HeartBlessingBlue","infinitespire:Beetle Shell","aspiration:HummingbirdHeart","Thread and Needle","Vajra","hubris:EmptyBottle","Centennial Puzzle","Cursed Key","Singing Bowl","ReplayTheSpireMod:TigerMarble","Guide Book"],"acts_visited":["Exordium","TheCity","TheBeyond","TheEnding"],"potions_floor_usage":[14,16,16,16,20,25,33,43,43,52,55,55],"damage_taken":[{"damage":1,"enemies":"Cultist","floor":2,"turns":4},{"damage":2,"enemies":"downfall:FleeingMerchant","floor":5,"turns":4},{"damage":30,"enemies":"Lagavulin","floor":8,"turns":6},{"damage":5,"enemies":"Jaw Worm","floor":11,"turns":2},{"damage":2,"enemies":"Small Slimes","floor":12,"turns":2},{"damage":14,"enemies":"3 Sentries","floor":14,"turns":6},{"damage":0,"enemies":"3 Louse","floor":15,"turns":2},{"damage":19,"enemies":"downfall:Ironclad","floor":16,"turns":4},{"damage":4,"enemies":"Shell Parasite","floor":19,"turns":3},{"damage":2,"enemies":"downfall:FleeingMerchant","floor":20,"turns":6},{"damage":2,"enemies":"3 Byrds","floor":21,"turns":4},{"damage":8,"enemies":"Snake Plant","floor":23,"turns":2},{"damage":2,"enemies":"Cultist and Chosen","floor":25,"turns":3},{"damage":2,"enemies":"Sentry and Sphere","floor":28,"turns":3},{"damage":2,"enemies":"3 Cultists","floor":30,"turns":3},{"damage":8,"enemies":"Shelled Parasite and Fungi","floor":32,"turns":4},{"damage":15,"enemies":"downfall:Defect","floor":33,"turns":4},{"damage":2,"enemies":"3 Shapes","floor":36,"turns":2},{"damage":2,"enemies":"Orb Walker","floor":37,"turns":1},{"damage":2,"enemies":"Transient","floor":38,"turns":5},{"damage":11,"enemies":"4 Shapes","floor":39,"turns":2},{"damage":18,"enemies":"Sphere and 2 Shapes","floor":42,"turns":3},{"damage":2,"enemies":"downfall:FleeingMerchant","floor":43,"turns":4},{"damage":2,"enemies":"Transient","floor":44,"turns":5},{"damage":4,"enemies":"Reptomancer","floor":45,"turns":3},{"damage":7,"enemies":"Spire Growth","floor":49,"turns":3},{"damage":2,"enemies":"downfall:Watcher","floor":50,"turns":5},{"damage":29,"enemies":"downfall:CharBossMerchant","floor":52,"turns":6},{"damage":81,"enemies":"downfall:NeowBoss","floor":55,"turns":24}],"seed_played":"5961972738460053161","potions_obtained":[{"floor":8,"key":"FearPotion"},{"floor":12,"key":"Cursed Concoction"},{"floor":14,"key":"Swift Potion"},{"floor":15,"key":"hexamod:EctoCoolerPotion"},{"floor":19,"key":"Fire Potion"},{"floor":23,"key":"Strength Potion"},{"floor":39,"key":"SkillPotion"},{"floor":42,"key":"Swift Potion"}],"is_trial":false,"path_per_floor":["R","M","?","?","$","R","T","E","?","?","M","M","?","E","M","B",null,"R","M","$","M","?","M","T","M","R","AVR","M","?","M","?","M","B",null,"R","M","M","M","M","T","T","M","$","M","E","R","AVR","?","M","B",null,"E","$","R","B",null],"character_chosen":"HERMIT","items_purchased":["Membership Card","Orichalcum","Fruit Juice","Thread and Needle","Vajra","FairyPotion","Flashbang","ColorlessPotion","hubris:EmptyBottle","Guide Book","Discovery"],"campfire_rested":2,"item_purchase_floors":[20,20,20,43,43,43,43,43,43,53,53],"current_hp_per_floor":[82,81,84,84,82,82,82,52,52,52,47,45,45,31,31,12,85,85,81,79,77,95,87,87,90,90,90,88,88,86,86,78,63,100,110,108,106,104,93,93,93,79,77,75,71,104,104,110,105,103,112,85,85,114,33],"gold":587,"neow_bonus":"TEN_PERCENT_HP_BONUS","is_daily":false,"chose_seed":false,"campfire_upgraded":4,"win_rate":0.0,"timestamp":1609435837,"path_taken":["R","M","?","?","$","R","T","E","?","?","M","M","?","E","M","BOSS","R","M","$","M","?","M","T","M","R","AVR","?","?","M","?","M","BOSS","R","M","M","M","?","?","T","M","$","M","E","R","AVR","?","M","BOSS","E","$","R","BOSS"],"items_purchased_type":["Relic","Relic","Potion","Relic","Relic","Potion","Potion","Potion","Relic","Relic","Card"],"build_version":"2020-12-22","purchased_purges":1,"victory":true,"max_hp_per_floor":[82,82,85,85,85,85,85,85,85,85,85,85,85,85,85,85,85,85,85,85,85,95,95,95,100,100,100,100,100,100,100,100,100,100,110,110,110,110,110,110,110,110,110,110,110,110,110,110,112,112,112,114,114,114,114],"card_choices":[{"not_picked":["hermit:TrackingShot","hermit:Ricochet"],"picked":"hermit:ItchyTrigger","floor":2},{"not_picked":["hermit:SprayPray","hermit:Ricochet"],"picked":"hermit:CursedWeapon","floor":4},{"not_picked":["hermit:Scavenge","hermit:Vantage","hermit:Roughhouse"],"picked":"SKIP","floor":5},{"not_picked":["hermit:Dive","hermit:Roughhouse","hermit:Gambit"],"picked":"SKIP","floor":8},{"not_picked":["hermit:LuckOfTheDraw","hermit:Misfire","hermit:Roulette"],"picked":"SKIP","floor":11},{"not_picked":["hermit:LuckOfTheDraw","hermit:Misfire","hermit:Roulette"],"picked":"SKIP","floor":11},{"not_picked":["hermit:Virtue","hermit:CalledShot","hermit:ItchyTrigger"],"picked":"SKIP","floor":12},{"not_picked":["hermit:Manifest","hermit:Midnight"],"picked":"hermit:Enervate","floor":14},{"not_picked":["hermit:Spite","hermit:GhostlyPresence"],"picked":"hermit:Enervate","floor":15},{"not_picked":["hermit:BlackWind","hermit:Magnum"],"picked":"hermit:DeadOrAlive","floor":16},{"not_picked":["Steam","Compile Driver","hermit:HighCaliber","hermit:SprayPray"],"picked":"SKIP","floor":19},{"not_picked":["Aggregate","BasicCrystalCard","Turbo"],"picked":"hermit:BigShot","floor":20},{"not_picked":["Sweeping Beam","hermit:LoneWolf","hubris:Ukulele","hermit:SprayPray"],"picked":"SKIP","floor":21},{"not_picked":["hermit:Feint","ReplayGash","Gash","hermit:Spite"],"picked":"SKIP","floor":23},{"not_picked":["hermit:FromBeyond","FTL","hermit:Feint","ReplayTheSpireMod:Reroute Power+1"],"picked":"SKIP","floor":25},{"not_picked":["Heatsinks","hermit:HighNoon","hermit:GoldenBullet","hermit:Midnight"],"picked":"SKIP","floor":28},{"not_picked":["hermit:SprayPray","Streamline","Go for the Eyes","hermit:Feint"],"picked":"SKIP","floor":30},{"not_picked":["Blizzard","Auto Shields+1","Turbo"],"picked":"hermit:Determination","floor":32},{"not_picked":["hermit:SprayPray","Go for the Eyes+1","Steam+1","hermit:TakeCover+1"],"picked":"SKIP","floor":36},{"not_picked":["ReplayTheSpireMod:Omega Cannon","Conserve Battery+1","Steam+1","hermit:ItchyTrigger"],"picked":"SKIP","floor":37},{"not_picked":["hermit:Headshot","Storm","hermit:Desperado","BootSequence+1"],"picked":"SKIP","floor":38},{"not_picked":["ReplayTheSpireMod:Reroute Power+1","FTL+1","hermit:Desperado+1","White Noise"],"picked":"SKIP","floor":39},{"not_picked":["hermit:Dive","hermit:Coalescence+1","hermit:Feint+1","Conserve Battery"],"picked":"SKIP","floor":42},{"not_picked":["White Noise","hermit:SprayPray+1","Go for the Eyes+1"],"picked":"hermit:Quickdraw","floor":43},{"not_picked":["Sunder","hermit:LowProfile+1","ReplayRNGCard","hermit:WideOpen"],"picked":"SKIP","floor":44},{"not_picked":["hermit:Coalescence","hermit:Showdown+1","Consume+1","hermit:WideOpen+1"],"picked":"SKIP","floor":45},{"not_picked":["Force Field+1","hermit:HighCaliber","Streamline","hermit:Grudge+1"],"picked":"Singing Bowl","floor":49},{"not_picked":["Stack+1","Cold Snap+1","Turbo","Capacitor+1"],"picked":"Singing Bowl","floor":52}],"player_experience":615956,"relics_obtained":[{"floor":7,"key":"Garlic"},{"floor":8,"key":"hubris:MobiusCoin"},{"floor":14,"key":"hubris:CrystalStatue"},{"floor":32,"key":"wanderingMiniBosses:ThiefScarf"},{"floor":32,"key":"hubris:CrystalStatue"},{"floor":40,"key":"infinitespire:Beetle Shell"},{"floor":41,"key":"aspiration:HummingbirdHeart"},{"floor":45,"key":"Centennial Puzzle"},{"floor":52,"key":"ReplayTheSpireMod:TigerMarble"}],"event_choices":[{"damage_healed":0,"gold_gain":0,"player_choice":"Copied","damage_taken":0,"max_hp_gain":0,"max_hp_loss":0,"event_name":"Duplicator","floor":31,"gold_loss":0,"cards_obtained":["hermit:Enervate"]},{"damage_healed":6,"gold_gain":0,"player_choice":"LEAVE ","damage_taken":0,"relics_obtained":[],"max_hp_gain":0,"max_hp_loss":0,"event_name":"betterSkull:BetterSkull","floor":48,"gold_loss":0,"cards_upgraded":[]}],"is_beta":false,"boss_relics":[{"not_picked":["hubris:BlackHole","Kintsugi"],"picked":"aspiration:DefectSkillbook"},{"not_picked":["hubris:Stopwatch","Velvet Choker"],"picked":"Replay:Wanted Poster"}],"items_purged_floors":[43],"is_endless":false,"potions_floor_spawned":[8,12,14,15,19,23,39,42,44,49],"ascension_level":1}}