{"host":"k9laiz0l4dd0ezpa","time":1609425399,"event":{"mods":["BaseMod","Colored Powertips","Koishi","Marisa£®ÏF”Í°°ƒß¿Ì…≥£©","Minty Spire (QoL Compilation)","Quick Restart","Relic Stats","Remilia£®¿Ÿ√◊¿Ú—«£©","Replay The Spire","StSLib","Td1madao Mod","The Cursed","Waifu the Spire"],"gold_per_floor":[118,118,137,137,156,156,174,174,174,192,192,212,137,137,137,239,239,258,270,18,37,37,37,37,85,139,139,158,170,70,89,89,89,89],"floor_reached":33,"playtime":988,"items_purged":["Strike_C","Strike_C"],"score":264,"play_id":"114d5bf9-3364-4d8e-a5da-0a984479f5a2","local_time":"20201231223639","is_ascension_mode":false,"campfire_choices":[{"data":"Light Attack","floor":6.0,"key":"SMITH"},{"data":"Fire Blade","floor":8.0,"key":"SMITH"},{"floor":15,"key":"REST"},{"floor":23,"key":"REST"},{"floor":27,"key":"REST"},{"floor":32,"key":"REST"}],"circlet_count":0,"master_deck":["Strike_C","Strike_C","Defend_C","Defend_C","Defend_C","Defend_C","Knight Kick","Chip","Light Attack+1","Fire Blade","Reinforcement Parts","Fire Blade+1","Light Attack","Sickly","Fire Blade","Bursts","Fire Up","Load Balancing","Fire Blade","Light Attack+1"],"relics":["Apod","NeowsBlessing","Turnip","Lizard Tail","Ring of Searing","Ring of Misfortune","BranchBurnRelic","Foreshadowing","Happy Flower","Pocketwatch","Toy Ornithopter","Regal Pillow"],"acts_visited":["Exordium","TheCity"],"potions_floor_usage":[33],"damage_taken":[{"damage":0.0,"enemies":"Cultist","floor":1.0,"turns":1.0},{"damage":0.0,"enemies":"2 Louse","floor":3.0,"turns":1.0},{"damage":0.0,"enemies":"Jaw Worm","floor":5.0,"turns":1.0},{"damage":19.0,"enemies":"Red Slaver","floor":7.0,"turns":3.0},{"damage":21.0,"enemies":"Exordium Thugs","floor":10.0,"turns":4.0},{"damage":15.0,"enemies":"Exordium Wildlife","floor":12.0,"turns":3.0},{"damage":14,"enemies":"Slime Boss","floor":16,"turns":10},{"damage":37,"enemies":"Spheric Guardian","floor":18,"turns":5},{"damage":17,"enemies":"3 Byrds","floor":19,"turns":6},{"damage":35,"enemies":"Snecko","floor":21,"turns":5},{"damage":44,"enemies":"Shelled Parasite and Fungi","floor":28,"turns":6},{"damage":20,"enemies":"Chosen and Byrds","floor":29,"turns":6},{"damage":34,"enemies":"Sentry and Sphere","floor":31,"turns":7},{"damage":79,"enemies":"Collector","floor":33,"turns":5}],"seed_played":"8735165965882089727","potions_obtained":[{"floor":7.0,"key":"FearPotion"},{"floor":16,"key":"Fire Potion"},{"floor":18,"key":"SkillPotion"}],"is_trial":false,"path_per_floor":["M","T","M","?","M","R","M","R","T","M","?","M","$","T","R","B",null,"M","M","$","M","?","R","?","T","T","R","M","M","$","M","R","B"],"character_chosen":"TD1MADAO_CLASS","items_purchased":["Happy Flower","FairyPotion"],"campfire_rested":4,"item_purchase_floors":[20,30],"current_hp_per_floor":[70,70,70,75,75,75,56,56,56,35,35,20,20,20,42,43,75,38,21,21,37,37,59,59,59,59,75,41,21,21,10,47,0,0],"gold":89,"neow_bonus":"THREE_ENEMY_KILL","is_daily":false,"chose_seed":false,"campfire_upgraded":2,"win_rate":0.0,"timestamp":1609425399,"path_taken":["M","?","M","?","M","R","M","R","T","M","?","?","?","?","R","BOSS","M","M","$","M","?","R","?","?","T","R","?","M","?","M","R","BOSS"],"items_purchased_type":["Relic","Potion"],"build_version":"2020-12-22","purchased_purges":2,"victory":false,"max_hp_per_floor":[70,70,70,75,75,75,75,75,75,75,75,75,75,75,75,75,75,75,75,75,75,75,75,75,75,75,75,75,75,75,75,75,75,75],"relic_stats":{"Lizard Tail":37,"Regal Pillow":15,"Happy Flower":[9],"counters":[14,60],"Turnip":[20],"obtain_stats":[{"Regal Pillow":26,"NeowsBlessing":0,"Happy Flower":20,"Dead Branch":14,"Ring of Searing":11,"BranchBurnRelic":15,"Lizard Tail":9,"Ring of Misfortune":11,"Turnip":2,"Apod":0,"Foreshadowing":17,"Toy Ornithopter":25,"Pocketwatch":22},{"Regal Pillow":10,"NeowsBlessing":0,"Happy Flower":9,"Dead Branch":6,"Ring of Searing":5,"BranchBurnRelic":6,"Lizard Tail":4,"Ring of Misfortune":5,"Turnip":1,"Apod":0,"Foreshadowing":7,"Toy Ornithopter":10,"Pocketwatch":10},{"Regal Pillow":38,"NeowsBlessing":0,"Happy Flower":33,"Dead Branch":13,"Ring of Searing":10,"BranchBurnRelic":13,"Lizard Tail":6,"Ring of Misfortune":10,"Turnip":1,"Apod":0,"Foreshadowing":23,"Toy Ornithopter":38,"Pocketwatch":38}],"Toy Ornithopter":5,"Pocketwatch":[6]},"card_choices":[{"not_picked":["Rupture","Here Defend Chip"],"picked":"Light Attack","floor":1.0},{"not_picked":["Here Defend Chip","Black Shadow"],"picked":"Fire Blade","floor":3.0},{"not_picked":["Cursed Blade","White Contract"],"picked":"Reinforcement Parts","floor":5.0},{"not_picked":["Oblique Hack","Revenge"],"picked":"Fire Blade","floor":7.0},{"not_picked":["Chip Synthesis","Thunder Jump"],"picked":"Light Attack","floor":10.0},{"not_picked":["Lunge","Thunder Jump"],"picked":"Fire Blade","floor":12.0},{"not_picked":["Shockwave Tdmadao","Memory Alloy"],"picked":"Bursts","floor":16},{"not_picked":["De Ware Chip","Trader","Transfer Energy"],"picked":"SKIP","floor":18},{"not_picked":["Floating Swing Kick","Lore","Floating Even"],"picked":"SKIP","floor":19},{"not_picked":["Money Cant Rescue","Fixing+1"],"picked":"Fire Up","floor":21},{"not_picked":["Floating Swing Kick","Provocative+1","Fixing"],"picked":"SKIP","floor":28},{"not_picked":["Cooling Song","Retrieval Recycling"],"picked":"Fire Blade","floor":29},{"not_picked":["Floating Swing Kick+1","Cooling Song"],"picked":"Light Attack+1","floor":31}],"player_experience":190761,"relics_obtained":[{"floor":2.0,"key":"Turnip"},{"floor":9.0,"key":"Lizard Tail"},{"floor":11.0,"key":"Ring of Searing"},{"floor":11.0,"key":"Ring of Misfortune"},{"floor":14.0,"key":"Dead Branch"},{"floor":25,"key":"Toy Ornithopter"},{"floor":26,"key":"Regal Pillow"}],"event_choices":[{"damage_healed":0.0,"max_hp_gain":5.0,"max_hp_loss":0.0,"gold_gain":0.0,"event_name":"Big Fish","player_choice":"Donut","floor":4.0,"gold_loss":0.0,"damage_taken":0.0},{"damage_healed":0,"gold_gain":0,"player_choice":"Read","damage_taken":0,"max_hp_gain":0,"max_hp_loss":0,"event_name":"The Library","floor":24,"gold_loss":0,"cards_obtained":["Load Balancing"]}],"is_beta":false,"boss_relics":[{"not_picked":["SlaversCollar","Ring of Chaos"],"picked":"Foreshadowing"}],"items_purged_floors":[13,20],"is_endless":false,"potions_floor_spawned":[7,16,18,19],"killed_by":"Collector","ascension_level":0}}