{"host":"f0dbpmn0khgeoqc0","time":1609392687,"event":{"mods":["2.2 Compatiblity","AchievementEnabler","Act Like it!","Ascension Unlocker","Aspiration","BaseMod","Better Altar","Better Match","Better Sensory Stone","Better Skull","Better Third Choice","BetterRewards","Block Reminder","Colored Map","Colored Powertips","Conspire","DNKmod","Disable Question Mark Monsters","Displayed Cursed Tome","Downfall","Evolution","Friendly Minions","Hermit","Highlight Path","Humility","Infinite Spire","Jorbs\u0027s Wanderer Trilogy","Koishi","Marisa????????","Minty Spire (QoL Compilation)","MostiFishMod","Permanent Neow","Random Character Button","Relic Filter","Relic Stats","Spicy Shops","StSLib","Td1madao Mod","The Gatherer","Treasure Hunter","Wandering Minibosses","??????REMEMod"],"gold_per_floor":[-1281,-1281,18,29,45,45,71,91,91,116,116,116,0,26,26,103,103,115,165,311,330,330,363,363,506,531,693,693,693,721,636,636,741,741,761,761,761,398,409,436,436,464,464,479,429,429,492,535,535,532,533,533,533,224,260,262],"floor_reached":57,"playtime":3255,"items_purged":[],"score":3799,"play_id":"89494fe5-5ff5-4f61-890f-3978af1a56df","local_time":"20201231003127","is_ascension_mode":true,"campfire_choices":[{"data":"MostiFishMod:CyberBuddha","floor":6,"key":"SMITH"},{"floor":12,"key":"RECALL"},{"data":"MostiFishMod:CullingBlade","floor":15,"key":"SMITH"},{"data":"Pommel Strike","floor":24,"key":"SMITH"},{"floor":28,"key":"REST"},{"data":"MostiFishMod:StarLaLaLa","floor":32,"key":"SMITH"},{"data":"Fasting2","floor":41,"key":"SMITH"},{"floor":46,"key":"REST"},{"data":"WreathOfFlame","floor":49,"key":"SMITH"},{"floor":53,"key":"REST"}],"circlet_count":0,"master_deck":["AscendersBane","Strike_R","Strike_R","Strike_R","Strike_R","Strike_R","Defend_R","Defend_R","Defend_R","Defend_R","Bash+1","Carnage","Fire Breathing","ThirdEye","Clothesline","Twin Strike","MostiFishMod:CyberBuddha+1","TH:CursedSword","JustLucky","TH:CopperCoins","TH:CursedSword","FollowUp","Dark Shackles","MostiFishMod:CullingBlade+1","TH:CopperCoins","CarveReality","TH:CopperCoins","MostiFishMod:ChineseTea","Dark Embrace","Pommel Strike+1","CutThroughFate","TH:CursedSword","Sword Boomerang","Flame Barrier","TH:TreasureMap","TH:CursedSword","Fasting2+1","Insight","TH:CursedSword","MostiFishMod:StarLaLaLa+1","TH:CursedSword","DevaForm","MostiFishMod:EE1D","MostiFishMod:EE1D","MostiFishMod:EE1D","FollowUp+1","WreathOfFlame+1","MostiFishMod:KingOfFree","expansioncontent:ManipulateTime","DeceiveReality","Study","Weave","TH:CopperCoins","Twin Strike","TH:CursedSword","CutThroughFate+1","TH:CursedSword","ThirdEye","conspire:SpireCoStock","Evolve","TH:CursedSword","Consecrate","expansioncontent:DefensiveStance","Metamorphosis","Study","Heavy Blade","Pommel Strike","Shrug It Off","TH:CursedSword","Wallop"],"relics":["Burning Blood","EVO:Axolotl","DaveBox","REME_ComplimentaryCards","SynthV:MejaisSoulstealer","infinitespire:EmpoweringShard","aspiration:WatcherSkillbook","Membership Card","ChiLing","Chi","Ling","SynthV:TestCard","Lee\u0027s Waffle","Juzu Bracelet","Lizard Tail","aspiration:HummingbirdHeart","Mummified Hand","conspire:RoyalGoblet","wanderingMiniBosses:AbyssPearl","Magic Flower","Potion Belt","PreservedInsect","aspiration:FetidBarrel","conspire:Dentures","Sundial","EE1DDrone","aspiration:KaomsHeart"],"acts_visited":["Exordium","TheCity","TheBeyond","TheEnding"],"potions_floor_usage":[14,20,20,30,30,33,42,47,51,55,55,56,56],"damage_taken":[{"damage":9,"enemies":"Small Slimes","floor":1,"turns":2},{"damage":0,"enemies":"Cultist","floor":4,"turns":2},{"damage":12,"enemies":"Jaw Worm","floor":5,"turns":2},{"damage":10,"enemies":"3 Sentries","floor":7,"turns":3},{"damage":0,"enemies":"3 Louse","floor":8,"turns":1},{"damage":3,"enemies":"Gremlin Nob","floor":10,"turns":2},{"damage":10,"enemies":"Lagavulin","floor":14,"turns":4},{"damage":12,"enemies":"Hexaghost","floor":16,"turns":6},{"damage":0,"enemies":"3 Byrds","floor":18,"turns":2},{"damage":52,"enemies":"Spheric Guardian","floor":20,"turns":7},{"damage":5,"enemies":"Cultist and Chosen","floor":21,"turns":3},{"damage":2,"enemies":"REME_1_Revenger","floor":23,"turns":2},{"damage":31,"enemies":"3 Cultists","floor":25,"turns":6},{"damage":36,"enemies":"Nightmare","floor":27,"turns":6},{"damage":3,"enemies":"Slavers","floor":30,"turns":2},{"damage":33,"enemies":"Collector","floor":33,"turns":8},{"damage":5,"enemies":"3 Darklings","floor":35,"turns":3},{"damage":13,"enemies":"3 Shapes","floor":39,"turns":3},{"damage":0,"enemies":"Nemesis","floor":40,"turns":1},{"damage":16,"enemies":"Reptomancer","floor":42,"turns":3},{"damage":31,"enemies":"Sphere and 2 Shapes","floor":44,"turns":5},{"damage":14,"enemies":"Orin","floor":47,"turns":5},{"damage":2,"enemies":"Nemesis","floor":48,"turns":5},{"damage":28,"enemies":"infinitespire:MassOfShapes","floor":50,"turns":9},{"damage":60,"enemies":"Time Eater","floor":51,"turns":9},{"damage":36,"enemies":"Shield and Spear","floor":55,"turns":5},{"damage":339,"enemies":"The Heart","floor":56,"turns":14}],"seed_played":"-4449698971587036883","potions_obtained":[{"floor":4,"key":"BloodPotion"},{"floor":16,"key":"Block Potion"},{"floor":27,"key":"Explosive Potion"},{"floor":30,"key":"EntropicBrew"},{"floor":33,"key":"BlessingOfTheForge"},{"floor":35,"key":"sneckomod:MuddlingPotion"},{"floor":37,"key":"champ:CounterPotion"},{"floor":37,"key":"Block Potion"},{"floor":42,"key":"Weak Potion"},{"floor":47,"key":"GamblersBrew"},{"floor":48,"key":"Slimebound:ThreeZeroPotion"}],"is_trial":false,"path_per_floor":["M","?","$","M","M","R","E","M","T","E","?","R","$","E","R","B",null,"M","?","M","M","AVR","E","R","M","T","NM","R","?","E","?","R","B",null,"M","AVR","?","$","M","E","R","E","T","M","?","R","?","E","R","B","B",null,"R","$","E","B",null],"character_chosen":"IRONCLAD","items_purchased":["infinitespire:EmpoweringShard","aspiration:WatcherSkillbook","Fire Breathing","Membership Card","ChiLing","Block Potion","Lee\u0027s Waffle","Clothesline","MostiFishMod:CullingBlade","WreathOfFlame","MostiFishMod:KingOfFree","expansioncontent:ManipulateTime","aspiration:KMNothing","DeceiveReality","Study","expansioncontent:DefensiveStance","Metamorphosis","Study","Heavy Blade","Pommel Strike","hexamod:EctoCoolerPotion","Shrug It Off"],"campfire_rested":3,"item_purchase_floors":[0,0,0,0,0,0,3,3,13,38,38,38,38,38,38,54,54,54,54,54,54,54],"current_hp_per_floor":[65,65,82,82,76,76,72,78,78,81,81,81,81,77,77,71,79,82,82,60,61,61,80,80,60,60,45,69,69,82,82,82,70,79,82,82,82,182,178,182,182,175,175,153,153,182,177,182,182,174,152,175,182,182,157,34],"gold":262,"neow_bonus":"","is_daily":false,"chose_seed":false,"campfire_upgraded":6,"win_rate":0.0,"timestamp":1609392687,"path_taken":["M","?","?","M","?","R","E","M","T","E","?","R","$","E","R","BOSS","M","?","M","M","AVR","E","R","M","T","NM","R","?","E","?","R","BOSS","M","AVR","?","?","M","E","R","E","T","M","?","R","?","E","R","BOSS","BOSS","R","$","E","BOSS"],"items_purchased_type":["Relic","Relic","Card","Relic","Relic","Potion","Relic","Card","Card","Card","Card","Card","Relic","Card","Card","Card","Card","Card","Card","Card","Potion","Card"],"build_version":"2020-12-22","purchased_purges":0,"victory":true,"max_hp_per_floor":[75,75,82,82,82,82,82,82,82,82,82,82,82,82,82,82,82,82,82,82,82,82,82,82,82,82,82,82,82,82,82,82,82,82,82,82,82,182,182,182,182,182,182,182,182,182,182,182,182,182,182,182,182,182,182,182],"relic_stats":{"Lee\u0027s Waffle":17,"Lizard Tail":0,"counters":[28,121],"Mummified Hand":[44],"Sundial":[0],"Magic Flower":[128],"PreservedInsect":376,"Juzu Bracelet":1,"obtain_stats":[{"DaveBox":0,"conspire:RoyalGoblet":17,"Chi":0,"Magic Flower":22,"champ:ChampionCrown":0,"wanderingMiniBosses:AbyssPearl":20,"Juzu Bracelet":7,"EVO:Axolotl":0,"Burning Blood":36,"Lizard Tail":9,"Mummified Hand":14,"Sundial":31,"Potion Belt":23,"conspire:Dentures":30,"Lee\u0027s Waffle":3,"SynthV:MejaisSoulstealer":36,"aspiration:FetidBarrel":27,"PreservedInsect":26,"aspiration:HummingbirdHeart":10,"Ling":0,"SynthV:TestCard":1,"EE1DDrone":34,"aspiration:WatcherSkillbook":0,"aspiration:KaomsHeart":36,"infinitespire:EmpoweringShard":0,"Membership Card":0,"REME_ComplimentaryCards":0,"ChiLing":0},{"DaveBox":0,"conspire:RoyalGoblet":9,"Chi":1,"Magic Flower":12,"champ:ChampionCrown":0,"wanderingMiniBosses:AbyssPearl":11,"Juzu Bracelet":5,"EVO:Axolotl":0,"Burning Blood":18,"Lizard Tail":6,"Mummified Hand":8,"Sundial":16,"Potion Belt":13,"conspire:Dentures":16,"Lee\u0027s Waffle":2,"SynthV:MejaisSoulstealer":18,"aspiration:FetidBarrel":15,"PreservedInsect":14,"aspiration:HummingbirdHeart":7,"Ling":1,"SynthV:TestCard":2,"EE1DDrone":17,"aspiration:WatcherSkillbook":1,"aspiration:KaomsHeart":18,"infinitespire:EmpoweringShard":1,"Membership Card":1,"REME_ComplimentaryCards":0,"ChiLing":1},{"DaveBox":0,"conspire:RoyalGoblet":23,"Chi":1,"Magic Flower":35,"champ:ChampionCrown":0,"wanderingMiniBosses:AbyssPearl":32,"Juzu Bracelet":10,"EVO:Axolotl":0,"Burning Blood":62,"Lizard Tail":11,"Mummified Hand":17,"Sundial":51,"Potion Belt":37,"conspire:Dentures":51,"Lee\u0027s Waffle":3,"SynthV:MejaisSoulstealer":62,"aspiration:FetidBarrel":49,"PreservedInsect":43,"aspiration:HummingbirdHeart":13,"Ling":1,"SynthV:TestCard":3,"EE1DDrone":59,"aspiration:WatcherSkillbook":1,"aspiration:KaomsHeart":62,"infinitespire:EmpoweringShard":1,"Membership Card":1,"REME_ComplimentaryCards":0,"ChiLing":1}],"Burning Blood":188},"card_choices":[{"not_picked":["Body Slam","Halt","Flex"],"picked":"ThirdEye","floor":1},{"not_picked":["Warcry","Anger","Spot Weakness","Weave","conspire:Charge"],"picked":"Twin Strike","floor":4},{"not_picked":["Bloodletting","Pummel","Tantrum","FlurryOfBlows","Twin Strike"],"picked":"MostiFishMod:CyberBuddha","floor":5},{"not_picked":["TH:TreasureMap","TH:EnergyPotion","TH:DeckOfManyThings","TH:Mimic"],"picked":"TH:CursedSword","floor":7},{"not_picked":["Consecrate","Headbutt","Rage","BowlingBash","Havoc"],"picked":"JustLucky","floor":7},{"not_picked":["Iron Wave","Halt","Perfected Strike","Meditate","MostiFishMod:NewArrival","PathToVictory"],"picked":"SKIP","floor":8},{"not_picked":["TH:EnergyPotion","TH:PixieDust","TH:BikiniMail","TH:Mimic"],"picked":"TH:CopperCoins","floor":9},{"not_picked":["TH:TreasureMap","TH:BikiniMail","TH:ArmorSpikes","TH:ElvenBoots"],"picked":"TH:CursedSword","floor":10},{"not_picked":["Exhume","Consecrate","Perfected Strike","Cleave","REME_FearOfPain"],"picked":"FollowUp","floor":10},{"not_picked":["REME_TwoStrings","MostiFishMod:OneDayCity","Trip","expansioncontent:Chronoboost","REME_WheelOfFate"],"picked":"Dark Shackles","floor":11},{"not_picked":["TH:ElvenBoots","TH:ArmorSpikes","TH:BikiniMail","TH:DeckOfManyThings"],"picked":"TH:CopperCoins","floor":14},{"not_picked":["FlurryOfBlows","PathToVictory","WindmillStrike","Prostrate","Omniscience"],"picked":"CarveReality","floor":14},{"not_picked":["TH:PixieDust","TH:TreasureMap","TH:Mimic","TH:ElvenBoots"],"picked":"TH:CopperCoins","floor":16},{"not_picked":["Bludgeon","MostiFishMod:HellRitual","MostiFishMod:StarOceanP","MostiFishMod:RainCloud","MostiFishMod:CullingBlade"],"picked":"MostiFishMod:ChineseTea","floor":16},{"not_picked":["Body Slam+1","FlyingSleeves","Shrug It Off","FearNoEvil","Protect"],"picked":"Dark Embrace","floor":18},{"not_picked":["CarveReality","MostiFishMod:PathToVictory","Entrench","MostiFishMod:#F4004+1","ClearTheMind"],"picked":"Pommel Strike","floor":20},{"not_picked":["Battle Trance","MostiFishMod:BrandingRite","Anger","EmptyFist","Wild Strike"],"picked":"CutThroughFate","floor":21},{"not_picked":["TH:BikiniMail","TH:EnergyPotion","TH:TreasureMap","TH:PixieDust"],"picked":"TH:CursedSword","floor":23},{"not_picked":["BattleHymn","Wish","Rage","FlurryOfBlows","REME_FearOfPain"],"picked":"Sword Boomerang","floor":23},{"not_picked":["Feel No Pain","EmptyMind","MostiFishMod:BrandingRite","Clothesline","Clash"],"picked":"Flame Barrier","floor":25},{"not_picked":["TH:ArmorSpikes","TH:EnergyPotion","TH:Mimic","TH:PixieDust"],"picked":"TH:TreasureMap","floor":26},{"not_picked":["TH:Mimic","TH:PixieDust","TH:ElvenBoots","TH:BikiniMail"],"picked":"TH:CursedSword","floor":27},{"not_picked":["Meditate","EmptyBody","EmptyMind+1","Anger","Swivel"],"picked":"Fasting2","floor":27},{"not_picked":["TH:ElvenBoots","TH:DeckOfManyThings","TH:TreasureMap","TH:CopperCoins"],"picked":"TH:CursedSword","floor":30},{"not_picked":["Dark Embrace","Disarm","BowlingBash","Pommel Strike","SashWhip"],"picked":"MostiFishMod:StarLaLaLa","floor":30},{"not_picked":["TH:ArmorSpikes","TH:BikiniMail","TH:TreasureMap","TH:ElvenBoots"],"picked":"TH:CursedSword","floor":33},{"not_picked":["REME_EmptyShield","Barricade","Exhume","REME_TheLastStrike","MostiFishMod:DisColor"],"picked":"DevaForm","floor":33},{"not_picked":["WindmillStrike","CutThroughFate","Cleave","SandsOfTime","Havoc"],"picked":"FollowUp+1","floor":35},{"not_picked":["Clash+1","LikeWater","Judgement","ThirdEye","SashWhip"],"picked":"Weave","floor":39},{"not_picked":["TH:ElvenBoots","TH:EnergyPotion","TH:BikiniMail","TH:PixieDust"],"picked":"TH:CopperCoins","floor":40},{"not_picked":["conspire:ExplosiveBarrier","Alpha","FlurryOfBlows+1","Evaluate","REME_SingleHolding+1"],"picked":"Twin Strike","floor":40},{"not_picked":["TH:BikiniMail","TH:TreasureMap","TH:EnergyPotion","TH:CopperCoins"],"picked":"TH:CursedSword","floor":42},{"not_picked":["Evaluate+1","WaveOfTheHand","REME_SingleHolding","MostiFishMod:Mania","Iron Wave+1"],"picked":"CutThroughFate+1","floor":42},{"not_picked":["TH:PixieDust","TH:BikiniMail","TH:EnergyPotion","TH:TreasureMap"],"picked":"TH:CursedSword","floor":43},{"not_picked":["Combust","Uppercut","Evaluate+1","Armaments","CarveReality"],"picked":"ThirdEye","floor":44},{"not_picked":["Dark Embrace+1","FlyingSleeves","LikeWater","Burning Pact","Prostrate"],"picked":"Evolve","floor":47},{"not_picked":["TH:ArmorSpikes","TH:CopperCoins","TH:TreasureMap","TH:ElvenBoots"],"picked":"TH:CursedSword","floor":48},{"not_picked":["Sever Soul","LikeWater+1","Wild Strike+1","Pommel Strike","REME_Cut+1"],"picked":"Consecrate","floor":48},{"not_picked":["TH:Mimic","TH:EnergyPotion","TH:DeckOfManyThings","TH:ArmorSpikes"],"picked":"TH:CursedSword","floor":55},{"not_picked":["MostiFishMod:ChineseTea","DevaForm","Body Slam","Consecrate","MostiFishMod:Clarity"],"picked":"Wallop","floor":55}],"player_experience":545100,"relics_obtained":[{"floor":1,"key":"SynthV:TestCard"},{"floor":7,"key":"Juzu Bracelet"},{"floor":9,"key":"Lizard Tail"},{"floor":10,"key":"aspiration:HummingbirdHeart"},{"floor":14,"key":"Mummified Hand"},{"floor":20,"key":"wanderingMiniBosses:AbyssPearl"},{"floor":23,"key":"Potion Belt"},{"floor":26,"key":"PreservedInsect"},{"floor":27,"key":"aspiration:FetidBarrel"},{"floor":30,"key":"conspire:Dentures"},{"floor":40,"key":"aspiration:KMNothing"},{"floor":42,"key":"aspiration:KMNothing"},{"floor":47,"key":"CatCart"},{"floor":48,"key":"aspiration:KMNothing"},{"floor":55,"key":"aspiration:KMNothing"}],"event_choices":[{"damage_healed":0,"gold_gain":0,"player_choice":"Forge","damage_taken":0,"max_hp_gain":0,"max_hp_loss":0,"event_name":"Accursed Blacksmith","floor":2,"gold_loss":0,"cards_upgraded":["Bash"]},{"damage_healed":0,"gold_gain":1,"player_choice":"1","damage_taken":0,"max_hp_gain":0,"max_hp_loss":0,"event_name":"betterStone:BetterStone","floor":11,"gold_loss":0},{"damage_healed":0,"gold_gain":50,"player_choice":"Pray","damage_taken":0,"max_hp_gain":0,"max_hp_loss":0,"event_name":"Golden Shrine","floor":19,"gold_loss":0},{"damage_healed":0,"gold_gain":0,"player_choice":"Insight","damage_taken":0,"max_hp_gain":0,"max_hp_loss":0,"event_name":"betterThird:BetterWriting","floor":29,"gold_loss":0,"cards_obtained":["Insight"]},{"damage_healed":0,"gold_gain":0,"player_choice":"Obtained Relic","damage_taken":0,"relics_obtained":["Sundial"],"max_hp_gain":0,"max_hp_loss":0,"event_name":"Addict","floor":31,"gold_loss":85},{"damage_healed":0,"gold_gain":0,"player_choice":"Got Potions","damage_taken":0,"max_hp_gain":0,"max_hp_loss":0,"event_name":"Lab","floor":37,"gold_loss":0},{"damage_healed":0,"gold_gain":0,"player_choice":"Invest 1","damage_taken":0,"max_hp_gain":0,"max_hp_loss":0,"event_name":"conspire:Investor","floor":45,"gold_loss":0},{"damage_healed":0,"gold_gain":0,"player_choice":"Fight","damage_taken":0,"max_hp_gain":0,"max_hp_loss":0,"event_name":"OrinTheCat","floor":47,"gold_loss":0}],"is_beta":false,"boss_relics":[{"not_picked":["Empty Cage","conspire:RunicOctahedron"],"picked":"conspire:RoyalGoblet"},{"not_picked":["REME_LowDesire","REME_DuelDisc"],"picked":"EE1DDrone"}],"items_purged_floors":[],"is_endless":false,"potions_floor_spawned":[4,7,10,16,27,30,33,35,42,47,48],"ascension_level":20}}