{"host":"7jvlg611gq73pwus","time":1609374029,"event":{"mods":["BaseMod","Minty Spire (QoL Compilation)","StSLib","WarShipGirlsR/??á´Ò³R mod"],"gold_per_floor":[217,229,74,87,102,102,137,137,137,172,172,205,380,455,455,455,455],"floor_reached":16,"playtime":685,"items_purged":[],"score":130,"play_id":"07676e8d-95c1-4d26-a883-9351b55dcae5","local_time":"20201231092029","is_ascension_mode":true,"campfire_choices":[{"data":"rmod:basicallowance","floor":6,"key":"SMITH"},{"data":"rmod:openingtorpedo","floor":11,"key":"SMITH"},{"floor":15,"key":"REST"}],"circlet_count":0,"master_deck":["rmod:strick+1","rmod:strick","rmod:strick","rmod:strick+1","rmod:defend","rmod:defend","rmod:defend","rmod:defend","rmod:basicallowance+1","rmod:maingunfire","rmod:circuitoustactics","rmod:openingtorpedo+1","rmod:goodfighter","rmod:windflower","Doubt"],"relics":["rmod:firstchargereward","Whetstone","Potion Belt","Molten Egg 2","Dead Branch","Bag of Preparation"],"acts_visited":["Exordium"],"potions_floor_usage":[7,10,16],"damage_taken":[{"damage":0,"enemies":"Cultist","floor":1,"turns":4},{"damage":10,"enemies":"Small Slimes","floor":2,"turns":2},{"damage":0,"enemies":"Jaw Worm","floor":4,"turns":2},{"damage":8,"enemies":"3 Louse","floor":5,"turns":2},{"damage":12,"enemies":"Lagavulin","floor":7,"turns":5},{"damage":29,"enemies":"3 Sentries","floor":10,"turns":8},{"damage":16,"enemies":"Gremlin Nob","floor":12,"turns":3},{"damage":50,"enemies":"Slime Boss","floor":16,"turns":7}],"seed_played":"4651588709354012469","potions_obtained":[{"floor":4,"key":"Strength Potion"},{"floor":5,"key":"Ancient Potion"},{"floor":7,"key":"DuplicationPotion"},{"floor":12,"key":"SteroidPotion"}],"is_trial":false,"path_per_floor":["M","M","$","M","M","R","E","?","T","E","R","E","?","?","R","B"],"character_chosen":"PRAEFECT","items_purchased":["Whetstone"],"campfire_rested":1,"item_purchase_floors":[3],"current_hp_per_floor":[75,65,65,65,57,57,45,70,70,41,41,25,25,14,36,0,0],"gold":455,"neow_bonus":"HUNDRED_GOLD","is_daily":false,"chose_seed":false,"campfire_upgraded":2,"win_rate":0.0,"timestamp":1609374029,"path_taken":["M","M","$","M","M","R","E","?","T","E","R","E","?","?","R","BOSS"],"items_purchased_type":["Relic"],"build_version":"2020-12-22","purchased_purges":0,"victory":false,"max_hp_per_floor":[75,75,75,75,75,75,75,75,75,75,75,75,75,75,75,75,75],"card_choices":[{"not_picked":["rmod:tearstotiara","rmod:aluminumsupply"],"picked":"rmod:circuitoustactics","floor":1},{"not_picked":["rmod:supportescort","rmod:mineteam"],"picked":"rmod:openingtorpedo","floor":2},{"not_picked":["rmod:steelsupply","rmod:overbreakdown"],"picked":"rmod:goodfighter","floor":4},{"not_picked":["rmod:circuitoustactics","rmod:combined"],"picked":"rmod:windflower","floor":5},{"not_picked":["rmod:steelsupply","rmod:combined","rmod:concentratefire"],"picked":"SKIP","floor":7},{"not_picked":["rmod:stealaluminum","rmod:fletcherpendant+1","rmod:capitalist"],"picked":"SKIP","floor":10},{"not_picked":["rmod:fuelsupply","rmod:unsinkable","rmod:mineteam"],"picked":"SKIP","floor":12}],"player_experience":460837,"relics_obtained":[{"floor":7,"key":"Potion Belt"},{"floor":9,"key":"Molten Egg 2"},{"floor":10,"key":"Dead Branch"},{"floor":12,"key":"Bag of Preparation"}],"event_choices":[{"damage_healed":25,"gold_gain":0,"player_choice":"Banana","damage_taken":0,"max_hp_gain":0,"max_hp_loss":0,"event_name":"Big Fish","floor":8,"gold_loss":0},{"damage_healed":0,"gold_gain":175,"player_choice":"AGREE","damage_taken":0,"max_hp_gain":0,"max_hp_loss":0,"event_name":"Liars Game","floor":13,"gold_loss":0,"cards_obtained":["Doubt"]},{"damage_healed":0,"gold_gain":75,"player_choice":"Gather Gold","damage_taken":11,"max_hp_gain":0,"max_hp_loss":0,"event_name":"World of Goop","floor":14,"gold_loss":0}],"is_beta":false,"boss_relics":[],"items_purged_floors":[],"is_endless":false,"potions_floor_spawned":[4,5,7,12],"killed_by":"Slime Boss","ascension_level":2}}