{"host":"480qzmvu0s2e3e6w","time":1609434829,"event":{"mods":["BaseMod","Colored Map","DeckTracker","Minty Spire (QoL Compilation)","StSLib","SuperFastMode"],"gold_per_floor":[111,129,129,140,160,160,195,195,221,241,116,116,116,131,131,209,209,224,239,250,250,81,81,106,31,31,31,51,51,51],"floor_reached":29,"playtime":940,"items_purged":["Strike_R","Strike_R"],"score":429,"play_id":"f0022a53-b99c-4238-8408-d8550230484d","local_time":"20210101021349","is_ascension_mode":true,"campfire_choices":[{"data":"Sword Boomerang","floor":6.0,"key":"SMITH"},{"data":"Uppercut","floor":8.0,"key":"SMITH"},{"data":"Dark Embrace","floor":12.0,"key":"SMITH"},{"floor":15.0,"key":"REST"},{"data":"Body Slam","floor":23,"key":"SMITH"}],"circlet_count":0,"master_deck":["AscendersBane","Strike_R","Defend_R","Defend_R","Defend_R","Defend_R","Bash+1","Uppercut+1","Pommel Strike","Flame Barrier","Sword Boomerang+1","Anger","Dark Embrace+1","Shrug It Off","Metallicize","Fiend Fire","Inflame","Ghostly Armor","Body Slam+1","Evolve","Offering","Normality"],"relics":["Burning Blood","NeowsBlessing","Boot","Ancient Tea Set","Cursed Key","Juzu Bracelet","Gambling Chip"],"acts_visited":["Exordium","TheCity"],"potions_floor_usage":[16,18,24,24,28],"damage_taken":[{"damage":0.0,"enemies":"Cultist","floor":1.0,"turns":1.0},{"damage":0.0,"enemies":"Jaw Worm","floor":2.0,"turns":1.0},{"damage":0.0,"enemies":"2 Louse","floor":4.0,"turns":1.0},{"damage":12.0,"enemies":"Exordium Thugs","floor":5.0,"turns":4.0},{"damage":36.0,"enemies":"Gremlin Nob","floor":7.0,"turns":5.0},{"damage":5.0,"enemies":"Lots of Slimes","floor":10.0,"turns":4.0},{"damage":8.0,"enemies":"Blue Slaver","floor":14.0,"turns":3.0},{"damage":29,"enemies":"Slime Boss","floor":16,"turns":11},{"damage":7,"enemies":"3 Byrds","floor":18,"turns":5},{"damage":26,"enemies":"2 Thieves","floor":19,"turns":5},{"damage":0,"enemies":"Snecko","floor":20,"turns":5},{"damage":33,"enemies":"Book of Stabbing","floor":24,"turns":6},{"damage":22,"enemies":"Snake Plant","floor":28,"turns":2},{"damage":30,"enemies":"Cultist and Chosen","floor":29,"turns":4}],"seed_played":"-8941145327982801195","potions_obtained":[{"floor":1.0,"key":"LiquidMemories"},{"floor":2.0,"key":"SteroidPotion"},{"floor":7.0,"key":"Block Potion"},{"floor":16,"key":"EssenceOfSteel"},{"floor":19,"key":"DuplicationPotion"},{"floor":21,"key":"EntropicBrew"},{"floor":28,"key":"SteroidPotion"}],"is_trial":false,"path_per_floor":["M","M","?","M","M","R","E","R","T","M","$","R","?","M","R","B",null,"M","M","M","?","$","R","E","?","T","?","M","M"],"character_chosen":"IRONCLAD","items_purchased":["Shrug It Off","Evolve"],"campfire_rested":1,"item_purchase_floors":[11,22],"current_hp_per_floor":[74,75,75,75,69,69,39,39,39,40,40,40,40,38,60,37,66,65,45,51,51,51,51,24,24,24,24,8,0,0],"gold":51,"neow_bonus":"THREE_ENEMY_KILL","is_daily":false,"chose_seed":false,"campfire_upgraded":4,"win_rate":0.0,"timestamp":1609434829,"path_taken":["M","?","?","?","M","R","E","R","T","M","$","R","?","M","R","BOSS","M","M","M","?","$","R","E","?","T","?","M","M"],"items_purchased_type":["Card","Card"],"build_version":"2020-12-22","purchased_purges":2,"victory":false,"max_hp_per_floor":[75,75,75,75,75,75,75,75,75,75,75,75,75,75,75,75,75,75,75,75,75,75,75,75,75,75,75,75,75,75],"card_choices":[{"not_picked":["Seeing Red","Perfected Strike"],"picked":"Uppercut","floor":1.0},{"not_picked":["Shockwave","True Grit"],"picked":"Pommel Strike","floor":2.0},{"not_picked":["True Grit","Perfected Strike"],"picked":"Flame Barrier","floor":4.0},{"not_picked":["Rupture","Sever Soul"],"picked":"Sword Boomerang","floor":5.0},{"not_picked":["Heavy Blade","Flame Barrier"],"picked":"Anger","floor":7.0},{"not_picked":["Demon Form","Havoc"],"picked":"Dark Embrace","floor":10.0},{"not_picked":["Clothesline","Perfected Strike"],"picked":"Metallicize","floor":14.0},{"not_picked":["Juggernaut","Bludgeon"],"picked":"Fiend Fire","floor":16},{"not_picked":["Clothesline","Pummel"],"picked":"Inflame","floor":18},{"not_picked":["Warcry","Blood for Blood"],"picked":"Ghostly Armor","floor":19},{"not_picked":["Entrench","Perfected Strike"],"picked":"Body Slam","floor":20},{"not_picked":["Evolve","Havoc"],"picked":"Offering","floor":24},{"not_picked":["Ghostly Armor","Cleave","Pommel Strike"],"picked":"SKIP","floor":28}],"player_experience":623831,"relics_obtained":[{"floor":7.0,"key":"Boot"},{"floor":9.0,"key":"Ancient Tea Set"},{"floor":24,"key":"Juzu Bracelet"},{"floor":26,"key":"Gambling Chip"}],"event_choices":[{"cards_removed":["Strike_R"],"damage_healed":0.0,"max_hp_gain":0.0,"max_hp_loss":0.0,"gold_gain":0.0,"event_name":"Bonfire Elementals","player_choice":"Offered Basic","floor":3.0,"gold_loss":0.0,"damage_taken":0.0},{"damage_healed":0.0,"max_hp_gain":0.0,"max_hp_loss":0.0,"gold_gain":0.0,"event_name":"Upgrade Shrine","player_choice":"Upgraded","floor":13.0,"gold_loss":0.0,"damage_taken":0.0,"cards_upgraded":["Bash"]},{"damage_healed":0,"gold_gain":0,"player_choice":"Got Potions","damage_taken":0,"max_hp_gain":0,"max_hp_loss":0,"event_name":"Lab","floor":21,"gold_loss":0},{"cards_removed":["Strike_R"],"damage_healed":0,"gold_gain":0,"player_choice":"Gave Gold","damage_taken":0,"max_hp_gain":0,"max_hp_loss":0,"event_name":"Beggar","floor":25,"gold_loss":75}],"is_beta":false,"boss_relics":[{"not_picked":["Fusion Hammer","Black Star"],"picked":"Cursed Key"}],"items_purged_floors":[11,22],"is_endless":false,"potions_floor_spawned":[1,2,7,16,19,24,28],"killed_by":"Cultist and Chosen","ascension_level":15}}