{"host":"ljavmhyz2e552xgo","time":1609416263,"event":{"mods":["BaseMod","Better Third Choice","Downfall","Friendly Minions","Minty Spire (QoL Compilation)","Permanent Neow","Spicy Shops","StSLib"],"gold_per_floor":[0,15,28,28,39,24,24,24,41,41,52,77,77,88,98,196,196,46,46,46],"floor_reached":19,"playtime":1009,"items_purged":[],"score":169,"play_id":"bf07bd94-852e-4cfb-b2aa-79da7467498c","local_time":"20201231060423","is_ascension_mode":false,"campfire_choices":[{"data":"sneckomod:SnekBite","floor":1,"key":"SMITH"},{"data":"sneckomod:TailWhip","floor":8,"key":"SMITH"},{"floor":10,"key":"RECALL"},{"floor":13,"key":"REST"},{"data":"sneckomod:QuickMove","floor":18,"key":"SMITH"}],"circlet_count":0,"master_deck":["sneckomod:TailWhip+1","sneckomod:SnekBite+1","sneckomod:Unknown","sneckomod:Unknown","sneckomod:UnknownRarePower","sneckomod:Nope","sneckomod:UnknownUncommonPower","sneckomod:TrashToTreasure","sneckomod:QuickMove+1","sneckomod:SnakeSap","sneckomod:ImprovisedGuard","sneckomod:UnknownVulnerable","sneckomod:UnknownRarePower","sneckomod:UnknownUncommonAttack","sneckomod:UnknownBlock","hexamod:SixthSeal","sneckomod:MorePower","sneckomod:Nope","sneckomod:SoulCleanse","sneckomod:Mudshield","sneckomod:SnekBeam","sneckomod:SoulRoll"],"relics":["sneckomod:SneckoSoul","Ice Cream","White Beast Statue","Pandora\u0027s Box","downfall:HeartBlessingRed","downfall:HeartBlessingGreen"],"acts_visited":["Exordium","TheCity"],"potions_floor_usage":[12,16],"damage_taken":[{"damage":4,"enemies":"Cultist","floor":2,"turns":3},{"damage":1,"enemies":"Jaw Worm","floor":3,"turns":3},{"damage":0,"enemies":"Small Slimes","floor":5,"turns":1},{"damage":2,"enemies":"downfall:FleeingMerchant","floor":6,"turns":4},{"damage":17,"enemies":"2 Fungi Beasts","floor":9,"turns":4},{"damage":11,"enemies":"Gremlin Gang","floor":11,"turns":5},{"damage":21,"enemies":"Gremlin Nob","floor":12,"turns":5},{"damage":3,"enemies":"3 Louse","floor":14,"turns":4},{"damage":0,"enemies":"Exordium Wildlife","floor":15,"turns":1},{"damage":39,"enemies":"downfall:Silent","floor":16,"turns":8},{"damage":0,"enemies":"3 Byrds","floor":19,"turns":1}],"seed_played":"-774531399985530726","potions_obtained":[{"floor":2,"key":"SpeedPotion"},{"floor":9,"key":"champ:CounterPotion"},{"floor":14,"key":"PowerPotion"},{"floor":15,"key":"SteroidPotion"},{"floor":16,"key":"DuplicationPotion"}],"is_trial":false,"path_per_floor":["R","M","M","?","M","$","T","R","M","R","M","E","R","M","M","B",null,"R","M"],"character_chosen":"THE_SNECKO","items_purchased":[],"campfire_rested":1,"item_purchase_floors":[],"current_hp_per_floor":[91,87,87,87,87,85,85,85,68,68,58,38,66,64,67,43,96,96,96,96],"gold":46,"neow_bonus":"THREE_RARE_CARDS","is_daily":false,"chose_seed":false,"campfire_upgraded":3,"win_rate":0.0,"timestamp":1609416263,"path_taken":["R","M","M","?","M","$","T","R","M","R","M","E","R","?","M","BOSS","R","M"],"items_purchased_type":[],"build_version":"2020-12-22","purchased_purges":0,"victory":false,"max_hp_per_floor":[91,91,92,92,92,92,92,92,92,92,93,94,94,95,96,96,96,96,96,96],"card_choices":[{"not_picked":["sneckomod:MorePower","sneckomod:UnknownRareAttack"],"picked":"sneckomod:UnknownRarePower","floor":0},{"not_picked":["sneckomod:WideSting","sneckomod:IronFang"],"picked":"sneckomod:Nope","floor":2},{"not_picked":["sneckomod:UnknownWeak","sneckomod:UnknownDexterity"],"picked":"sneckomod:UnknownUncommonPower","floor":3},{"not_picked":["sneckomod:Unknown0Cost","sneckomod:UnknownVulnerable"],"picked":"sneckomod:QuickMove","floor":5},{"not_picked":["sneckomod:ImprovisedGuard","sneckomod:SoulDraw"],"picked":"sneckomod:SnakeSap","floor":6},{"not_picked":["sneckomod:SnakeSap","sneckomod:IronFang"],"picked":"sneckomod:ImprovisedGuard","floor":9},{"not_picked":["sneckomod:Unknown0Cost","sneckomod:PureSnecko"],"picked":"sneckomod:UnknownVulnerable","floor":11},{"not_picked":["sneckomod:UnknownVulnerable","sneckomod:UnknownCommonAttack"],"picked":"sneckomod:UnknownRarePower","floor":12},{"not_picked":["sneckomod:PureSnecko","sneckomod:QuickMove"],"picked":"sneckomod:UnknownUncommonAttack","floor":14},{"not_picked":["sneckomod:Unknown0Cost","sneckomod:SoulRoll"],"picked":"sneckomod:UnknownBlock","floor":15},{"not_picked":["hexamod:FirstSeal","hexamod:FourthSeal"],"picked":"hexamod:SixthSeal","floor":16},{"not_picked":["sneckomod:Cheat","sneckomod:UnknownColorless"],"picked":"sneckomod:MorePower","floor":16}],"player_experience":1423496,"relics_obtained":[{"floor":7,"key":"Ice Cream"},{"floor":12,"key":"White Beast Statue"}],"event_choices":[{"damage_healed":0,"gold_gain":0,"cards_transformed":["sneckomod:Strike"],"player_choice":"Transformed","damage_taken":0,"max_hp_gain":0,"max_hp_loss":0,"event_name":"Transmorgrifier","floor":4,"gold_loss":0,"cards_obtained":["sneckomod:TrashToTreasure"]}],"is_beta":false,"boss_relics":[{"not_picked":["Runic Pyramid","Sozu"],"picked":"Pandora\u0027s Box"}],"items_purged_floors":[],"is_endless":false,"potions_floor_spawned":[2,9,14,15,16],"killed_by":"3 Byrds","ascension_level":0}}