{"host":"rmsq46plbpwfbxcc","time":1609417306,"event":{"mods":["AchievementEnabler","BaseMod","Colored Map","Colored Powertips","DeckTracker","KOR Keyword Fix","Minty Spire (QoL Compilation)","Permanent Neow","Quick Restart","SuperFastMode"],"gold_per_floor":[116,129,147,72,86,86,119,42,42,42,42,42,67,81,81,176,176,190,211,231,66,66,104,104,123,201,201,226,240,240,240,240],"floor_reached":31,"playtime":905,"items_purged":[],"score":518,"play_id":"15abc7fc-4985-4c7a-88c4-bb3b9e358382","local_time":"20201231212146","is_ascension_mode":true,"campfire_choices":[{"data":"Blade Dance","floor":6.0,"key":"SMITH"},{"data":"Envenom","floor":11.0,"key":"SMITH"},{"data":"Cloak And Dagger","floor":15.0,"key":"SMITH"},{"data":"After Image","floor":24.0,"key":"SMITH"},{"data":"Accuracy","floor":27.0,"key":"SMITH"},{"data":"Cloak And Dagger","floor":30.0,"key":"SMITH"}],"circlet_count":0,"master_deck":["AscendersBane","Strike_G","Strike_G","Strike_G","Defend_G","Defend_G","Defend_G","Defend_G","Survivor","Neutralize","Flechettes","Blade Dance+1","Choke","Envenom+1","Accuracy+1","Injury","Cloak And Dagger+1","Glass Knife","Footwork+1","Cloak And Dagger+1","Finisher","After Image+1","Bullet Time"],"relics":["Coffee Dripper","Darkstone Periapt","Sundial","Golden Idol","Empty Cage","Lee\u0027s Waffle","Bronze Scales","Paper Crane"],"acts_visited":["Exordium","TheCity"],"potions_floor_usage":[31],"damage_taken":[{"damage":2.0,"enemies":"Jaw Worm","floor":1.0,"turns":5.0},{"damage":1.0,"enemies":"Small Slimes","floor":2.0,"turns":4.0},{"damage":0.0,"enemies":"2 Louse","floor":3.0,"turns":2.0},{"damage":6.0,"enemies":"Exordium Thugs","floor":5.0,"turns":4.0},{"damage":12.0,"enemies":"3 Sentries","floor":7.0,"turns":7.0},{"damage":4.0,"enemies":"Lots of Slimes","floor":13.0,"turns":5.0},{"damage":2.0,"enemies":"Gremlin Gang","floor":14.0,"turns":5.0},{"damage":25.0,"enemies":"Hexaghost","floor":16.0,"turns":8.0},{"damage":22.0,"enemies":"2 Thieves","floor":18.0,"turns":4.0},{"damage":11.0,"enemies":"Spheric Guardian","floor":19.0,"turns":3.0},{"damage":7.0,"enemies":"Snecko","floor":20.0,"turns":4.0},{"damage":30.0,"enemies":"Gremlin Leader","floor":23.0,"turns":6.0},{"damage":15.0,"enemies":"Snake Plant","floor":25.0,"turns":4.0},{"damage":0.0,"enemies":"Centurion and Healer","floor":28.0,"turns":7.0},{"damage":9.0,"enemies":"Shelled Parasite and Fungi","floor":29.0,"turns":3.0},{"damage":25,"enemies":"Slavers","floor":31,"turns":4}],"seed_played":"-2063186399841736495","potions_obtained":[{"floor":1.0,"key":"Explosive Potion"},{"floor":3.0,"key":"GamblersBrew"},{"floor":13.0,"key":"SpeedPotion"},{"floor":14.0,"key":"LiquidBronze"},{"floor":16.0,"key":"Ancient Potion"},{"floor":18.0,"key":"Swift Potion"},{"floor":19.0,"key":"CultistPotion"},{"floor":23.0,"key":"Fire Potion"},{"floor":25.0,"key":"FearPotion"}],"is_trial":false,"path_per_floor":["M","M","M","?","M","R","E","$","T","?","R","$","M","M","R","B",null,"M","M","M","$","?","E","R","M","T","R","M","M","R","E"],"character_chosen":"THE_SILENT","items_purchased":["Accuracy","Lee\u0027s Waffle"],"campfire_rested":0,"item_purchase_floors":[8,21],"current_hp_per_floor":[57,56,56,56,50,50,38,38,38,44,44,44,40,38,38,13,57,35,24,17,79,79,49,49,34,34,34,34,25,25,0,0],"gold":240,"neow_bonus":"BOSS_RELIC","is_daily":false,"chose_seed":false,"campfire_upgraded":6,"win_rate":0.0,"timestamp":1609417306,"path_taken":["M","M","M","?","M","R","E","$","T","?","R","$","M","M","R","BOSS","M","M","M","$","?","E","R","M","T","R","M","M","R","E"],"items_purchased_type":["Card","Relic"],"build_version":"2020-12-22","purchased_purges":0,"victory":false,"max_hp_per_floor":[66,66,66,66,66,66,66,66,66,72,72,72,72,72,72,72,72,72,72,72,79,79,79,79,79,79,79,79,79,79,79,79],"card_choices":[{"not_picked":["Tactician","Deflect"],"picked":"Flechettes","floor":1.0},{"not_picked":["Masterful Stab","Deflect"],"picked":"Blade Dance","floor":2.0},{"not_picked":["Predator","Acrobatics"],"picked":"Choke","floor":3.0},{"not_picked":["Outmaneuver","Poisoned Stab","Infinite Blades"],"picked":"SKIP","floor":5.0},{"not_picked":["Footwork","Sucker Punch"],"picked":"Envenom","floor":7.0},{"not_picked":["Prepared","Tactician"],"picked":"Cloak And Dagger","floor":13.0},{"not_picked":["Blade Dance","Dagger Spray","Catalyst"],"picked":"SKIP","floor":14.0},{"not_picked":["A Thousand Cuts","Wraith Form v2"],"picked":"Glass Knife","floor":16.0},{"not_picked":["Flying Knee","Endless Agony"],"picked":"Footwork+1","floor":18.0},{"not_picked":["Flying Knee","Backflip"],"picked":"Cloak And Dagger","floor":19.0},{"not_picked":["Dagger Throw","Dodge and Roll"],"picked":"Finisher","floor":20.0},{"not_picked":["Deflect","Prepared","Crippling Poison"],"picked":"SKIP","floor":23.0},{"not_picked":["Heel Hook","Dagger Spray"],"picked":"Bullet Time","floor":25.0},{"not_picked":["Dagger Throw","Outmaneuver","Flying Knee"],"picked":"SKIP","floor":28.0},{"not_picked":["Quick Slash","Infinite Blades","Choke"],"picked":"SKIP","floor":29.0}],"player_experience":1420821,"relics_obtained":[{"floor":7.0,"key":"Darkstone Periapt"},{"floor":9.0,"key":"Sundial"},{"floor":23.0,"key":"Bronze Scales"},{"floor":26.0,"key":"Paper Crane"}],"event_choices":[{"cards_removed":["Strike_G"],"damage_healed":0.0,"max_hp_gain":0.0,"max_hp_loss":0.0,"gold_gain":0.0,"event_name":"The Cleric","player_choice":"Card Removal","floor":4.0,"gold_loss":75.0,"damage_taken":0.0},{"damage_healed":0.0,"max_hp_gain":0.0,"max_hp_loss":0.0,"gold_gain":0.0,"event_name":"Golden Idol","player_choice":"Take Wound","floor":10.0,"gold_loss":0.0,"damage_taken":0.0,"relics_obtained":["Golden Idol"],"cards_obtained":["Injury"]},{"damage_healed":0.0,"max_hp_gain":0.0,"max_hp_loss":0.0,"gold_gain":0.0,"event_name":"The Library","player_choice":"Read","floor":22.0,"gold_loss":0.0,"damage_taken":0.0,"cards_obtained":["After Image"]}],"is_beta":false,"boss_relics":[{"not_picked":["Cursed Key","SacredBark"],"picked":"Empty Cage"}],"items_purged_floors":[],"is_endless":false,"potions_floor_spawned":[1,3,13,14,16,18,19,23,25],"killed_by":"Slavers","ascension_level":20}}