{"host":"pszcj3piwl6eu8b1","time":1609380896,"event":{"mods":["2.2 Compatiblity","Act Like it!","Aspiration","BaseMod","Better Altar","Better Match","Better Note","Better Sensory Stone","Better Skull","Better Third Choice","Better Vampires","CCEM","Elementarium","Energized Spire","Gensokyo","GifTheSpireLib","Hallownest","Hubris","Marisa????????","Menagerie","Minty Spire (QoL Compilation)","Permanent Neow","Quarter Circle Forward PUNCH!","Quick Restart","Replay The Spire","Shop Mod","StSLib","Stuff the Spire","The Animator","The Blue Laboratory"],"gold_per_floor":[24,24,42,53,64,99,113,129,154,154,182,182,201,201,201,207,207],"floor_reached":16,"playtime":2139,"items_purged":[],"score":212,"play_id":"991a4767-2460-4cde-8bf8-25da3ef9700b","local_time":"20201230181456","is_ascension_mode":true,"campfire_choices":[{"floor":12.0,"key":"REST"},{"data":"animator:Eve","floor":15.0,"key":"SMITH"}],"circlet_count":0,"master_deck":["AscendersBane","animator:Strike_Konosuba","animator:Defend_Konosuba","animator:Strike","animator:Strike","animator:Defend","animator:Kazuma","animator:Aqua+1","animator:Verdia","animator:Lancer","animator:Megumin+6","animator:Kazuma","Replay:Bag of Tricks","animator:Chris","animator:Eve+1"],"relics":["animator:LivingPicture","animator:TheMissingPiece","animator:PurgingStone","Dead Branch","StuffTheSpire:GrapeVine","qcfpunch:Fighting_Gloves"],"acts_visited":["Exordium"],"potions_floor_usage":[16,16],"damage_taken":[{"damage":0.0,"enemies":"Small Slimes","floor":1.0,"turns":5.0},{"damage":0.0,"enemies":"Cultist","floor":3.0,"turns":3.0},{"damage":3.0,"enemies":"Jaw Worm","floor":4.0,"turns":5.0},{"damage":4.0,"enemies":"Blue Slaver","floor":5.0,"turns":5.0},{"damage":48.0,"enemies":"Lagavulin","floor":6.0,"turns":9.0},{"damage":9.0,"enemies":"3 Louse","floor":7.0,"turns":3.0},{"damage":0.0,"enemies":"Large Slime","floor":8.0,"turns":17.0},{"damage":0.0,"enemies":"Exordium Wildlife","floor":11.0,"turns":2.0},{"damage":5.0,"enemies":"Looter","floor":13.0,"turns":4.0},{"damage":46,"enemies":"Fading Forest","floor":16,"turns":11}],"seed_played":"-7613151309150525349","potions_obtained":[{"floor":3.0,"key":"Fire Potion"},{"floor":6.0,"key":"FearPotion"},{"floor":7.0,"key":"blueLaboratory:FrostheartPotion"},{"floor":8.0,"key":"Venom Potion"},{"floor":13.0,"key":"BlessingOfTheForge"}],"is_trial":false,"path_per_floor":["M","?","M","M","M","E","M","M","T","?","M","R","M","T","R","B"],"character_chosen":"THE_ANIMATOR","items_purchased":[],"campfire_rested":1,"item_purchase_floors":[],"current_hp_per_floor":[56,56,58,57,56,10,3,5,5,2,4,22,19,19,19,0,0],"gold":207,"neow_bonus":"REMOVE_TWO","is_daily":false,"chose_seed":false,"campfire_upgraded":1,"win_rate":0.0,"timestamp":1609380896,"path_taken":["M","?","?","M","M","E","M","M","T","?","M","R","M","?","R","BOSS"],"items_purchased_type":[],"build_version":"2020-12-22","purchased_purges":0,"victory":false,"max_hp_per_floor":[60,60,60,60,61,61,61,61,61,61,61,61,61,61,61,61,61],"card_choices":[{"not_picked":["animator:ChaikaBohdan","animator:Benimaru"],"picked":"animator:Verdia","floor":1.0},{"not_picked":["animator:Priestess","animator:Shichika","animator:ChlammyZell"],"picked":"SKIP","floor":3.0},{"not_picked":["animator:ChlammyZell","animator:Arpeggio","animator:Jibril"],"picked":"SKIP","floor":4.0},{"not_picked":["animator:YunYun","animator:Kazuma"],"picked":"animator:Megumin","floor":5.0},{"not_picked":["animator:WinryRockbell","animator:Witch","animator:SuzuneAmano"],"picked":"SKIP","floor":6.0},{"not_picked":["animator:HighElfArcher","animator:SayakaMiki"],"picked":"animator:Kazuma","floor":7.0},{"not_picked":["animator:Aisha","animator:TukaLunaMarceau","animator:Priestess"],"picked":"SKIP","floor":8.0},{"not_picked":["animator:Kazuma","animator:Verdia"],"picked":"animator:Chris","floor":11.0},{"not_picked":["animator:Shalltear","animator:Togame"],"picked":"animator:Eve","floor":13.0}],"player_experience":1360316,"relics_obtained":[{"floor":6.0,"key":"Dead Branch"},{"floor":9.0,"key":"StuffTheSpire:GrapeVine"},{"floor":14.0,"key":"qcfpunch:Fighting_Gloves"}],"event_choices":[{"damage_healed":0.0,"max_hp_gain":0.0,"max_hp_loss":0.0,"gold_gain":0.0,"cards_transformed":["animator:Defend"],"event_name":"Transmorgrifier","player_choice":"Transformed","floor":2.0,"gold_loss":0.0,"damage_taken":0.0,"cards_obtained":["animator:Lancer"]},{"damage_healed":0.0,"max_hp_gain":0.0,"max_hp_loss":0.0,"gold_gain":1.0,"event_name":"betterThird:BetterScrap","player_choice":"Card ","floor":10.0,"gold_loss":0.0,"damage_taken":3.0,"cards_obtained":["Replay:Bag of Tricks","StuffTheSpire:ForEach"]}],"is_beta":false,"boss_relics":[],"items_purged_floors":[],"is_endless":false,"potions_floor_spawned":[3,6,7,8,13],"killed_by":"Fading Forest","ascension_level":20}}