{"host":"645xqr9rkj71uhiq","time":1609420597,"event":{"mods":["AchievementEnabler","Act Like it!","BaseMod","Beaked The Cultist","Better Altar","Better Third Choice","BetterRewards","Card Forge","Colored Map","Conspire","Downfall","Hallownest","Hermit","Hubris","Infinite Spire","Lobotomy","Minty Spire (QoL Compilation)","Rare Cards Sparkle","Replay The Spire","Spicy Shops","Spikes Relics","StSLib","The Bug Knight","The Hierophant"],"gold_per_floor":[109,119,139,149,166,196,209,10,10,43,43,43,54,80,80,185,185,195,195,120,138,138,167,167,199,199,230,230,287,300,300,300],"floor_reached":31,"playtime":1969,"items_purged":["Shame"],"score":380,"play_id":"06c0a589-fbe5-455c-9b63-d82e9c16cd98","local_time":"20201231081637","is_ascension_mode":true,"campfire_choices":[{"floor":11,"key":"REST"},{"data":"Demon Form","floor":15,"key":"SMITH"},{"data":"Demon Form","floor":24,"key":"SMITH"}],"circlet_count":0,"master_deck":["Strike_R","Strike_R","Strike_R","Strike_R","Defend_R","Defend_R","Defend_R","Defend_R","Bash","BlackAim","Bash","Sword Boomerang","Thunderclap","Demon Form+1","Demon Form+1","Shockwave","Headbutt+1","Demon Form+1","Hemokinesis+1","True Grit+1","Pummel"],"relics":["Burning Blood","Hammer of Thor","Seething Fire","Anvil of the Gods","conspire:InfiniteJournal","HollowMod:LifeEnderRelic","infinitespire:Beetle Shell","SpikesRelics:ToyHorsey","infinitespire:Lucky Rock","Anchor","Astrolabe","WarpedTongs","Hallownest:NailmastersGloryRelic","hubris:DeckOfHolding","Bottled Lightning","RoseTintedShades","infinitespire:PuzzleCube"],"acts_visited":["Hallownest:Greenpath","Hallownest:CityofTears"],"potions_floor_usage":[4,10,15,16,21,25,27,29,30,31,31],"damage_taken":[{"damage":6,"enemies":"Hallownest:2_Tiktiks_and_1_Crawlid","floor":1,"turns":3},{"damage":2,"enemies":"Hallownest:2_Baldur","floor":2,"turns":5},{"damage":3,"enemies":"2_ Uuma","floor":3,"turns":6},{"damage":44,"enemies":"Hallownest:Guard_and_Warrior","floor":4,"turns":11},{"damage":9,"enemies":"Hallownest:monsterMossCharger","floor":5,"turns":5},{"damage":19,"enemies":"Hallownest:eliteVengeflyKing","floor":6,"turns":12},{"damage":2,"enemies":"Hallownest:Wandering_and_Horned","floor":7,"turns":6},{"damage":5,"enemies":"Hallownest:eliteMossKnight","floor":10,"turns":5},{"damage":24,"enemies":"Hallownest:Guard_and_Warrior","floor":13,"turns":6},{"damage":14,"enemies":"Hallownest:eliteCrystalGuardian","floor":14,"turns":5},{"damage":29,"enemies":"Hallownest:BossFalseKnight","floor":16,"turns":6},{"damage":8,"enemies":"Hallownest:Flukemon_and_Top","floor":18,"turns":5},{"damage":9,"enemies":"Hallownest:Guard_and_Sentry","floor":21,"turns":4},{"damage":2,"enemies":"Hallownest:Nosk","floor":23,"turns":4},{"damage":12,"enemies":"Hallownest:eliteSoulWarrior","floor":25,"turns":5},{"damage":13,"enemies":"Hallownest:eliteWatcherKnight","floor":27,"turns":11},{"damage":33,"enemies":"Hallownest:Glutton_and_Coward","floor":29,"turns":4},{"damage":18,"enemies":"Hallownest:Master_and_Novice","floor":30,"turns":4},{"damage":33,"enemies":"Hallownest:2_Flukemon","floor":31,"turns":6}],"seed_played":"-6157373067466452570","potions_obtained":[{"floor":1,"key":"BloodPotion"},{"floor":3,"key":"hexamod:EctoCoolerPotion"},{"floor":6,"key":"SkillPotion"},{"floor":7,"key":"BlessingOfTheForge"},{"floor":13,"key":"AttackPotion"},{"floor":21,"key":"AttackPotion"},{"floor":23,"key":"SneckoOil"},{"floor":25,"key":"Dexterity Potion"},{"floor":29,"key":"Adrenaline Potion"},{"floor":30,"key":"GamblersBrew"}],"is_trial":false,"path_per_floor":["M","M","M","M","M","E","M","$","T","E","R","$","M","E","R","B",null,"M","?","$","M","?","E","R","E","T","E","?","M","M","M"],"character_chosen":"IRONCLAD","items_purchased":["Demon Form","infinitespire:Beetle Shell"],"campfire_rested":1,"item_purchase_floors":[8,8],"current_hp_per_floor":[80,80,80,42,39,26,30,30,30,31,55,55,37,29,45,22,80,78,78,78,75,75,79,79,73,73,66,66,39,27,0,0],"gold":300,"neow_bonus":"ONE_RARE_RELIC","is_daily":false,"chose_seed":false,"campfire_upgraded":2,"win_rate":0.0,"timestamp":1609420597,"path_taken":["M","M","M","M","?","E","M","$","T","E","R","$","M","E","R","BOSS","M","?","$","?","?","E","R","E","T","E","?","M","?","M"],"items_purchased_type":["Card","Relic"],"build_version":"2020-12-22","purchased_purges":1,"victory":false,"max_hp_per_floor":[80,80,80,80,80,80,80,80,80,80,80,80,80,80,80,80,80,80,80,80,80,80,80,80,80,80,80,80,80,80,80,80],"card_choices":[{"not_picked":["ReplayTheSpireMod:Strike From Hell","Clash"],"picked":"ReplayTheSpireMod:Muscle Training","floor":1},{"not_picked":["Whirlwind","Massacre"],"picked":"Rupture","floor":2},{"not_picked":["Absolvement","Anger","Armaments"],"picked":"SKIP","floor":3},{"not_picked":["Invigoration","Perfected Strike"],"picked":"Sword Boomerang","floor":4},{"not_picked":["Thunderclap","Sword Boomerang","conspire:Charge"],"picked":"SKIP","floor":5},{"not_picked":["Pommel Strike","Searing Blow"],"picked":"Thunderclap","floor":6},{"not_picked":["Sword Boomerang","Armaments","ReplayTheSpireMod:Strike From Hell"],"picked":"SKIP","floor":7},{"not_picked":["Ghostly Armor","Rampage"],"picked":"Shockwave","floor":10},{"not_picked":["ReplayTheSpireMod:LeadingStrike","Life Link","Perfected Strike"],"picked":"SKIP","floor":13},{"not_picked":["Warcry","Whirlwind","Wild Strike"],"picked":"SKIP","floor":14},{"not_picked":["Cleave+1","Flex","Anger"],"picked":"SKIP","floor":18},{"not_picked":["Cleave","Inflame"],"picked":"True Grit+1","floor":21},{"not_picked":["Inflame","Heavy Blade","conspire:ExplosiveBarrier"],"picked":"SKIP","floor":23},{"not_picked":["Blood for Blood","Anger","Body Slam"],"picked":"SKIP","floor":25},{"not_picked":["Life Link+1","Run Through","Power Through+1"],"picked":"SKIP","floor":27},{"not_picked":["Seeing Red+1","Armaments+1"],"picked":"Pummel","floor":29},{"not_picked":["Twin Strike+1","Whirlwind","Second Wind+1"],"picked":"SKIP","floor":30}],"player_experience":13057,"relics_obtained":[{"floor":6,"key":"HollowMod:LifeEnderRelic"},{"floor":9,"key":"SpikesRelics:ToyHorsey"},{"floor":10,"key":"infinitespire:Lucky Rock"},{"floor":14,"key":"Anchor"},{"floor":23,"key":"hubris:DeckOfHolding"},{"floor":25,"key":"Bottled Lightning"},{"floor":26,"key":"RoseTintedShades"},{"floor":27,"key":"infinitespire:PuzzleCube"}],"event_choices":[],"is_beta":false,"boss_relics":[{"not_picked":["infinitespire:Cupcake","Honey Jar"],"picked":"Astrolabe"}],"items_purged_floors":[20],"is_endless":false,"potions_floor_spawned":[1,3,6,7,13,21,23,25,29,30],"killed_by":"Hallownest:2_Flukemon","ascension_level":3}}