{"host":"k61zkrqx5zdi0yzo","time":1609387803,"event":{"mods":["AchievementEnabler","BaseMod","Colored Map","Highlight Path","Minty Spire (QoL Compilation)","Permanent Neow","Quick Restart","Rare Cards Sparkle","StSLib","SuperFastMode"],"gold_per_floor":[118,131,151,163,176,176,8,8,8,8,22,36,36,63,63,161,161,178,190,90,90,90,90],"floor_reached":22,"playtime":1056,"items_purged":["Defend_G","Defend_G"],"score":188,"play_id":"46eceeac-054f-4cc9-afbb-36429579e282","local_time":"20201231131003","is_ascension_mode":false,"campfire_choices":[{"data":"Backflip","floor":6,"key":"SMITH"},{"data":"Strike_G","floor":10,"key":"PURGE"},{"data":"Bane","floor":13,"key":"SMITH"},{"data":"Backflip","floor":15,"key":"SMITH"}],"circlet_count":0,"master_deck":["Strike_G","Strike_G","Strike_G","Strike_G","Defend_G","Defend_G","Survivor","Neutralize","Flying Knee","Backflip+1","Backflip+1","Poisoned Stab","Footwork","Footwork","Dagger Throw","Poisoned Stab","Bane+1","Blur","Escape Plan+1","Flying Knee+1","Decay"],"relics":["Ring of the Serpent","Peace Pipe","Ornamental Fan","Unceasing Top"],"acts_visited":["Exordium","TheCity"],"potions_floor_usage":[14,14,16,18],"damage_taken":[{"damage":0,"enemies":"Cultist","floor":1,"turns":4},{"damage":1,"enemies":"2 Louse","floor":2,"turns":3},{"damage":2,"enemies":"Jaw Worm","floor":3,"turns":5},{"damage":1,"enemies":"Red Slaver","floor":4,"turns":4},{"damage":0,"enemies":"Blue Slaver","floor":5,"turns":4},{"damage":0,"enemies":"Looter","floor":11,"turns":3},{"damage":4,"enemies":"3 Louse","floor":12,"turns":4},{"damage":14,"enemies":"3 Sentries","floor":14,"turns":7},{"damage":24,"enemies":"Hexaghost","floor":16,"turns":12},{"damage":17,"enemies":"2 Thieves","floor":18,"turns":5},{"damage":2,"enemies":"Chosen","floor":19,"turns":4},{"damage":20,"enemies":"3 Cultists","floor":22,"turns":6}],"seed_played":"-145414261826796997","potions_obtained":[{"floor":1,"key":"ColorlessPotion"},{"floor":4,"key":"SneckoOil"},{"floor":11,"key":"LiquidBronze"},{"floor":16,"key":"BlessingOfTheForge"}],"is_trial":false,"path_per_floor":["M","M","M","M","M","R","$","?","T","R","M","M","R","E","R","B",null,"M","M","$","?","M"],"character_chosen":"THE_SILENT","items_purchased":["Footwork","Dagger Throw"],"campfire_rested":0,"item_purchase_floors":[7,7],"current_hp_per_floor":[63,62,60,59,59,59,59,59,59,59,59,55,55,41,41,17,63,46,44,44,44,24,24],"gold":90,"neow_bonus":"ONE_RARE_RELIC","is_daily":false,"chose_seed":false,"campfire_upgraded":3,"win_rate":0.0,"timestamp":1609387803,"path_taken":["M","?","M","M","M","R","$","?","T","R","M","M","R","E","R","BOSS","M","M","$","?","M"],"items_purchased_type":["Card","Card"],"build_version":"2020-12-22","purchased_purges":2,"victory":false,"max_hp_per_floor":[63,63,63,63,63,63,63,63,63,63,63,63,63,63,63,63,63,63,63,63,63,63,63],"card_choices":[{"not_picked":["Noxious Fumes","Blur"],"picked":"Flying Knee","floor":1},{"not_picked":["Quick Slash","Outmaneuver"],"picked":"Backflip","floor":2},{"not_picked":["Calculated Gamble","Crippling Poison"],"picked":"Backflip","floor":3},{"not_picked":["Choke","Sucker Punch"],"picked":"Poisoned Stab","floor":4},{"not_picked":["Terror","Prepared"],"picked":"Footwork","floor":5},{"not_picked":["Blade Dance","Reflex"],"picked":"Poisoned Stab","floor":11},{"not_picked":["Prepared","Flying Knee"],"picked":"Bane","floor":12},{"not_picked":["Cloak And Dagger","Well Laid Plans"],"picked":"Blur","floor":14},{"not_picked":["Outmaneuver","PiercingWail+1"],"picked":"Escape Plan+1","floor":18},{"not_picked":["Catalyst+1","Accuracy"],"picked":"Flying Knee+1","floor":19}],"player_experience":8349,"relics_obtained":[{"floor":9,"key":"Ornamental Fan"},{"floor":14,"key":"Unceasing Top"}],"event_choices":[{"cards_removed":["Defend_G"],"damage_healed":0,"gold_gain":0,"player_choice":"Forget","damage_taken":0,"max_hp_gain":0,"max_hp_loss":0,"event_name":"Living Wall","floor":8,"gold_loss":0},{"damage_healed":0,"gold_gain":0,"player_choice":"Cursed","damage_taken":0,"max_hp_gain":0,"max_hp_loss":0,"event_name":"Wheel of Change","floor":21,"gold_loss":0,"cards_obtained":["Decay"]}],"is_beta":false,"boss_relics":[{"not_picked":["Fusion Hammer","Busted Crown"],"picked":"Ring of the Serpent"}],"items_purged_floors":[7,20],"is_endless":false,"potions_floor_spawned":[1,4,11,16],"killed_by":"3 Cultists","ascension_level":0}}