{"host":"drrjwv4o5ms3zsrm","time":1609406838,"event":{"mods":["ATMod(阿瑾Mod)","Act Like it!","Aspiration","BaseMod","CapriCore","Colored Powertips","Conspire","Friendly Minions","Gensokyo","Jedi Mod","Lobotomy","LobotomyExtend","Minty Spire (QoL Compilation)","MostiFishMod","Replay The Spire","RumiaBox-露米娅的神秘盒子","StSLib","TestMod","The Alterego","The Immortal","Waifu the Spire","WarShipGirlsR/战舰少女R mod","[IsaacMod]以撒尖塔","vexMod","【遗物卡牌】REMEMod","残留之物","篝火指南"],"gold_per_floor":[113,513,528,311,393,453,453,480,480,490,490,525,525,525,525,623,623,643,655,905,905,905,905,958,958,1039,1074,1074,1086,341,366,366,463,463,483,483,503,533,88,383,383,519,519,629,792,890,890,1040,1040,1077],"floor_reached":51,"playtime":2125,"items_purged":["SpecialBullet","SpecialBullet"],"score":1434,"play_id":"c464c8c1-4930-487b-82a8-8bda31405c84","local_time":"20201231172718","is_ascension_mode":true,"campfire_choices":[],"circlet_count":0,"master_deck":["SpecialBullet","SpecialBullet","SpecialBullet","SpecialBullet","InformationCode","ControlCode","SecurityCode","AT_FamilyPortrait","alterego_mod:SakuraLabyrinth","Ecstasy","Diffraction","Spore","Twilight+1","ScreamingWedge+1","Regret_ego","UniverseFragment","OSAHOGD","DisciplinaryCode","ExtractionCode","Twilight","OldLady","TheSmile","WallGazer","MHz","Ecstasy","BlackSwan","Gensokyo:FourOfAKind","Gensokyo:FourOfAKind","Gensokyo:FourOfAKind","Gensokyo:FourOfAKind","FieryBird","Regret_ego","Gensokyo:MenInBlack","Twilight","Twilight+1","RedShoes","GoldRush+1","SnowQueen","Variant","Horn+1","Rudolta","Spore+1","MostiFishMod:ButterFly+1","QueenOfHatred","Regret_ego+1","WelfareCode","Yin","TodaysExpression+1","QueenBee","LittleHelper","Christmas+1","Spore+1","PunishingBird"],"relics":["CogitoBucket","testmod-TestBox","DaveBox","HushsDoor","REME_ComplimentaryCards","testmod-ChristmasGift","ChiXiaoBlade","GuppysHead","NeowsBlessing","SynthV:TestCard","TuHaoJin","AT_BellowingDragoncrestRing","SatanicBible","AT_Manta","RedMistMask","SlaversCollar","Theresia","HonorFeather","MagicBullet_r","PlaceholderMod:SoulofChaos","testmod-ConstraintPeriapt","REME_CardOfGreed","BirthdayGift-Tetrahedron","Frozen Eye","vexMod:RetaliationKit","PatriotShield","AdjustmentMirror","Replay:Bandana","vexMod:ScavengeHelm","GodSword7","REME_ArchaeologicalTools","AT_DeathDance","Toxic Egg 2","Yang_Lob","jedi:cryingmask","BackwardClock"],"acts_visited":["Exordium","Gensokyo:Gensokyoer","TheBeyond"],"potions_floor_usage":[51],"damage_taken":[{"damage":0.0,"enemies":"Small Slimes","floor":1.0,"turns":1.0},{"damage":0.0,"enemies":"Jaw Worm","floor":3.0,"turns":1.0},{"damage":0.0,"enemies":"3 Sentries","floor":6.0,"turns":1.0},{"damage":5.0,"enemies":"Lagavulin","floor":8.0,"turns":4.0},{"damage":0.0,"enemies":"Cultist","floor":10.0,"turns":3.0},{"damage":24.0,"enemies":"Gremlin Nob","floor":12.0,"turns":5.0},{"damage":6.0,"enemies":"Slime Boss","floor":16.0,"turns":7.0},{"damage":0.0,"enemies":"Gensokyo:CosmicMonolith","floor":18.0,"turns":3.0},{"damage":9.0,"enemies":"Gensokyo:AngelMirror","floor":19.0,"turns":2.0},{"damage":0.0,"enemies":"Gensokyo:AngelMirror","floor":21.0,"turns":2.0},{"damage":0.0,"enemies":"Gensokyo:Chomper_and_Gloop","floor":24.0,"turns":2.0},{"damage":2.0,"enemies":"Gensokyo:Reisen","floor":27.0,"turns":3.0},{"damage":0.0,"enemies":"Gensokyo:3_Gloops","floor":29.0,"turns":2.0},{"damage":2.0,"enemies":"Gensokyo:Tenshi","floor":31.0,"turns":1.0},{"damage":5.0,"enemies":"Gensokyo:Eternal_Rivals","floor":33.0,"turns":2.0},{"damage":20.0,"enemies":"3 Darklings","floor":35.0,"turns":1.0},{"damage":2.0,"enemies":"Orb Walker","floor":37.0,"turns":1.0},{"damage":2.0,"enemies":"Jaw Worm Horde","floor":38.0,"turns":1.0},{"damage":5,"enemies":"R_Hoarder","floor":40,"turns":2},{"damage":0,"enemies":"Giant Head","floor":42,"turns":1},{"damage":2,"enemies":"Reptomancer","floor":44,"turns":1},{"damage":22,"enemies":"Maw","floor":45,"turns":2},{"damage":0,"enemies":"Sphere and 2 Shapes","floor":46,"turns":1},{"damage":4,"enemies":"Transient","floor":48,"turns":2},{"damage":12,"enemies":"FixerMidnight","floor":50,"turns":2},{"damage":3,"enemies":"Malkuth","floor":51,"turns":2},{"damage":9,"enemies":"Hod","floor":51,"turns":1},{"damage":9,"enemies":"Chesed","floor":51,"turns":2},{"damage":57,"enemies":"Binah","floor":51,"turns":5},{"damage":36,"enemies":"Angela","floor":51,"turns":3}],"seed_played":"6135877226224220882","potions_obtained":[{"floor":3.0,"key":"REME_GoldPotion"},{"floor":37.0,"key":"AttackPotion"},{"floor":46,"key":"EssenceOfSteel"}],"is_trial":false,"path_per_floor":["M","?","M","$","?","E","R","E","T","M","R","E","R","?","R","B",null,"M","M","?","?","?","R","M","R","T","E","?","M","COS","E","R","B",null,"M","?","M","M","$","E","R","E","T","E","M","M","R","M","R","B",null],"character_chosen":"Angela","items_purchased":["Spore","Twilight","MostiFishMod:ButterFly+1","vexMod:ScavengeHelm"],"campfire_rested":0,"item_purchase_floors":[4,4,39,39],"current_hp_per_floor":[70,70,70,70,55,67,67,70,70,74,74,62,62,46,46,60,82,86,89,85,85,85,85,89,89,89,89,65,69,69,69,69,73,73,66,69,80,88,88,92,92,96,96,96,99,104,104,108,108,108],"gold":1330,"neow_bonus":"THREE_ENEMY_KILL","is_daily":false,"chose_seed":false,"campfire_upgraded":0,"win_rate":0.0,"timestamp":1609406838,"path_taken":["M","?","?","?","?","E","R","E","T","M","R","E","R","?","R","BOSS","M","?","?","?","?","R","?","R","T","E","?","M","COS","E","R","BOSS","M","?","M","M","$","E","R","E","T","E","M","M","R","M","R","BOSS"],"items_purchased_type":["Card","Card","Card","Relic"],"build_version":"2020-12-22","purchased_purges":2,"victory":true,"max_hp_per_floor":[70,70,70,70,70,70,70,70,70,74,74,78,78,78,78,82,82,86,90,85,85,85,85,89,89,89,89,65,69,69,69,69,73,73,77,80,84,88,88,92,92,96,96,96,100,104,104,108,108,108],"card_choices":[{"not_picked":["Penitence"],"picked":"Ecstasy","floor":1.0},{"not_picked":["Logging","Penitence","Galaxy"],"picked":"Diffraction","floor":3.0},{"not_picked":["Soda","Wingbeat","Justitia"],"picked":"ScreamingWedge","floor":6.0},{"not_picked":["ParadiseLost","Loneliness","SomewhereSpear"],"picked":"Regret_ego","floor":8.0},{"not_picked":["Wellcheers","BeautyBeast"],"picked":"UniverseFragment","floor":10.0},{"not_picked":["Galaxy","Noise","Loneliness","Horn"],"picked":"SKIP","floor":10.0},{"not_picked":["Bloodbath","Variant"],"picked":"OSAHOGD","floor":12.0},{"not_picked":["Wingbeat","BloodyDesire","Lantern","Mimicry"],"picked":"SKIP","floor":12.0},{"not_picked":["Adoration","SoundOfStar","ParadiseLost"],"picked":"Twilight","floor":16.0},{"not_picked":["DreamingCurrent","Bloodbath"],"picked":"OldLady","floor":16.0},{"not_picked":["Mimicry","CENSORED_ego","DaCapo"],"picked":"TheSmile","floor":16.0},{"not_picked":["VoidDream","WhiteNight"],"picked":"WallGazer","floor":18.0},{"not_picked":["RapturousDream+1","Hypocrisy","FrostShard","TheSmile"],"picked":"SKIP","floor":18.0},{"not_picked":["VoidDream","LittleHelper"],"picked":"MHz","floor":19.0},{"not_picked":["FeatherOfHonor","CherryBlossom","Noise+1","Wingbeat"],"picked":"SKIP","floor":19.0},{"not_picked":["CherryBlossom","Hornet","Noise","RedEyes"],"picked":"SKIP","floor":19.0},{"not_picked":["FeatherOfHonor","CherryBlossom","Noise+1","Wingbeat"],"picked":"SKIP","floor":19.0},{"not_picked":["CherryBlossom","Hornet","Noise","RedEyes"],"picked":"SKIP","floor":19.0},{"not_picked":["Galaxy","Penitence+1","Loneliness","WristCuter"],"picked":"Ecstasy","floor":24.0},{"not_picked":["Rudolta","BlueStar"],"picked":"BlackSwan","floor":24.0},{"not_picked":["CUTE+1","FourthMatchFlame+1","RedEyes+1","Penitence","LifeForTheDareDevil+1"],"picked":"SKIP","floor":24.0},{"not_picked":["NothingThere","LittlePrince","Laetitia"],"picked":"Singing Bowl","floor":27.0},{"not_picked":["Loneliness","Moonlight","RedEyes","ShedSkin","SomewhereSpear"],"picked":"SKIP","floor":27.0},{"not_picked":["CrumblingArmor","MeatLantern","LaLuna"],"picked":"Singing Bowl","floor":29.0},{"not_picked":["Wellcheers","Scorched"],"picked":"FieryBird","floor":29.0},{"not_picked":["Lantern+1","Heaven+1","RapturousDream+1","SomewhereSpear"],"picked":"Regret_ego","floor":29.0},{"not_picked":["CENSORED","Rudolta","FairyFestival"],"picked":"Singing Bowl","floor":31.0},{"not_picked":["Galaxy","FeatherOfHonor","Amita","Soda+1"],"picked":"Twilight","floor":31.0},{"not_picked":["DaCapo+1","Pinks+1","Adoration+1","ParadiseLost+1"],"picked":"Twilight+1","floor":33.0},{"not_picked":["GreedKing","SilentOrchestra","Wellcheers"],"picked":"Singing Bowl","floor":33.0},{"not_picked":["BlueStar","Scorched"],"picked":"RedShoes","floor":33.0},{"not_picked":["CENSORED_ego+1","Twilight+1","Pinks+1","SoundOfStar+1"],"picked":"GoldRush+1","floor":33.0},{"not_picked":["Bloodbath","SnowQueen","Wellcheers"],"picked":"Singing Bowl","floor":35.0},{"not_picked":["DespairKnight","MeatLantern"],"picked":"SnowQueen","floor":35.0},{"not_picked":["Hypocrisy+1","Loneliness+1","Amita+1","SwordSharpenedByTears+1","Tough+1"],"picked":"SKIP","floor":35.0},{"not_picked":["BlueStar","Woodsman"],"picked":"Variant","floor":37.0},{"not_picked":["CUTE+1","RapturousDream+1","CherryBlossom+1","SomewhereSpear+1"],"picked":"Horn+1","floor":37.0},{"not_picked":["HeroicMonk","GalaxyChild"],"picked":"Rudolta","floor":38.0},{"not_picked":["Regret_ego+1","Lantern+1","Noise+1","Discord+1"],"picked":"Spore+1","floor":38.0},{"not_picked":["BlackArmy","Woodsman"],"picked":"QueenOfHatred","floor":40},{"not_picked":["CUTE+1","Penitence+1","Lantern+1","Amita+1"],"picked":"Regret_ego+1","floor":40},{"not_picked":["LittlePrince","HeroicMonk","CENSORED"],"picked":"Singing Bowl","floor":42},{"not_picked":["BigBadWolf","Murderer"],"picked":"Yin","floor":42},{"not_picked":["CUTE+1","RapturousDream+1","FourthMatchFlame+1","FrostShard+1","RedEyes+1"],"picked":"SKIP","floor":42},{"not_picked":["Mimicry+1","GrinderMk4+1","ShedSkin+1","FourthMatchFlame+1"],"picked":"TodaysExpression+1","floor":44},{"not_picked":["MeltingLove","Funeral","SilentOrchestra"],"picked":"Singing Bowl","floor":45},{"not_picked":["DespairKnight","Wellcheers"],"picked":"QueenBee","floor":45},{"not_picked":["FourthMatchFlame+1","Beak+1","FrostShard+1","Tough+1","LifeForTheDareDevil+1"],"picked":"SKIP","floor":45},{"not_picked":["CherryBlossom+1","Tough+1","SomewhereSpear+1","RapturousDream+1","Beak+1"],"picked":"SKIP","floor":45},{"not_picked":["HeroicMonk","MeltingLove"],"picked":"LittleHelper","floor":46},{"not_picked":["Beak+1","SomewhereSpear+1","CherryBlossom+1","TodaysExpression+1"],"picked":"Christmas+1","floor":46},{"not_picked":["FourthMatchFlame+1","WristCuter+1","CherryBlossom+1","Regret_ego+1"],"picked":"Spore+1","floor":48},{"not_picked":["Porccubus","LaLuna","HappyTeddy"],"picked":"Singing Bowl","floor":48},{"not_picked":["NakedNest","GalaxyChild"],"picked":"PunishingBird","floor":48},{"not_picked":["Noise+1","Diffraction+1","CUTE+1","ParadiseLost+1","Tough+1"],"picked":"SKIP","floor":48}],"player_experience":223258,"relics_obtained":[{"floor":1.0,"key":"SynthV:TestCard"},{"floor":6.0,"key":"TuHaoJin"},{"floor":8.0,"key":"AT_BellowingDragoncrestRing"},{"floor":9.0,"key":"SatanicBible"},{"floor":12.0,"key":"AT_Manta"},{"floor":16.0,"key":"RedMistMask"},{"floor":26.0,"key":"PlaceholderMod:SoulofChaos"},{"floor":27.0,"key":"testmod-ConstraintPeriapt"},{"floor":31.0,"key":"vexMod:RetaliationKit"},{"floor":40,"key":"REME_ArchaeologicalTools"},{"floor":42,"key":"AT_DeathDance"},{"floor":43,"key":"Toxic Egg 2"},{"floor":44,"key":"jedi:cryingmask"}],"event_choices":[{"damage_healed":0.0,"max_hp_gain":0.0,"max_hp_loss":0.0,"gold_gain":400.0,"event_name":"恩洛斯的盘子","player_choice":"Sell","floor":2.0,"relics_lost":["AT_ATBox"],"gold_loss":0.0,"damage_taken":0.0},{"damage_healed":0.0,"max_hp_gain":0.0,"max_hp_loss":0.0,"gold_gain":0.0,"event_name":"Shining Light","player_choice":"Entered Light","floor":14.0,"gold_loss":0.0,"damage_taken":16.0,"cards_upgraded":["ScreamingWedge","Twilight"]},{"cards_removed":["SpecialBullet"],"damage_healed":0.0,"max_hp_gain":0.0,"max_hp_loss":0.0,"gold_gain":0.0,"event_name":"Falling","player_choice":"Removed Attack","floor":36.0,"gold_loss":0.0,"damage_taken":0.0}],"is_beta":false,"boss_relics":[{"not_picked":["Astrolabe","SynthV:MejaisSoulstealer"],"picked":"SlaversCollar"},{"not_picked":[]},{"not_picked":["testmod-StringDisintegrator","Replay:Wanted Poster"],"picked":"PatriotShield"},{"not_picked":[]}],"items_purged_floors":[4,39],"is_endless":false,"potions_floor_spawned":[3,21,29,37,46],"ascension_level":3}}