{"host":"be3r5d8qs4ku9xfy","time":1609396201,"event":{"mods":["AchievementEnabler","Act Like it!","Aspiration","BaseMod","BetterRewards","Colored Map","Colored Powertips","Downfall","Gensokyo","Highlight Path","Hubris","Infinite Spire","Lobotomy","Minty Spire (QoL Compilation)","Quick Restart","Replay The Spire","Shop Mod","StSLib","SuperFastMode","The Construct"],"gold_per_floor":[17,117,117,136,386,386,423,449,449,449,495,495,527,527,527,563,563],"floor_reached":16,"playtime":859,"items_purged":[],"score":150,"play_id":"7befb344-2f99-41cb-91f0-7997fd668e24","local_time":"20201231013001","daily_mods":["Specialized","Vintage","Heirloom","Time Dilation","Flight","downfall:Lament","Diverse","Colorless Cards"],"is_ascension_mode":false,"campfire_choices":[{"data":"hubris:MerchantsHand","floor":6.0,"key":"SMITH"},{"data":"hubris:MerchantsHand","floor":10,"key":"SMITH"},{"data":"Slimebound:FirmFortitude","floor":15,"key":"SMITH"}],"circlet_count":0,"master_deck":["Strike_R","Strike_G","Strike_B","hubris:Strike_Merchant","Defend_R","Defend_G","Defend_B","hubris:Defend_Merchant","hubris:MerchantsHand+1","hubris:MerchantsHand+1","Sucker Punch","Sucker Punch","Sucker Punch","Sucker Punch","Sucker Punch","hubris:Disease","Guardian:Reroute","Slimebound:FirmFortitude+1"],"relics":["Smiling Mask","hubris:NiceRug","replay:Trail_Library","NeowsBlessing","Unceasing Top","Thread and Needle","aspiration:Nostalgia","m_SlimeRing","aspiration:HiddenCompartment","Centennial Puzzle","ReplayTheSpireMod:Lightbulb","Replay:Bandana","Gremlin Horn","hubris:DeckOfHolding"],"acts_visited":["Exordium"],"potions_floor_usage":[],"damage_taken":[{"damage":0.0,"enemies":"Cultist","floor":1.0,"turns":1.0},{"damage":0.0,"enemies":"2 Louse","floor":4.0,"turns":1.0},{"damage":0.0,"enemies":"Lagavulin","floor":7.0,"turns":1.0},{"damage":0,"enemies":"Jaw Worm","floor":8,"turns":2},{"damage":0,"enemies":"Gremlin Gang","floor":11,"turns":5},{"damage":2,"enemies":"Exordium Wildlife","floor":13,"turns":4},{"damage":2,"enemies":"Slime Boss","floor":16,"turns":13}],"seed_played":"4694577617131290118","potions_obtained":[{"floor":4.0,"key":"Strength Potion"},{"floor":7.0,"key":"FearPotion"},{"floor":12,"key":"SmokeBomb"},{"floor":12,"key":"EssenceOfSteel"},{"floor":12,"key":"Slimebound:ThreeZeroPotion"}],"is_trial":true,"path_per_floor":["M","WH","WH","M","WH","R","E","M","T","R","M","?","M","$","R","B"],"character_chosen":"DEFECT","items_purchased":[],"campfire_rested":0,"item_purchase_floors":[],"current_hp_per_floor":[75,75,75,75,75,75,75,75,75,75,75,75,73,73,73,71,71],"gold":563,"neow_bonus":"TWO_FIFTY_GOLD","is_daily":false,"chose_seed":false,"campfire_upgraded":3,"win_rate":0.0,"timestamp":1609396201,"path_taken":["M","WH","WH","M","WH","R","E","?","T","R","M","?","?","$","R","BOSS"],"items_purchased_type":[],"build_version":"2020-12-22","purchased_purges":0,"victory":false,"max_hp_per_floor":[75,75,75,75,75,75,75,75,75,75,75,75,75,75,75,75,75],"card_choices":[{"not_picked":["Guardian:MultiBeam","sneckomod:UnknownCommonAttack"],"picked":"Guardian:Reroute","floor":7.0}],"player_experience":13153,"relics_obtained":[{"floor":1.0,"key":"Thread and Needle"},{"floor":4.0,"key":"aspiration:HiddenCompartment"},{"floor":7.0,"key":"Centennial Puzzle"},{"floor":8,"key":"ReplayTheSpireMod:Lightbulb"},{"floor":9,"key":"Replay:Bandana"},{"floor":11,"key":"Gremlin Horn"},{"floor":13,"key":"hubris:DeckOfHolding"}],"event_choices":[{"damage_healed":0,"gold_gain":0,"player_choice":"Got Potions","damage_taken":0,"max_hp_gain":0,"max_hp_loss":0,"event_name":"Lab","floor":12,"gold_loss":0}],"is_beta":false,"boss_relics":[],"items_purged_floors":[],"is_endless":false,"potions_floor_spawned":[4,7],"killed_by":"Slime Boss","ascension_level":0}}