{"host":"vmo6qas4tfa0p776","time":1609436265,"event":{"mods":["AchievementEnabler","BaseMod","Bestiary","Better Altar","Better Match","Better Note","Better Sensory Stone","Better Skull","Better Third Choice","Colored Map","Downfall","Minty Spire (QoL Compilation)","Relic Stats","Robot Space Explorer","Spicy Shops","StSLib","The Marked"],"gold_per_floor":[99,109,125,125,137,162,223,254,251,288,300,312,312],"floor_reached":12,"playtime":4110,"items_purged":[],"score":78,"play_id":"980c3af4-39de-495e-b5a5-118da52eb81d","local_time":"20201231123745","is_ascension_mode":false,"campfire_choices":[{"floor":1,"key":"RECALL"},{"floor":11,"key":"REST"}],"circlet_count":0,"master_deck":["sneckomod:Strike","sneckomod:Strike","sneckomod:Strike","sneckomod:Defend","sneckomod:Defend","sneckomod:Defend","sneckomod:TailWhip","sneckomod:SnekBite","sneckomod:Unknown","sneckomod:Unknown","sneckomod:SnakeSap","sneckomod:UnknownClassROBOT_ORANGE_COLOR","Berserk","sneckomod:TrashToTreasure","sneckomod:SoulRoll","sneckomod:ImprovisedGuard","sneckomod:UnknownBlock"],"relics":["sneckomod:SneckoSoul","Art of War","MawBank","Nunchaku"],"acts_visited":["Exordium"],"potions_floor_usage":[6,6,10,12],"damage_taken":[{"damage":7,"enemies":"2 Louse","floor":2,"turns":3},{"damage":6,"enemies":"Jaw Worm","floor":3,"turns":2},{"damage":3,"enemies":"Cultist","floor":6,"turns":3},{"damage":8,"enemies":"Blue Slaver","floor":8,"turns":3},{"damage":5,"enemies":"downfall:FleeingMerchant","floor":9,"turns":4},{"damage":43,"enemies":"3 Sentries","floor":10,"turns":11},{"damage":65,"enemies":"Gremlin Nob","floor":12,"turns":6}],"seed_played":"-3220330641225384619","potions_obtained":[{"floor":5,"key":"SteroidPotion"},{"floor":5,"key":"SpeedPotion"},{"floor":5,"key":"SpeedPotion"},{"floor":6,"key":"Block Potion"}],"is_trial":false,"path_per_floor":["R","M","M","?","?","M","T","M","$","E","R","E"],"character_chosen":"THE_SNECKO","items_purchased":[],"campfire_rested":1,"item_purchase_floors":[],"current_hp_per_floor":[90,83,78,62,62,59,59,51,46,4,31,0,0],"gold":312,"neow_bonus":"RANDOM_COMMON_RELIC","is_daily":false,"chose_seed":false,"campfire_upgraded":0,"win_rate":0.0,"timestamp":1609436265,"path_taken":["R","M","M","?","?","M","T","M","$","E","R","E"],"items_purchased_type":[],"build_version":"2020-12-22","purchased_purges":0,"victory":false,"max_hp_per_floor":[90,90,91,91,91,91,91,91,91,92,92,92,92],"relic_stats":{"Nunchaku":[0],"counters":[7,32],"Art of War":[5],"MawBank":96,"obtain_stats":[{"Nunchaku":10,"Art of War":0,"sneckomod:SneckoSoul":0,"MawBank":4},{"Nunchaku":6,"Art of War":0,"sneckomod:SneckoSoul":0,"MawBank":2},{"Nunchaku":26,"Art of War":0,"sneckomod:SneckoSoul":0,"MawBank":5}]},"card_choices":[{"not_picked":["sneckomod:DefensiveFlair","sneckomod:UnknownClassGREEN"],"picked":"sneckomod:SnakeSap","floor":2},{"not_picked":["sneckomod:QuickMove","sneckomod:UnknownBlock"],"picked":"sneckomod:UnknownClassROBOT_ORANGE_COLOR","floor":3},{"not_picked":["sneckomod:IronFang","sneckomod:UnknownVulnerable"],"picked":"sneckomod:TrashToTreasure","floor":6},{"not_picked":["sneckomod:QuickMove","sneckomod:TrashToTreasure"],"picked":"sneckomod:SoulRoll","floor":8},{"not_picked":["sneckomod:UnknownClassTHE_CHAMP_GRAY","sneckomod:UnknownX"],"picked":"sneckomod:ImprovisedGuard","floor":9},{"not_picked":["sneckomod:UnknownCommonAttack","sneckomod:RainOfDice"],"picked":"sneckomod:UnknownBlock","floor":10}],"player_experience":212153,"relics_obtained":[{"floor":10,"key":"Nunchaku"}],"event_choices":[{"damage_healed":0,"gold_gain":0,"player_choice":"Got Potions","damage_taken":0,"max_hp_gain":0,"max_hp_loss":0,"event_name":"Lab","floor":5,"gold_loss":0}],"is_beta":false,"boss_relics":[],"items_purged_floors":[],"is_endless":false,"potions_floor_spawned":[6],"killed_by":"Gremlin Nob","ascension_level":0}}