{"host":"cgv4xfjbrthxr81g","time":1609375484,"event":{"mods":["2.2 Compatiblity","Act Like it!","BaseMod","Bestiary","Better Altar","Better Match","Better Note","Better Sensory Stone","Better Skull","Better Third Choice","BetterRewards","Block Reminder","Card Forge","Clawfect","Colored Map","Colored Powertips","Curses Come First","DeckTracker","Defuse TimeMaze Blight","Downfall","Energized Spire","Evolution","Friendly Minions","Hallownest","Highlight Path","Hubris","Infinite Spire","Mimic Mod","Minty Spire (QoL Compilation)","Permanent Neow","Quick Restart","Rare Cards Sparkle","Relic Sorter","Relic Stats","Replay The Spire","Robot Space Explorer","Shop Mod","Spicy Shops","StSLib","SuperFastMode","The Bug Knight","The Caster","The Construct","The Jungle","TheVacant","Uncapped","Wandering Minibosses"],"gold_per_floor":[118,118,118,118,118,118,129,129,167,167,177,169,169,967,967,1064,1064,1082,1095,1065,1065,1065],"floor_reached":21,"playtime":772,"items_purged":[],"score":229,"play_id":"9e106ee8-e7f9-4afe-adea-0631e5f72807","local_time":"20201230194444","is_ascension_mode":true,"campfire_choices":[{"floor":6,"key":"REST"},{"floor":8,"key":"REST"},{"floor":10,"key":"REST"},{"floor":15,"key":"REST"}],"circlet_count":0,"master_deck":["construct:Strike_Gold","construct:Strike_Gold","construct:Strike_Gold+1","construct:Strike_Gold","construct:Strike_Gold","construct:Defend_Gold","construct:Defend_Gold","construct:Defend_Gold","construct:AttackMode+1","construct:DefenseMode","construct:Autoturret","construct:Autoturret","construct:PointDefense","construct:PointDefense","construct:ClockworkEgg","construct:Anticipate"],"relics":["infinitespire:DarkRift","construct:Challenge1","Hammer of Thor","Seething Fire","Anvil of the Gods","EVO:Axolotl","infinitespire:Cubic Diamond","Dream Catcher","ReplayTheSpireMod:TigerMarble","infinitespire:Bottled Soul","wanderingMiniBosses:MasterThiefsPresence","Empty Cage"],"acts_visited":["Exordium","TheCity"],"potions_floor_usage":[12],"damage_taken":[{"damage":6,"enemies":"Jaw Worm","floor":1,"turns":4},{"damage":7,"enemies":"2 Louse","floor":7,"turns":3},{"damage":9,"enemies":"Small Slimes","floor":9,"turns":5},{"damage":10,"enemies":"Small Slimes","floor":11,"turns":2},{"damage":19,"enemies":"Looter","floor":12,"turns":5},{"damage":31,"enemies":"Blue Slaver","floor":14,"turns":5},{"damage":66,"enemies":"Fading Forest","floor":16,"turns":11},{"damage":23,"enemies":"Spheric Guardian","floor":18,"turns":4},{"damage":12,"enemies":"Chosen","floor":19,"turns":7},{"damage":60,"enemies":"3 Cultists","floor":21,"turns":5}],"seed_played":"-7873385642781187831","potions_obtained":[{"floor":1,"key":"SkillPotion"},{"floor":11,"key":"champ:CounterPotion"},{"floor":19,"key":"Fire Potion"},{"floor":20,"key":"Fruit Juice"},{"floor":20,"key":"DistilledChaos"}],"is_trial":false,"path_per_floor":["M","?","?","?","?","R","M","R","MIM","R","M","M","?","M","R","B",null,"M","M","?","M"],"character_chosen":"THE_CONSTRUCT_MOD","items_purchased":[],"campfire_rested":4,"item_purchase_floors":[],"current_hp_per_floor":[79,79,79,79,79,85,78,85,76,85,75,56,56,25,50,16,85,62,54,54,0,0],"gold":1065,"neow_bonus":"UPGRADE_CARD","is_daily":false,"chose_seed":false,"campfire_upgraded":0,"win_rate":0.0,"timestamp":1609375484,"path_taken":["M","?","?","?","?","R","M","R","MIM","R","M","?","?","M","R","BOSS","M","?","?","?"],"items_purchased_type":[],"build_version":"2020-12-22","purchased_purges":0,"victory":false,"max_hp_per_floor":[85,85,85,85,85,85,85,85,85,85,85,85,85,85,85,85,85,85,85,85,85,85],"relic_stats":{"Dream Catcher":4,"counters":[10,51],"obtain_stats":[{"wanderingMiniBosses:MasterThiefsPresence":14,"Hammer of Thor":0,"infinitespire:Cubic Diamond":4,"EVO:Axolotl":0,"Seething Fire":0,"Empty Cage":17,"construct:Challenge1":0,"infinitespire:DarkRift":4,"Dream Catcher":5,"Anvil of the Gods":0,"infinitespire:Bottled Soul":13,"construct:Cogwheel":0,"ReplayTheSpireMod:TigerMarble":9},{"wanderingMiniBosses:MasterThiefsPresence":6,"Hammer of Thor":0,"infinitespire:Cubic Diamond":1,"EVO:Axolotl":0,"Seething Fire":0,"Empty Cage":7,"construct:Challenge1":0,"infinitespire:DarkRift":1,"Dream Catcher":1,"Anvil of the Gods":0,"infinitespire:Bottled Soul":5,"construct:Cogwheel":0,"ReplayTheSpireMod:TigerMarble":3},{"wanderingMiniBosses:MasterThiefsPresence":24,"Hammer of Thor":0,"infinitespire:Cubic Diamond":4,"EVO:Axolotl":0,"Seething Fire":0,"Empty Cage":35,"construct:Challenge1":0,"infinitespire:DarkRift":4,"Dream Catcher":4,"Anvil of the Gods":0,"infinitespire:Bottled Soul":19,"construct:Cogwheel":0,"ReplayTheSpireMod:TigerMarble":12}]},"card_choices":[{"not_picked":["construct:ClusterMines","construct:Disrupt"],"picked":"construct:Autoturret","floor":1},{"not_picked":["construct:Anticipate","construct:ElectricArmor"],"picked":"construct:PointDefense","floor":6},{"not_picked":["construct:FierceBash","construct:HeavyBolt","construct:ScrapCannon"],"picked":"SKIP","floor":7},{"not_picked":["construct:Forcefield","construct:ModeShift"],"picked":"construct:PointDefense","floor":9},{"not_picked":["construct:Electrocute","construct:ChargeShot","construct:SuppressiveFire"],"picked":"SKIP","floor":11},{"not_picked":["construct:FocusedBeam","construct:Backup","construct:CriticalHit"],"picked":"SKIP","floor":12},{"not_picked":["construct:Anticipate","construct:UnbalancingBlast"],"picked":"construct:ClockworkEgg","floor":14},{"not_picked":["construct:SweepLaser","construct:ClusterMines"],"picked":"construct:Anticipate","floor":18},{"not_picked":["construct:Accumulate+1","construct:Isolate+1","construct:VentSteam+1"],"picked":"SKIP","floor":19}],"player_experience":86186,"relics_obtained":[{"floor":5,"key":"Dream Catcher"},{"floor":9,"key":"ReplayTheSpireMod:TigerMarble"},{"floor":14,"key":"wanderingMiniBosses:MasterThiefsPresence"}],"event_choices":[{"damage_healed":0,"gold_gain":0,"player_choice":"Gave Potion","damage_taken":0,"relics_obtained":["infinitespire:Bottled Soul"],"max_hp_gain":0,"max_hp_loss":0,"event_name":"WeMeetAgain","floor":13,"gold_loss":0},{"damage_healed":0,"gold_gain":0,"player_choice":"Bought 2 Potions","damage_taken":0,"max_hp_gain":0,"max_hp_loss":0,"event_name":"The Woman in Blue","floor":20,"gold_loss":0}],"is_beta":false,"boss_relics":[{"not_picked":["Snecko Eye","Calling Bell"],"picked":"Empty Cage"}],"items_purged_floors":[],"is_endless":false,"potions_floor_spawned":[1,11,19],"killed_by":"3 Cultists","ascension_level":1}}