{"host":"nsxzlb359hv0da5z","time":1609411420,"event":{"mods":["BaseMod","Bestiary","Colored Map","Minty Spire (QoL Compilation)","Permanent Neow","Relic Stats","Slay the Relics Exporter","ojb\u0027s Info Mod"],"gold_per_floor":[109,109,127,139,158,158,190,190,244,257,257,45,62,76,76,150,150,162,8,8,12,26,26,57,57,57,67,97,108,118,131,131,202,202,221,221,233,233,14,14,14,26,94,94,109,122,154,168,168,168,168,168],"floor_reached":51,"playtime":6067,"items_purged":["Strike_G"],"score":1354,"play_id":"626fd0ac-bab5-43c0-9ced-ccd4420f3686","local_time":"20201231024340","is_ascension_mode":true,"campfire_choices":[{"data":"Neutralize","floor":6,"key":"SMITH"},{"floor":8,"key":"REST"},{"data":"Dagger Spray","floor":15,"key":"SMITH"},{"data":"Wraith Form v2","floor":23,"key":"SMITH"},{"data":"Deadly Poison","floor":25,"key":"SMITH"},{"floor":32,"key":"REST"},{"floor":40,"key":"RECALL"},{"data":"Catalyst","floor":49,"key":"SMITH"}],"circlet_count":0,"master_deck":["AscendersBane","Strike_G","Strike_G","Defend_G","Defend_G","Defend_G","Defend_G","Defend_G","Survivor","Neutralize+1","Dagger Throw","Dagger Spray+1","Deadly Poison+1","Backstab","PiercingWail","All Out Attack","Heel Hook","Backflip","PiercingWail","Wraith Form v2+1","Deadly Poison","Deflect","Predator+1","PiercingWail","Dodge and Roll+1","Crippling Poison+1","Well Laid Plans","Corpse Explosion","Catalyst+1","Wraith Form v2+1","Wraith Form v2+1","Leg Sweep","Riddle With Holes+1","Footwork"],"relics":["Ring of the Snake","Turnip","White Beast Statue","Potion Belt","ClockworkSouvenir","SacredBark","Dream Catcher","Bird Faced Urn","Ancient Tea Set","Snecko Eye","DollysMirror","Bag of Marbles"],"acts_visited":["Exordium","TheCity","TheBeyond"],"potions_floor_usage":[7,16,16,18,21,22,24,24,24,27,28,33,33,33,38,47,50,50,51],"damage_taken":[{"damage":2,"enemies":"Jaw Worm","floor":1,"turns":6},{"damage":0,"enemies":"Cultist","floor":3,"turns":4},{"damage":7,"enemies":"Small Slimes","floor":4,"turns":4},{"damage":12,"enemies":"Red Slaver","floor":5,"turns":6},{"damage":5,"enemies":"3 Sentries","floor":7,"turns":6},{"damage":3,"enemies":"Blue Slaver","floor":10,"turns":4},{"damage":0,"enemies":"2 Fungi Beasts","floor":13,"turns":2},{"damage":3,"enemies":"Large Slime","floor":14,"turns":5},{"damage":8,"enemies":"Slime Boss","floor":16,"turns":6},{"damage":26,"enemies":"Chosen","floor":18,"turns":5},{"damage":3,"enemies":"2 Thieves","floor":21,"turns":4},{"damage":0,"enemies":"Snecko","floor":22,"turns":6},{"damage":20,"enemies":"Book of Stabbing","floor":24,"turns":8},{"damage":4,"enemies":"Cultist and Chosen","floor":27,"turns":5},{"damage":20,"enemies":"Gremlin Leader","floor":28,"turns":9},{"damage":1,"enemies":"Snake Plant","floor":29,"turns":5},{"damage":12,"enemies":"Shelled Parasite and Fungi","floor":30,"turns":6},{"damage":16,"enemies":"Sentry and Sphere","floor":31,"turns":7},{"damage":9,"enemies":"Champ","floor":33,"turns":21},{"damage":18,"enemies":"3 Darklings","floor":35,"turns":4},{"damage":0,"enemies":"3 Shapes","floor":37,"turns":3},{"damage":0,"enemies":"Jaw Worm Horde","floor":38,"turns":1},{"damage":0,"enemies":"Spire Growth","floor":42,"turns":5},{"damage":2,"enemies":"Sphere and 2 Shapes","floor":45,"turns":4},{"damage":0,"enemies":"Jaw Worm Horde","floor":46,"turns":6},{"damage":10,"enemies":"Nemesis","floor":47,"turns":11},{"damage":2,"enemies":"Transient","floor":48,"turns":6},{"damage":93,"enemies":"Awakened One","floor":50,"turns":40},{"damage":70,"enemies":"Time Eater","floor":51,"turns":15}],"seed_played":"5660942168988162036","potions_obtained":[{"floor":3,"key":"Fire Potion"},{"floor":5,"key":"BlessingOfTheForge"},{"floor":7,"key":"ColorlessPotion"},{"floor":10,"key":"SteroidPotion"},{"floor":13,"key":"PowerPotion"},{"floor":16,"key":"ColorlessPotion"},{"floor":18,"key":"PowerPotion"},{"floor":21,"key":"DistilledChaos"},{"floor":22,"key":"SkillPotion"},{"floor":24,"key":"LiquidMemories"},{"floor":27,"key":"Fire Potion"},{"floor":28,"key":"DuplicationPotion"},{"floor":29,"key":"DuplicationPotion"},{"floor":30,"key":"SpeedPotion"},{"floor":31,"key":"SkillPotion"},{"floor":33,"key":"Explosive Potion"},{"floor":35,"key":"SmokeBomb"},{"floor":37,"key":"Explosive Potion"},{"floor":42,"key":"DistilledChaos"},{"floor":45,"key":"Dexterity Potion"},{"floor":46,"key":"Regen Potion"},{"floor":47,"key":"Energy Potion"},{"floor":48,"key":"Dexterity Potion"}],"is_trial":false,"path_per_floor":["M","?","M","M","M","R","E","R","T","M","?","$","M","M","R","B",null,"M","$","?","M","M","R","E","R","T","M","E","M","M","M","R","B",null,"M","?","M","M","$","R","?","M","T","?","M","M","E","M","R","B","B"],"character_chosen":"THE_SILENT","items_purchased":["ClockworkSouvenir","Backflip","Regen Potion","SteroidPotion","DollysMirror"],"campfire_rested":2,"item_purchase_floors":[12,12,19,39,39],"current_hp_per_floor":[42,42,42,35,23,23,18,37,37,34,34,34,34,31,31,23,55,29,29,29,26,26,26,55,55,55,53,35,36,24,10,29,30,57,43,43,45,45,45,45,45,51,51,51,53,59,57,63,63,35,0,0],"gold":168,"neow_bonus":"ONE_RARE_RELIC","is_daily":false,"chose_seed":false,"campfire_upgraded":5,"win_rate":0.0,"timestamp":1609411420,"path_taken":["M","?","M","M","?","R","E","R","T","M","?","$","M","M","R","BOSS","M","$","?","M","M","R","E","R","T","M","E","M","M","?","R","BOSS","M","?","?","M","$","R","?","M","T","?","M","M","E","M","R","BOSS","BOSS"],"items_purchased_type":["Relic","Card","Potion","Potion","Relic"],"build_version":"2020-12-22","purchased_purges":1,"victory":false,"max_hp_per_floor":[66,66,66,66,66,66,66,66,66,66,66,66,66,66,66,66,66,66,66,66,66,66,66,66,66,66,66,66,66,66,66,66,66,66,66,66,66,66,66,66,66,66,66,66,66,66,66,66,66,66,66,66],"relic_stats":{"Dream Catcher":1,"counters":[29,214],"Bird Faced Urn":[76],"Snecko Eye":[188,181,167,185],"Turnip":[33],"obtain_stats":[{"Potion Belt":9,"Dream Catcher":24,"DollysMirror":39,"SacredBark":17,"Bird Faced Urn":26,"Snecko Eye":34,"Turnip":0,"Bag of Marbles":47,"Ancient Tea Set":28,"White Beast Statue":7,"Ring of the Snake":0,"ClockworkSouvenir":12},{"Potion Belt":5,"Dream Catcher":13,"DollysMirror":22,"SacredBark":9,"Bird Faced Urn":13,"Snecko Eye":19,"Turnip":0,"Bag of Marbles":26,"Ancient Tea Set":15,"White Beast Statue":5,"Ring of the Snake":0,"ClockworkSouvenir":6},{"Potion Belt":26,"Dream Catcher":66,"DollysMirror":127,"SacredBark":43,"Bird Faced Urn":66,"Snecko Eye":119,"Turnip":0,"Bag of Marbles":153,"Ancient Tea Set":80,"White Beast Statue":26,"Ring of the Snake":0,"ClockworkSouvenir":30}],"Ring of the Snake":[58]},"card_choices":[{"not_picked":["Acrobatics","Prepared"],"picked":"Dagger Throw","floor":1},{"not_picked":["PiercingWail","Underhanded Strike"],"picked":"Dagger Spray","floor":3},{"not_picked":["Prepared","Riddle With Holes"],"picked":"Deadly Poison","floor":4},{"not_picked":["Terror","Night Terror"],"picked":"Backstab","floor":5},{"not_picked":["Dodge and Roll","Masterful Stab"],"picked":"PiercingWail","floor":7},{"not_picked":["Caltrops","Well Laid Plans"],"picked":"All Out Attack","floor":10},{"not_picked":["Expertise","Concentrate","Sucker Punch"],"picked":"SKIP","floor":13},{"not_picked":["Heel Hook","Tactician"],"picked":"PiercingWail","floor":14},{"not_picked":["Envenom","Die Die Die"],"picked":"Wraith Form v2","floor":16},{"not_picked":["Backflip","Eviscerate","Finisher"],"picked":"SKIP","floor":18},{"not_picked":["Distraction","Bane"],"picked":"Deadly Poison","floor":21},{"not_picked":["Dash","Acrobatics"],"picked":"Deflect","floor":22},{"not_picked":["Bullet Time","Cloak And Dagger"],"picked":"Predator+1","floor":24},{"not_picked":["Infinite Blades+1","Heel Hook"],"picked":"PiercingWail","floor":27},{"not_picked":["Phantasmal Killer","Outmaneuver"],"picked":"Dodge and Roll+1","floor":28},{"not_picked":["Backflip","Finisher"],"picked":"Crippling Poison+1","floor":29},{"not_picked":["Flying Knee","Outmaneuver"],"picked":"Well Laid Plans","floor":30},{"not_picked":["All Out Attack","Acrobatics","Poisoned Stab"],"picked":"SKIP","floor":31},{"not_picked":["Storm of Steel","A Thousand Cuts"],"picked":"Corpse Explosion","floor":33},{"not_picked":["Accuracy","Acrobatics","All Out Attack"],"picked":"SKIP","floor":35},{"not_picked":["Leg Sweep+1","Quick Slash"],"picked":"Catalyst","floor":37},{"not_picked":["Infinite Blades","Blade Dance+1","Slice"],"picked":"SKIP","floor":42},{"not_picked":["Dagger Throw+1","Bane+1"],"picked":"Leg Sweep","floor":45},{"not_picked":["Reflex+1","Finisher","Terror"],"picked":"SKIP","floor":46},{"not_picked":["Outmaneuver","Deadly Poison","Riddle With Holes+1"],"picked":"SKIP","floor":47},{"not_picked":["Outmaneuver","Deadly Poison"],"picked":"Riddle With Holes+1","floor":47},{"not_picked":["Underhanded Strike","Backflip+1"],"picked":"Footwork","floor":48}],"player_experience":1890753,"relics_obtained":[{"floor":7,"key":"White Beast Statue"},{"floor":9,"key":"Potion Belt"},{"floor":24,"key":"Dream Catcher"},{"floor":26,"key":"Bird Faced Urn"},{"floor":28,"key":"Ancient Tea Set"},{"floor":47,"key":"Bag of Marbles"}],"event_choices":[{"cards_removed":["Strike_G"],"damage_healed":0,"gold_gain":0,"player_choice":"Purged","damage_taken":0,"max_hp_gain":0,"max_hp_loss":0,"event_name":"Purifier","floor":2,"gold_loss":0},{"damage_healed":0,"gold_gain":0,"cards_transformed":["Strike_G"],"player_choice":"Change","damage_taken":0,"max_hp_gain":0,"max_hp_loss":0,"event_name":"Living Wall","floor":11,"gold_loss":0,"cards_obtained":["Heel Hook"]},{"damage_healed":0,"gold_gain":0,"player_choice":"0 cards matched","damage_taken":0,"max_hp_gain":0,"max_hp_loss":0,"event_name":"Match and Keep!","floor":20,"gold_loss":0,"cards_obtained":[]},{"damage_healed":0,"gold_gain":0,"player_choice":"0 cards matched","damage_taken":0,"max_hp_gain":0,"max_hp_loss":0,"event_name":"Match and Keep!","floor":36,"gold_loss":0,"cards_obtained":[]},{"damage_healed":0,"gold_gain":0,"player_choice":"Memory 1","damage_taken":0,"max_hp_gain":0,"max_hp_loss":0,"event_name":"SensoryStone","floor":41,"gold_loss":0},{"damage_healed":0,"gold_gain":0,"player_choice":"Copied","damage_taken":0,"max_hp_gain":0,"max_hp_loss":0,"event_name":"Duplicator","floor":44,"gold_loss":0,"cards_obtained":["Wraith Form v2"]}],"is_beta":false,"boss_relics":[{"not_picked":["Velvet Choker","Tiny House"],"picked":"SacredBark"},{"not_picked":["Empty Cage","HoveringKite"],"picked":"Snecko Eye"}],"items_purged_floors":[19],"is_endless":false,"potions_floor_spawned":[3,5,7,10,13,14,16,18,21,22,24,27,28,29,30,31,33,35,37,38,42,45,46,47,48],"killed_by":"Time Eater","ascension_level":20}}