{"host":"fj97s2ebyjeio3oc","time":1609446071,"event":{"mods":["AchievementEnabler","BaseMod","Colored Map","Colored Powertips","Hermit","Hubris","Infinite Spire","Koishi","Minty Spire (QoL Compilation)","StSLib","The Animator","The Bug Knight","The Cursed","The Disciple","The Jungle","The Necromancer"],"gold_per_floor":[117,117,129,14,14,45,45,62,62,62,62,92,92,104,104,207,207,224,90,90,10,24,24,57,57,111,111,131,160,160,174,174,251,251,269,269,279,379,130,130,165,180,207,51,76,76,106,117,117,196,196,200,200,60,71,71,71,71,71,124,151,151,151,151,169,169,213,213,216,218,218,92,92,94,94,111,111,111,111,111,36,41,41,75,75,109,109,93,93,93,93,93,93,93,120,97,147,147,128,128,91,91],"floor_reached":101,"playtime":6510,"items_purged":["Strike_B","Strike_B","Defend_B","Defend_B","Defend_B"],"score":2412,"play_id":"80e03ea1-b051-42c6-b454-bb48e5a112a3","local_time":"20201231212111","is_ascension_mode":true,"campfire_choices":[{"data":"Zap","floor":7,"key":"SMITH"},{"floor":10,"key":"RECALL"},{"data":"Self Repair","floor":13,"key":"SMITH"},{"data":"Dualcast","floor":15,"key":"SMITH"},{"data":"Static Discharge","floor":23,"key":"SMITH"},{"data":"Machine Learning","floor":25,"key":"SMITH"},{"data":"Conserve Battery","floor":27,"key":"SMITH"},{"data":"Defragment","floor":32,"key":"SMITH"},{"floor":40,"key":"REST"},{"data":"Genetic Algorithm","floor":46,"key":"SMITH"},{"floor":49,"key":"REST"},{"data":"Gash","floor":57,"key":"SMITH"},{"data":"Gash","floor":59,"key":"SMITH"},{"data":"Gash","floor":66,"key":"SMITH"},{"data":"infinitespire:Starlight","floor":75,"key":"SMITH"},{"data":"Gash","floor":78,"key":"SMITH"},{"data":"Capacitor","floor":80,"key":"SMITH"},{"floor":83,"key":"REST"},{"data":"Capacitor","floor":91,"key":"SMITH"},{"data":"Reinforced Body","floor":93,"key":"SMITH"},{"data":"hubris:Rewind","floor":98,"key":"SMITH"},{"data":"Reinforced Body","floor":100,"key":"SMITH"}],"circlet_count":0,"master_deck":["Zap+1","Leap+1","infinitespire:Punishment+1","Conserve Battery+1","Self Repair+1","Conserve Battery+1","Machine Learning+1","Tempest+1","Loop+1","Static Discharge+1","Defragment+1","Capacitor+1","Gash+1","Rainbow+1","Self Repair+1","infinitespire:Punishment+1","infinitespire:Starlight+1","Gash+1","Loop","Gash+1","Gash+1","Genetic Algorithm+1","Lockon+1","Thunder Strike","Reinforced Body+1","Creative AI","Leap","Reinforced Body+1","Gash+1","Echo Form+1","infinitespire:Starlight","Creative AI","Capacitor+1","Stack","hubris:Rewind+1"],"relics":["Cracked Core","Singing Bowl","hubris:MysteriousPyramids","hubris:TerracottaHorce","Happy Flower","PreservedInsect","Juzu Bracelet","Black Star","Empty Cage","The Courier","hubris:BundleOfHerbs","HollowMod:PaleOreRelic","Calipers","hubris:PeanutButter","Orichalcum","SlaversCollar","MealTicket","hubris:MobiusCoin","Darkstone Periapt","Centennial Puzzle","Whetstone","hubris:TenFootPole","hubris:Backtick","Ice Cream","Anchor","War Paint","HollowMod:LifeEnderRelic","Oddly Smooth Stone","Ginger","Bag of Preparation","Busted Crown","hubris:Towel","Thread and Needle","Omamori","infinitespire:PuzzleCube","Frozen Egg 2"],"acts_visited":["Exordium","TheCity","TheBeyond","Exordium","TheCity","TheBeyond"],"potions_floor_usage":[18,18,24,24,31,37,41,41,45,50,65,67,69,70,86,88,99],"damage_taken":[{"damage":18,"enemies":"Jaw Worm","floor":1,"turns":4},{"damage":0,"enemies":"2 Louse","floor":3,"turns":1},{"damage":3,"enemies":"HollowMod:MossKnight","floor":6,"turns":10},{"damage":0,"enemies":"Cultist","floor":8,"turns":2},{"damage":4,"enemies":"3 Sentries","floor":12,"turns":6},{"damage":0,"enemies":"3 Louse","floor":14,"turns":2},{"damage":8,"enemies":"The Guardian","floor":16,"turns":11},{"damage":8,"enemies":"2 Thieves","floor":18,"turns":3},{"damage":6,"enemies":"3 Byrds","floor":22,"turns":4},{"damage":25,"enemies":"Book of Stabbing","floor":24,"turns":4},{"damage":15,"enemies":"Snake Plant","floor":28,"turns":3},{"damage":5,"enemies":"HollowMod:Nosk","floor":29,"turns":5},{"damage":16,"enemies":"Centurion and Healer","floor":31,"turns":4},{"damage":47,"enemies":"hubris:MusketHawk","floor":33,"turns":7},{"damage":19,"enemies":"Orb Walker","floor":35,"turns":4},{"damage":40,"enemies":"3 Darklings","floor":37,"turns":5},{"damage":44,"enemies":"Nightmare","floor":41,"turns":6},{"damage":15,"enemies":"Maw","floor":42,"turns":6},{"damage":10,"enemies":"Mind Bloom Boss Battle","floor":45,"turns":5},{"damage":62,"enemies":"Reptomancer","floor":47,"turns":6},{"damage":12,"enemies":"Sphere and 2 Shapes","floor":48,"turns":4},{"damage":89,"enemies":"Time Eater","floor":50,"turns":6},{"damage":0,"enemies":"Cultist","floor":52,"turns":2},{"damage":0,"enemies":"Small Slimes","floor":55,"turns":1},{"damage":0,"enemies":"Gremlin Nob","floor":61,"turns":2},{"damage":0,"enemies":"HollowMod:MossKnight","floor":65,"turns":2},{"damage":95,"enemies":"Hexaghost","floor":67,"turns":5},{"damage":14,"enemies":"Shell Parasite","floor":69,"turns":3},{"damage":35,"enemies":"2 Thieves","floor":70,"turns":4},{"damage":50,"enemies":"Gremlin Leader","floor":74,"turns":5},{"damage":51,"enemies":"Book of Stabbing","floor":76,"turns":4},{"damage":0,"enemies":"Snecko","floor":82,"turns":3},{"damage":30,"enemies":"Collector","floor":84,"turns":7},{"damage":9,"enemies":"3 Darklings","floor":86,"turns":5},{"damage":0,"enemies":"3 Shapes","floor":88,"turns":5},{"damage":10,"enemies":"Maw","floor":96,"turns":6},{"damage":65,"enemies":"Nemesis","floor":99,"turns":7},{"damage":133,"enemies":"Awakened One","floor":101,"turns":5}],"seed_played":"-6283300362671184204","potions_obtained":[{"floor":1,"key":"PotionOfCapacity"},{"floor":12,"key":"Dexterity Potion"},{"floor":14,"key":"Fire Potion"},{"floor":18,"key":"LiquidMemories"},{"floor":22,"key":"PotionOfCapacity"},{"floor":29,"key":"Block Potion"},{"floor":31,"key":"Dexterity Potion"},{"floor":37,"key":"DistilledChaos"},{"floor":42,"key":"Strength Potion"},{"floor":47,"key":"SkillPotion"},{"floor":48,"key":"Fire Potion"},{"floor":52,"key":"Weak Potion"},{"floor":61,"key":"FocusPotion"},{"floor":69,"key":"ColorlessPotion"},{"floor":76,"key":"Weak Potion"},{"floor":86,"key":"Block Potion"},{"floor":96,"key":"LiquidMemories"}],"is_trial":false,"path_per_floor":["M","?","M","$","?","E","R","M","T","R","?","E","R","M","R","B",null,"M","$","?","$","M","R","E","R","T","R","M","E","?","M","R","B",null,"M","AVR","M","?","$","R","NM","M","T","$","?","R","E","M","R","B",null,"M","?","$","M","?","R","?","R","T","E","?","?","$","E","R","B",null,"M","M","?","$","?","E","R","E","T","R","?","R","?","M","R","B",null,"M","?","M","?","?","R","?","R","T","T","M","AVR","R","E","R","B"],"character_chosen":"DEFECT","items_purchased":["Self Repair","Loop","Static Discharge","Gash","Loop","Gash","Anchor"],"campfire_rested":3,"item_purchase_floors":[4,19,21,39,39,44,72],"current_hp_per_floor":[57,37,37,37,42,48,48,48,48,48,48,53,53,63,63,67,87,89,89,89,89,95,95,82,82,82,82,77,82,82,76,76,39,83,74,74,66,66,66,95,81,98,98,98,101,101,61,69,99,20,82,94,94,94,96,96,96,75,75,75,85,78,78,93,95,95,32,91,107,92,92,107,107,87,87,73,73,73,73,73,73,85,115,105,113,117,117,117,117,117,117,117,117,117,117,117,117,117,119,119,0,0],"gold":91,"neow_bonus":"TEN_PERCENT_HP_BONUS","is_daily":false,"chose_seed":false,"campfire_upgraded":18,"win_rate":0.0,"timestamp":1609446071,"path_taken":["M","?","M","$","?","E","R","M","T","R","?","E","R","M","R","BOSS","M","$","?","$","M","R","E","R","T","R","?","E","?","M","R","BOSS","M","AVR","M","?","$","R","NM","M","T","?","?","R","E","M","R","BOSS","M","?","?","M","?","R","?","R","T","E","?","?","?","E","R","BOSS","M","M","?","$","?","E","R","E","T","R","?","R","?","M","R","BOSS","M","?","M","?","?","R","?","R","T","?","M","AVR","R","E","R","BOSS"],"items_purchased_type":["Card","Card","Card","Card","Card","Card","Relic"],"build_version":"2020-12-22","purchased_purges":5,"victory":false,"max_hp_per_floor":[82,82,82,82,87,89,89,89,89,89,89,91,91,91,91,93,93,93,93,93,93,95,95,97,97,97,97,97,97,97,97,97,97,97,97,97,99,99,99,99,99,101,101,101,101,101,103,103,103,103,103,105,105,105,107,107,107,107,107,107,107,107,107,107,109,109,111,111,111,111,111,111,111,111,111,113,113,113,113,113,113,115,115,115,115,117,117,117,117,117,117,117,117,117,117,117,117,117,119,119,119,119],"card_choices":[{"not_picked":["Turbo","Streamline"],"picked":"Leap","floor":1},{"not_picked":["hubris:InfiniteBlow","infinitespire:DeathsTouch"],"picked":"infinitespire:Punishment","floor":2},{"not_picked":["Recycle","Cold Snap"],"picked":"Conserve Battery","floor":3},{"not_picked":["Compile Driver","Glacier","Coolheaded"],"picked":"Singing Bowl","floor":6},{"not_picked":["Stack","Turbo"],"picked":"Conserve Battery","floor":8},{"not_picked":["Steam","Streamline","Compile Driver"],"picked":"Singing Bowl","floor":12},{"not_picked":["Steam","Redo"],"picked":"Machine Learning","floor":14},{"not_picked":["Meteor Strike","Hyperbeam","All For One"],"picked":"Singing Bowl","floor":16},{"not_picked":["Skim+1","Steam"],"picked":"Tempest","floor":18},{"not_picked":["Doom and Gloom","Fusion","Glacier"],"picked":"Singing Bowl","floor":22},{"not_picked":["Blizzard+1","Steam","Reboot"],"picked":"Singing Bowl","floor":24},{"not_picked":["Fusion","Sweeping Beam"],"picked":"Defragment","floor":28},{"not_picked":["Steam Power","Aggregate"],"picked":"Capacitor","floor":29},{"not_picked":["Ball Lightning","Cold Snap"],"picked":"Gash","floor":31},{"not_picked":["Meteor Strike","All For One"],"picked":"Rainbow","floor":33},{"not_picked":["FTL","Hologram"],"picked":"Self Repair+1","floor":35},{"not_picked":["Cold Snap+1","Hello World","Beam Cell"],"picked":"Singing Bowl","floor":37},{"not_picked":["Streamline","Go for the Eyes"],"picked":"Gash","floor":41},{"not_picked":["Stack","Redo+1","Heatsinks+1"],"picked":"Singing Bowl","floor":42},{"not_picked":["Leap+1","Storm"],"picked":"Genetic Algorithm","floor":45},{"not_picked":["Consume","Cold Snap","Leap"],"picked":"Singing Bowl","floor":47},{"not_picked":["Streamline","Redo"],"picked":"Lockon","floor":48},{"not_picked":["Core Surge","Amplify"],"picked":"Thunder Strike","floor":50},{"not_picked":["hubris:Ukulele","Go for the Eyes","Rip and Tear"],"picked":"Singing Bowl","floor":52},{"not_picked":["Compile Driver","Sweeping Beam","Turbo"],"picked":"Singing Bowl","floor":55},{"not_picked":["Sweeping Beam","Rebound"],"picked":"Reinforced Body","floor":61},{"not_picked":["hubris:Ukulele","Redo","Glacier"],"picked":"Singing Bowl","floor":65},{"not_picked":["Thunder Strike","Buffer","Fission"],"picked":"Singing Bowl","floor":67},{"not_picked":["Go for the Eyes","Barrage"],"picked":"Leap","floor":69},{"not_picked":["Sweeping Beam","Hologram"],"picked":"Reinforced Body","floor":70},{"not_picked":["Rebound","Meteor Strike"],"picked":"Gash","floor":74},{"not_picked":["Turbo","Steam+1","Barrage"],"picked":"Singing Bowl","floor":76},{"not_picked":["Coolheaded","Hologram","Beam Cell"],"picked":"Singing Bowl","floor":82},{"not_picked":["Creative AI","hubris:SpecializedCircuitry"],"picked":"Echo Form","floor":84},{"not_picked":["infinitespire:NeuralNetwork","infinitespire:TheBestDefense"],"picked":"infinitespire:Starlight","floor":86},{"not_picked":["Chaos"],"picked":"Singing Bowl","floor":86},{"not_picked":[],"picked":"Capacitor","floor":88},{"not_picked":[],"picked":"Stack","floor":96},{"not_picked":["Hologram"],"picked":"Singing Bowl","floor":99}],"player_experience":455960,"relics_obtained":[{"floor":6,"key":"Singing Bowl"},{"floor":12,"key":"hubris:MysteriousPyramids"},{"floor":24,"key":"Happy Flower"},{"floor":26,"key":"PreservedInsect"},{"floor":29,"key":"Juzu Bracelet"},{"floor":41,"key":"The Courier"},{"floor":41,"key":"hubris:BundleOfHerbs"},{"floor":43,"key":"HollowMod:PaleOreRelic"},{"floor":45,"key":"Calipers"},{"floor":47,"key":"hubris:PeanutButter"},{"floor":47,"key":"Orichalcum"},{"floor":60,"key":"MealTicket"},{"floor":61,"key":"hubris:MobiusCoin"},{"floor":61,"key":"Darkstone Periapt"},{"floor":65,"key":"Whetstone"},{"floor":65,"key":"hubris:TenFootPole"},{"floor":74,"key":"War Paint"},{"floor":74,"key":"HollowMod:LifeEnderRelic"},{"floor":76,"key":"Oddly Smooth Stone"},{"floor":76,"key":"Ginger"},{"floor":77,"key":"Bag of Preparation"},{"floor":94,"key":"Thread and Needle"},{"floor":95,"key":"Omamori"},{"floor":99,"key":"infinitespire:PuzzleCube"},{"floor":99,"key":"Frozen Egg 2"}],"event_choices":[{"damage_healed":0,"gold_gain":0,"player_choice":"Donut","damage_taken":0,"max_hp_gain":5,"max_hp_loss":0,"event_name":"Big Fish","floor":5,"gold_loss":0},{"damage_healed":0,"gold_gain":0,"player_choice":"Grow","damage_taken":0,"max_hp_gain":0,"max_hp_loss":0,"event_name":"Living Wall","floor":11,"gold_loss":0,"cards_upgraded":["infinitespire:Punishment"]},{"damage_healed":0,"gold_gain":0,"player_choice":"Forge","damage_taken":0,"max_hp_gain":0,"max_hp_loss":0,"event_name":"Accursed Blacksmith","floor":20,"gold_loss":0,"cards_upgraded":["Loop"]},{"damage_healed":0,"gold_gain":100,"player_choice":"Pray","damage_taken":0,"max_hp_gain":0,"max_hp_loss":0,"event_name":"Golden Shrine","floor":38,"gold_loss":0},{"damage_healed":0,"gold_gain":0,"player_choice":"Fight","damage_taken":0,"max_hp_gain":0,"max_hp_loss":0,"event_name":"MindBloom","floor":45,"gold_loss":0},{"damage_healed":0,"gold_gain":0,"player_choice":"Upgraded","damage_taken":0,"max_hp_gain":0,"max_hp_loss":0,"event_name":"Upgrade Shrine","floor":53,"gold_loss":0,"cards_upgraded":["infinitespire:Punishment"]},{"damage_healed":0,"gold_gain":0,"player_choice":"Entered Light","damage_taken":21,"max_hp_gain":0,"max_hp_loss":0,"event_name":"Shining Light","floor":58,"gold_loss":0,"cards_upgraded":["Rainbow","Tempest"]},{"damage_healed":0,"gold_gain":0,"player_choice":"Success","damage_taken":7,"relics_obtained":["Centennial Puzzle"],"max_hp_gain":0,"max_hp_loss":0,"event_name":"Scrap Ooze","floor":62,"gold_loss":0},{"damage_healed":0,"gold_gain":0,"player_choice":"2 cards matched","damage_taken":0,"max_hp_gain":0,"max_hp_loss":0,"event_name":"Match and Keep!","floor":63,"gold_loss":0,"cards_obtained":["Creative AI","Zap"]},{"cards_removed":["Defend_B"],"damage_healed":0,"gold_gain":0,"player_choice":"Elegance","damage_taken":0,"max_hp_gain":0,"max_hp_loss":0,"event_name":"Back to Basics","floor":71,"gold_loss":0},{"damage_healed":0,"gold_gain":0,"player_choice":"Ignored","damage_taken":0,"max_hp_gain":0,"max_hp_loss":0,"event_name":"Transmorgrifier","floor":73,"gold_loss":0},{"damage_healed":0,"gold_gain":0,"player_choice":"Bought 0 Potions","damage_taken":0,"max_hp_gain":0,"max_hp_loss":0,"event_name":"The Woman in Blue","floor":79,"gold_loss":0},{"cards_removed":["Zap"],"damage_healed":0,"gold_gain":0,"player_choice":"Gave Gold","damage_taken":0,"max_hp_gain":0,"max_hp_loss":0,"event_name":"Beggar","floor":81,"gold_loss":75},{"damage_healed":0,"gold_gain":0,"cards_transformed":["Dualcast"],"player_choice":"Transformed","damage_taken":0,"max_hp_gain":0,"max_hp_loss":0,"event_name":"Transmorgrifier","floor":87,"gold_loss":0,"cards_obtained":["Creative AI"]},{"damage_healed":0,"gold_gain":0,"player_choice":"Forge","damage_taken":0,"max_hp_gain":0,"max_hp_loss":0,"event_name":"Accursed Blacksmith","floor":90,"gold_loss":0,"cards_upgraded":["Echo Form"]}],"is_beta":false,"boss_relics":[{"not_picked":["Snecko Eye","FrozenCore"],"picked":"hubris:TerracottaHorce"},{"not_picked":["SacredBark","hubris:BlackHole"],"picked":"Black Star"},{"not_picked":["hubris:Backtick","Calling Bell"],"picked":"SlaversCollar"},{"not_picked":["FrozenCore","Sozu"],"picked":"hubris:Backtick"},{"not_picked":["Runic Dome","Velvet Choker"],"picked":"Busted Crown"}],"items_purged_floors":[4,19,39,44,54],"is_endless":true,"potions_floor_spawned":[1,12,14,18,22,29,31,37,42,47,48,52,61,69,76,86,96],"killed_by":"Awakened One","ascension_level":8}}