{"host":"963ykkbusvcbqwtq","time":1609403963,"event":{"mods":["2.2 Compatiblity","AchievementEnabler","Arknights The Spire","BaseMod","Colored Map","GifTheSpireLib","GungeonMod","Lobotomy","Luminous","Minty Spire (QoL Compilation)","StSLib","SuperFastMode","The Bug Knight"],"gold_per_floor":[113,113,132,185,185,185,185,185],"floor_reached":7,"playtime":188,"items_purged":["DemoMod:Strike_Huntress"],"score":68,"play_id":"183e5a37-9af2-4bf7-97c0-96b167ddbc29","local_time":"20201231173923","is_ascension_mode":true,"campfire_choices":[{"data":"DemoMod:ManualReload","floor":6,"key":"SMITH"}],"circlet_count":0,"master_deck":["DemoMod:Strike_Huntress","DemoMod:Strike_Huntress","DemoMod:Defend_Huntress","DemoMod:Defend_Huntress","DemoMod:Defend_Huntress","DemoMod:Defend_Huntress","DemoMod:Roll","DemoMod:ManualReload+1","DemoMod:RustySidearm","DemoMod:MegaHand","DemoMod:BattleInHaste","DemoMod:BattleInHaste","DemoMod:DoubleVision"],"relics":["DemoMod:Dog","CogitoBucket","DemoMod:CrisisStone","TheAbacus","DemoMod:GnawedKey","Letter Opener","Art of War"],"acts_visited":["Exordium"],"potions_floor_usage":[],"damage_taken":[{"damage":2,"enemies":"Cultist","floor":1,"turns":5},{"damage":1,"enemies":"Small Slimes","floor":3,"turns":5},{"damage":67,"enemies":"Gremlin Nob","floor":7,"turns":5}],"seed_played":"3694057332732639545","potions_obtained":[{"floor":1,"key":"LiquidBronze"}],"is_trial":false,"path_per_floor":["M","?","M","$","?","R","E"],"character_chosen":"HUNTRESS","items_purchased":["DemoMod:CrisisStone","TheAbacus","DemoMod:GnawedKey","Letter Opener","DemoMod:BattleInHaste","DemoMod:DoubleVision"],"campfire_rested":0,"item_purchase_floors":[4,4,4,4,4,4],"current_hp_per_floor":[68,61,60,60,35,35,0,0],"gold":185,"neow_bonus":"","is_daily":false,"chose_seed":false,"campfire_upgraded":1,"win_rate":0.0,"timestamp":1609403963,"path_taken":["M","?","M","$","?","R","E"],"items_purchased_type":["Relic","Relic","Relic","Relic","Card","Card"],"build_version":"2020-12-22","purchased_purges":1,"victory":false,"max_hp_per_floor":[70,70,70,70,70,70,70,70],"card_choices":[{"not_picked":["DemoMod:GunstockTap","DemoMod:BoxingGlove"],"picked":"DemoMod:MegaHand","floor":1},{"not_picked":["DemoMod:HardPowerCard","DemoMod:CombinedRifle"],"picked":"DemoMod:BattleInHaste","floor":3}],"player_experience":218360,"relics_obtained":[],"event_choices":[{"cards_removed":["DemoMod:CrossBow"],"damage_healed":0,"gold_gain":0,"player_choice":"Card Removal","damage_taken":7,"max_hp_gain":0,"max_hp_loss":0,"event_name":"Golden Wing","floor":2,"gold_loss":0},{"damage_healed":0,"gold_gain":0,"player_choice":"Success","damage_taken":25,"relics_obtained":["Art of War"],"max_hp_gain":0,"max_hp_loss":0,"event_name":"Scrap Ooze","floor":5,"gold_loss":0}],"is_beta":false,"boss_relics":[],"items_purged_floors":[4],"is_endless":false,"potions_floor_spawned":[1],"killed_by":"Gremlin Nob","ascension_level":2}}