{"host":"r3d3rfw8zyydmocx","time":1609409616,"event":{"mods":["Aspiration","BaseMod","Better Third Choice","Colored Powertips","Conspire","Downfall","Hermit","Highlight Path","Hubris","Minty Spire (QoL Compilation)","StSLib","The Hierophant","The Servant 0.9.4"],"gold_per_floor":[99,113,113,128,139,139,139,139,139,179,197,214,214,227,237,237,237,237],"floor_reached":16,"playtime":603,"items_purged":[],"score":132,"play_id":"008a5337-8a44-41c0-9ef3-dfa85dc16a02","local_time":"20201231021336","is_ascension_mode":true,"campfire_choices":[{"data":"Slimebound:Split","floor":1,"key":"SMITH"}],"circlet_count":0,"master_deck":["conspire:GhostlyStrike","conspire:GhostlyStrike","conspire:GhostlyStrike","Slimebound:Tackle","conspire:GhostlyDefend","conspire:GhostlyDefend","conspire:GhostlyDefend+1","Slimebound:Split+1","Slimebound:AcidTongue","Slimebound:Schlurp","Slimebound:SlimeTap","Slimebound:PressTheAttack","Slimebound:PressTheAttack"],"relics":["Slimebound:AbsorbEndCombat","Juzu Bracelet","downfall:ShatteredFragment","Calipers"],"acts_visited":["Exordium"],"potions_floor_usage":[10,16],"damage_taken":[{"damage":10,"enemies":"Jaw Worm","floor":2,"turns":5},{"damage":11,"enemies":"Cultist","floor":4,"turns":3},{"damage":9,"enemies":"2 Louse","floor":5,"turns":3},{"damage":32,"enemies":"conspire:MimicChest","floor":10,"turns":6},{"damage":19,"enemies":"Lots of Slimes","floor":11,"turns":4},{"damage":10,"enemies":"2 Fungi Beasts","floor":12,"turns":2},{"damage":25,"enemies":"Large Slime","floor":14,"turns":4},{"damage":20,"enemies":"Exordium Thugs","floor":15,"turns":5},{"damage":46,"enemies":"downfall:Defect","floor":16,"turns":4}],"seed_played":"2467598018615846023","potions_obtained":[{"floor":4,"key":"hexamod:EctoCoolerPotion"},{"floor":10,"key":"SteroidPotion"},{"floor":12,"key":"GamblersBrew"}],"is_trial":false,"path_per_floor":["R","M","?","M","M","?","T","?","?","?","M","M","?","M","M","B"],"character_chosen":"SLIMEBOUND","items_purchased":[],"campfire_rested":0,"item_purchase_floors":[],"current_hp_per_floor":[54,58,58,59,60,60,60,42,42,30,31,33,33,28,28,0,0,0],"gold":237,"neow_bonus":"REMOVE_CARD","is_daily":false,"chose_seed":false,"campfire_upgraded":1,"win_rate":0.0,"timestamp":1609409616,"path_taken":["R","M","?","M","?","?","T","?","?","?","M","M","?","M","M","BOSS"],"items_purchased_type":[],"build_version":"2020-12-22","purchased_purges":0,"victory":false,"max_hp_per_floor":[60,60,60,60,60,60,60,60,60,60,60,60,60,60,60,60,60,60],"card_choices":[{"not_picked":["Slimebound:ViciousTackle","Slimebound:ServeAndProtect","Slimebound:SplitBruiser"],"picked":"SKIP","floor":2},{"not_picked":["Slimebound:ServeAndProtect","Slimebound:Schlurp"],"picked":"Slimebound:AcidTongue","floor":4},{"not_picked":["Slimebound:DivideAndConquer","Slimebound:SplitAcid"],"picked":"Slimebound:Schlurp","floor":5},{"not_picked":["Slimebound:Gluttony","Slimebound:GrowthPunch"],"picked":"Slimebound:SlimeTap","floor":10},{"not_picked":["Slimebound:SlimeSpikes","Slimebound:ServeAndProtect","Slimebound:Schlurp"],"picked":"SKIP","floor":11},{"not_picked":["Slimebound:Dissolve","Slimebound:LeechingTouch"],"picked":"Slimebound:PressTheAttack","floor":12},{"not_picked":["Slimebound:SlimeSpikes","Slimebound:ForwardTackle","Slimebound:ServeAndProtect"],"picked":"SKIP","floor":14},{"not_picked":["Slimebound:BestDefense","Slimebound:Dissolve"],"picked":"Slimebound:PressTheAttack","floor":15}],"player_experience":558378,"relics_obtained":[{"floor":7,"key":"Juzu Bracelet"},{"floor":10,"key":"Calipers"}],"event_choices":[{"damage_healed":0,"gold_gain":0,"player_choice":"Upgraded","damage_taken":0,"max_hp_gain":0,"max_hp_loss":0,"event_name":"Upgrade Shrine","floor":3,"gold_loss":0,"cards_upgraded":["Slimebound:Defend_Slimebound"]},{"cards_removed":["Slimebound:Defend_Slimebound"],"damage_healed":0,"gold_gain":0,"player_choice":"Purged","damage_taken":0,"max_hp_gain":0,"max_hp_loss":0,"event_name":"Purifier","floor":6,"gold_loss":0},{"damage_healed":0,"gold_gain":0,"player_choice":"Agree","damage_taken":0,"max_hp_gain":0,"max_hp_loss":0,"event_name":"conspire:LoneGhost","floor":9,"gold_loss":0}],"is_beta":false,"boss_relics":[],"items_purged_floors":[],"is_endless":false,"potions_floor_spawned":[4,10,12],"killed_by":"downfall:Defect","ascension_level":8}}