{"host":"a5zr8hf2yymwt50u","time":1609406763,"event":{"mods":["BaseMod","Colored Map","Minty Spire (QoL Compilation)","StSLib"],"gold_per_floor":[116,131,200,180,192,219,169,182,182,26,57,57,86,97,97,199,199,214,225,225,236,11,11,11,22,22,22,32,132,132,161,161,266,266,284,284,284,112,462,462,316,616,642,642,653,653,653,680,680,680],"floor_reached":51,"playtime":3728,"items_purged":["Defend_G","Setup"],"score":822,"play_id":"da3c8b9b-8724-4a75-a25a-485fd84626df","local_time":"20201231182603","is_ascension_mode":true,"campfire_choices":[{"data":"Neutralize","floor":12.0,"key":"SMITH"},{"data":"Survivor","floor":15.0,"key":"SMITH"},{"data":"Terror","floor":23,"key":"SMITH"},{"data":"Malaise","floor":27,"key":"SMITH"},{"data":"Dodge and Roll","floor":32,"key":"SMITH"},{"data":"Apotheosis","floor":40,"key":"SMITH"},{"data":"After Image","floor":44,"key":"SMITH"},{"data":"Metamorphosis","floor":47,"key":"SMITH"},{"data":"Blade Dance","floor":49,"key":"SMITH"}],"circlet_count":0,"master_deck":["Defend_G","Defend_G","Defend_G+1","Defend_G+1","Survivor+1","Neutralize+1","Terror+1","Backstab","Dagger Throw","Dagger Spray","Sucker Punch","Riddle With Holes","Backflip","Malaise+1","Blade Dance+1","Finisher","Sucker Punch+1","Flying Knee+1","Dodge and Roll+1","Dagger Spray","Bite","Bite","Bite","Bite","Bite","Riddle With Holes","After Image+1","Prepared+1","Madness","Madness","Metamorphosis+1","Apotheosis+1","Blade Dance+1","Blade Dance"],"relics":["Ring of the Snake","Boot","Ancient Tea Set","Shuriken","PreservedInsect","WingedGreaves","Potion Belt","Coffee Dripper","Vajra","Eternal Feather","Juzu Bracelet","FossilizedHelix","White Beast Statue","War Paint","SlaversCollar","Old Coin","Strawberry","Nunchaku"],"acts_visited":["Exordium","TheCity","TheBeyond"],"potions_floor_usage":[21,28,29,33,50,50,50,50],"damage_taken":[{"damage":1.0,"enemies":"Jaw Worm","floor":1.0,"turns":3.0},{"damage":0.0,"enemies":"2 Louse","floor":2.0,"turns":3.0},{"damage":0.0,"enemies":"Cultist","floor":5.0,"turns":2.0},{"damage":10.0,"enemies":"Lagavulin","floor":6.0,"turns":6.0},{"damage":12.0,"enemies":"Large Slime","floor":8.0,"turns":7.0},{"damage":14.0,"enemies":"3 Sentries","floor":11.0,"turns":7.0},{"damage":21.0,"enemies":"Lagavulin","floor":13.0,"turns":4.0},{"damage":0.0,"enemies":"Blue Slaver","floor":14.0,"turns":1.0},{"damage":0,"enemies":"Slime Boss","floor":16,"turns":7},{"damage":4,"enemies":"3 Byrds","floor":18,"turns":4},{"damage":11,"enemies":"Spheric Guardian","floor":19,"turns":3},{"damage":12,"enemies":"Snake Plant","floor":21,"turns":3},{"damage":0,"enemies":"Centurion and Healer","floor":25,"turns":2},{"damage":1,"enemies":"Cultist and Chosen","floor":28,"turns":3},{"damage":0,"enemies":"Colosseum Slavers","floor":29,"turns":2},{"damage":4,"enemies":"Colosseum Nobs","floor":29,"turns":3},{"damage":6,"enemies":"Gremlin Leader","floor":31,"turns":3},{"damage":2,"enemies":"Collector","floor":33,"turns":4},{"damage":10,"enemies":"Orb Walker","floor":35,"turns":3},{"damage":1,"enemies":"Mind Bloom Boss Battle","floor":39,"turns":7},{"damage":4,"enemies":"3 Shapes","floor":45,"turns":3},{"damage":7,"enemies":"Time Eater","floor":50,"turns":9}],"seed_played":"5168131136483565461","potions_obtained":[{"floor":1.0,"key":"PowerPotion"},{"floor":2.0,"key":"EssenceOfSteel"},{"floor":4.0,"key":"Energy Potion"},{"floor":13.0,"key":"LiquidBronze"},{"floor":16,"key":"Strength Potion"},{"floor":18,"key":"CultistPotion"},{"floor":25,"key":"Poison Potion"},{"floor":31,"key":"FairyPotion"},{"floor":33,"key":"Dexterity Potion"},{"floor":35,"key":"EssenceOfSteel"},{"floor":39,"key":"Poison Potion"}],"is_trial":false,"path_per_floor":["M","M","?","?","M","E","?","M","T","$","E","R","E","M","R","B",null,"M","M","?","M","$","R","T","M","T","R","M","?","?","E","R","B",null,"M","?","?","$","?","R","$","?","T","R","M","?","R","T","R","B",null],"character_chosen":"THE_SILENT","items_purchased":["PreservedInsect","Vajra","Apotheosis","Blade Dance"],"campfire_rested":0,"item_purchase_floors":[10,22,38,41],"current_hp_per_floor":[69,69,69,69,69,59,59,47,47,47,33,33,12,12,12,12,70,66,55,55,43,43,43,43,43,43,55,54,50,49,45,49,47,49,41,35,35,35,46,49,49,49,56,56,55,55,56,56,56,56],"gold":680,"neow_bonus":"RANDOM_COMMON_RELIC","is_daily":false,"chose_seed":false,"campfire_upgraded":9,"win_rate":0.0,"timestamp":1609406763,"path_taken":["M","M","?","?","?","E","?","M","T","$","E","R","E","M","R","BOSS","M","M","?","?","$","R","?","?","T","R","M","?","?","E","R","BOSS","M","?","?","$","?","R","?","?","T","R","M","?","R","?","R","BOSS"],"items_purchased_type":["Relic","Relic","Card","Card"],"build_version":"2020-12-22","purchased_purges":2,"victory":true,"max_hp_per_floor":[70,70,70,70,70,70,70,70,70,70,70,70,70,70,70,70,70,70,70,70,70,70,70,70,70,70,70,70,70,49,49,49,49,49,49,49,49,49,49,49,49,49,56,56,56,56,56,56,56,56],"card_choices":[{"not_picked":["Dagger Throw","Outmaneuver"],"picked":"Terror","floor":1.0},{"not_picked":["Dodge and Roll","Accuracy"],"picked":"Backstab","floor":2.0},{"not_picked":["Well Laid Plans","Dash"],"picked":"Dagger Throw","floor":5.0},{"not_picked":["Outmaneuver","Eviscerate"],"picked":"Setup","floor":6.0},{"not_picked":["Blade Dance","Expertise"],"picked":"Dagger Spray","floor":8.0},{"not_picked":["Deadly Poison","Doppelganger"],"picked":"Sucker Punch","floor":11.0},{"not_picked":["Dagger Throw","Deflect"],"picked":"Riddle With Holes","floor":13.0},{"not_picked":["Slice","Calculated Gamble"],"picked":"Backflip","floor":14.0},{"not_picked":["Phantasmal Killer","Night Terror"],"picked":"Malaise","floor":16},{"not_picked":["Dagger Throw+1","Flying Knee"],"picked":"Blade Dance+1","floor":18},{"not_picked":["Acrobatics","Slice"],"picked":"Finisher","floor":19},{"not_picked":["Riddle With Holes","Dagger Throw"],"picked":"Sucker Punch+1","floor":21},{"not_picked":["Cloak And Dagger","Poisoned Stab"],"picked":"Flying Knee+1","floor":25},{"not_picked":["Deadly Poison","Dash"],"picked":"Dodge and Roll","floor":28},{"not_picked":["Poisoned Stab+1","Deadly Poison"],"picked":"Dagger Spray","floor":29},{"not_picked":["Prepared","Endless Agony"],"picked":"Riddle With Holes","floor":31},{"not_picked":["Burst","Malaise"],"picked":"After Image","floor":33},{"not_picked":["Dash","Slice"],"picked":"Prepared+1","floor":35},{"not_picked":["Chrysalis","Good Instincts"],"picked":"Metamorphosis","floor":37},{"not_picked":["Underhanded Strike+1","Crippling Poison+1"],"picked":"Blade Dance","floor":39},{"not_picked":["Terror","Deflect","Poisoned Stab"],"picked":"SKIP","floor":45}],"player_experience":222850,"relics_obtained":[{"floor":6.0,"key":"Ancient Tea Set"},{"floor":9.0,"key":"Shuriken"},{"floor":11.0,"key":"WingedGreaves"},{"floor":13.0,"key":"Potion Belt"},{"floor":24,"key":"Eternal Feather"},{"floor":26,"key":"Juzu Bracelet"},{"floor":29,"key":"FossilizedHelix"},{"floor":29,"key":"White Beast Statue"},{"floor":31,"key":"War Paint"},{"floor":39,"key":"Old Coin"},{"floor":43,"key":"Strawberry"},{"floor":48,"key":"Nunchaku"}],"event_choices":[{"damage_healed":0.0,"max_hp_gain":0.0,"max_hp_loss":0.0,"gold_gain":69.0,"event_name":"Golden Wing","player_choice":"Gained Gold","floor":3.0,"gold_loss":0.0,"damage_taken":0.0},{"damage_healed":0.0,"max_hp_gain":0.0,"max_hp_loss":0.0,"gold_gain":0.0,"event_name":"The Woman in Blue","player_choice":"Bought 1 Potion","floor":4.0,"gold_loss":0.0,"damage_taken":0.0},{"cards_removed":["Strike_G"],"damage_healed":0.0,"max_hp_gain":0.0,"max_hp_loss":0.0,"gold_gain":0.0,"event_name":"The Cleric","player_choice":"Card Removal","floor":7.0,"gold_loss":50.0,"damage_taken":0.0},{"cards_removed":["Strike_G"],"damage_healed":0,"gold_gain":0,"player_choice":"Purged","damage_taken":0,"max_hp_gain":0,"max_hp_loss":0,"event_name":"Purifier","floor":20,"gold_loss":0},{"damage_healed":0,"gold_gain":0,"player_choice":"Fight","damage_taken":0,"max_hp_gain":0,"max_hp_loss":0,"event_name":"Colosseum","floor":29,"gold_loss":0},{"damage_healed":0,"gold_gain":0,"player_choice":"Fought Nobs","damage_taken":0,"max_hp_gain":0,"max_hp_loss":0,"event_name":"Colosseum","floor":29,"gold_loss":0},{"damage_healed":0,"gold_gain":0,"player_choice":"Became a vampire","damage_taken":0,"max_hp_gain":0,"max_hp_loss":21,"event_name":"Vampires","floor":30,"gold_loss":0,"cards_obtained":["Bite","Bite","Bite","Bite","Bite"]},{"damage_healed":0,"gold_gain":0,"player_choice":"Embrace Madness","damage_taken":6,"max_hp_gain":0,"max_hp_loss":0,"event_name":"Winding Halls","floor":36,"gold_loss":0,"cards_obtained":["Madness","Madness"]},{"damage_healed":0,"gold_gain":0,"player_choice":"Memory 1","damage_taken":0,"max_hp_gain":0,"max_hp_loss":0,"event_name":"SensoryStone","floor":37,"gold_loss":0},{"damage_healed":0,"gold_gain":0,"player_choice":"Fight","damage_taken":0,"max_hp_gain":0,"max_hp_loss":0,"event_name":"MindBloom","floor":39,"gold_loss":0},{"damage_healed":0,"gold_gain":300,"player_choice":"Gold","damage_taken":0,"max_hp_gain":0,"max_hp_loss":0,"event_name":"Wheel of Change","floor":42,"gold_loss":0},{"damage_healed":0,"gold_gain":0,"player_choice":"Ignored","damage_taken":0,"max_hp_gain":0,"max_hp_loss":0,"event_name":"Mysterious Sphere","floor":46,"gold_loss":0}],"is_beta":false,"boss_relics":[{"not_picked":["Calling Bell","Snecko Eye"],"picked":"Coffee Dripper"},{"not_picked":["Tiny House","Runic Pyramid"],"picked":"SlaversCollar"}],"items_purged_floors":[22,41],"is_endless":false,"potions_floor_spawned":[1,2,6,13,16,18,25,29,31,33,35,39,45],"ascension_level":2}}