{"host":"os7ajuuouznx3pj7","time":1609373165,"event":{"mods":["AchievementEnabler","BaseMod","Bestiary","Block Reminder","Colored Map","Colored Powertips","Keyboard Shortcuts","Minty Spire (QoL Compilation)","Quick Restart","Relic Stats","SuperFastMode"],"gold_per_floor":[164,164,164,175,239,239,239,274,274,289,289,73,103,103,103,182,182,199,210,292,11,11,11,38,38,85,111,130,140,150,177,177,254,254,264,276,287,287,301,301,327,327,327,355,365,380,393,420,420,420,420,420,12,45,45,45],"floor_reached":55,"playtime":8581,"items_purged":["Defend_R","Defend_R"],"score":1520,"play_id":"76fbf233-1310-4cba-a439-7f6216d562a2","local_time":"20201230220605","is_ascension_mode":true,"campfire_choices":[{"data":"Twin Strike","floor":6.0,"key":"SMITH"},{"data":"Perfected Strike","floor":11.0,"key":"SMITH"},{"floor":15.0,"key":"REST"},{"data":"Flame Barrier","floor":23.0,"key":"SMITH"},{"data":"Pommel Strike","floor":25.0,"key":"SMITH"},{"data":"Impervious","floor":32.0,"key":"SMITH"},{"data":"Blood for Blood","floor":40.0,"key":"SMITH"},{"floor":42.0,"key":"REST"},{"floor":49.0,"key":"RECALL"},{"data":"Pommel Strike","floor":52.0,"key":"SMITH"}],"circlet_count":0,"master_deck":["AscendersBane","Strike_R","Strike_R","Strike_R","Strike_R","Strike_R+1","Defend_R","Defend_R","Bash","Twin Strike+1","Twin Strike+1","Clash","Perfected Strike+1","Clash","Perfected Strike+1","Flame Barrier+1","Thunderclap","Pommel Strike+1","Shockwave","Impervious+1","Intimidate","Headbutt","Brutality","Blood for Blood+1","Bandage Up","Double Tap","Thunderclap+1","Metallicize+1","Thunderclap+1","Pommel Strike+1","Sadistic Nature","Deep Breath","Inflame","Uppercut+1"],"relics":["Tiny House","Smiling Mask","Pear","Bird Faced Urn","DollysMirror","Shuriken","Darkstone Periapt","Velvet Choker","Meat on the Bone","Paper Frog","Calipers","Orichalcum","Nunchaku","Blue Candle","Sozu","Toy Ornithopter","HornCleat","Ancient Tea Set","Bottled Tornado"],"acts_visited":["Exordium","TheCity","TheBeyond","TheEnding"],"potions_floor_usage":[],"damage_taken":[{"damage":1.0,"enemies":"Cultist","floor":1.0,"turns":3.0},{"damage":11.0,"enemies":"2 Louse","floor":4.0,"turns":2.0},{"damage":31.0,"enemies":"Gremlin Nob","floor":8.0,"turns":4.0},{"damage":2.0,"enemies":"Small Slimes","floor":10.0,"turns":2.0},{"damage":8.0,"enemies":"3 Sentries","floor":13.0,"turns":5.0},{"damage":37.0,"enemies":"The Guardian","floor":16.0,"turns":6.0},{"damage":22.0,"enemies":"2 Thieves","floor":18.0,"turns":2.0},{"damage":0.0,"enemies":"Chosen","floor":19.0,"turns":2.0},{"damage":21.0,"enemies":"Gremlin Leader","floor":24.0,"turns":4.0},{"damage":16.0,"enemies":"Book of Stabbing","floor":27.0,"turns":3.0},{"damage":2.0,"enemies":"Snecko","floor":28.0,"turns":3.0},{"damage":7.0,"enemies":"Centurion and Healer","floor":29.0,"turns":4.0},{"damage":6.0,"enemies":"Cultist and Chosen","floor":30.0,"turns":3.0},{"damage":2.0,"enemies":"Gremlin Leader","floor":31.0,"turns":2.0},{"damage":52.0,"enemies":"Champ","floor":33.0,"turns":8.0},{"damage":6.0,"enemies":"3 Darklings","floor":35.0,"turns":3.0},{"damage":0.0,"enemies":"3 Shapes","floor":36.0,"turns":2.0},{"damage":19.0,"enemies":"Sphere and 2 Shapes","floor":37.0,"turns":4.0},{"damage":4.0,"enemies":"4 Shapes","floor":39.0,"turns":4.0},{"damage":36.0,"enemies":"Giant Head","floor":41.0,"turns":5.0},{"damage":32.0,"enemies":"Nemesis","floor":44.0,"turns":5.0},{"damage":23.0,"enemies":"Writhing Mass","floor":45.0,"turns":4.0},{"damage":1.0,"enemies":"Jaw Worm Horde","floor":46.0,"turns":4.0},{"damage":1.0,"enemies":"Transient","floor":47.0,"turns":6.0},{"damage":33.0,"enemies":"Reptomancer","floor":48.0,"turns":7.0},{"damage":43.0,"enemies":"Donu and Deca","floor":50.0,"turns":6.0},{"damage":64,"enemies":"Shield and Spear","floor":54,"turns":6},{"damage":42,"enemies":"The Heart","floor":55,"turns":3}],"seed_played":"-2273476318427751410","potions_obtained":[{"floor":0.0,"key":"LiquidBronze"},{"floor":8.0,"key":"HeartOfIron"},{"floor":16.0,"key":"Regen Potion"},{"floor":18.0,"key":"Fire Potion"},{"floor":24.0,"key":"ColorlessPotion"},{"floor":29.0,"key":"DistilledChaos"}],"is_trial":false,"path_per_floor":["M","?","?","M","?","R","?","E","T","M","R","$","E","?","R","B",null,"M","M","T","$","?","R","E","R","T","E","M","M","M","E","R","B",null,"M","M","M","?","M","R","E","R","T","E","M","M","M","E","R","B",null,"R","$","E","B"],"character_chosen":"IRONCLAD","items_purchased":["DollysMirror","Paper Frog","Sadistic Nature","Deep Breath","Inflame"],"campfire_rested":2,"item_purchase_floors":[12,21,53,53,53],"current_hp_per_floor":[72,72,60,49,49,49,49,28,28,26,26,26,18,18,45,8,70,48,48,48,48,66,66,57,57,57,53,51,56,50,48,48,22,73,67,67,50,50,48,48,30,57,57,43,38,57,64,51,51,28,75,75,75,35,0,0],"gold":45,"neow_bonus":"BOSS_RELIC","is_daily":false,"chose_seed":false,"campfire_upgraded":7,"win_rate":0.0,"timestamp":1609373165,"path_taken":["M","?","?","?","?","R","?","E","T","M","R","$","E","?","R","BOSS","M","?","?","$","?","R","E","R","T","E","M","M","M","E","R","BOSS","M","M","M","?","M","R","E","R","T","E","M","M","M","E","R","BOSS","R","$","E","BOSS"],"items_purchased_type":["Relic","Relic","Card","Card","Card"],"build_version":"2020-12-22","purchased_purges":2,"victory":false,"max_hp_per_floor":[80,80,80,80,80,80,80,90,90,90,90,90,90,90,90,90,90,90,90,90,90,90,90,90,90,90,90,90,90,90,90,90,90,90,90,90,90,90,90,90,90,90,90,90,90,90,90,90,90,90,90,90,90,90,90,90],"relic_stats":{"Darkstone Periapt":0,"Sozu":5,"Nunchaku":[21],"counters":[28,112],"Shuriken":[51],"Bird Faced Urn":[40],"Blue Candle":[1],"Orichalcum":[186],"Smiling Mask":75,"obtain_stats":[{"Darkstone Periapt":14,"Tiny House":0,"Pear":8,"Calipers":24,"Blue Candle":31,"Velvet Choker":17,"Orichalcum":26,"Bottled Tornado":54,"Smiling Mask":7,"Ancient Tea Set":48,"Burning Blood":0,"Sozu":34,"Nunchaku":27,"HornCleat":44,"DollysMirror":12,"Shuriken":13,"Bird Faced Urn":9,"Toy Ornithopter":41,"Meat on the Bone":20,"Paper Frog":21},{"Darkstone Periapt":5,"Tiny House":0,"Pear":3,"Calipers":9,"Blue Candle":14,"Velvet Choker":6,"Orichalcum":9,"Bottled Tornado":27,"Smiling Mask":2,"Ancient Tea Set":25,"Burning Blood":0,"Sozu":15,"Nunchaku":10,"HornCleat":21,"DollysMirror":4,"Shuriken":5,"Bird Faced Urn":3,"Toy Ornithopter":20,"Meat on the Bone":8,"Paper Frog":8},{"Darkstone Periapt":16,"Tiny House":0,"Pear":9,"Calipers":30,"Blue Candle":45,"Velvet Choker":22,"Orichalcum":30,"Bottled Tornado":109,"Smiling Mask":5,"Ancient Tea Set":97,"Burning Blood":0,"Sozu":53,"Nunchaku":33,"HornCleat":76,"DollysMirror":11,"Shuriken":16,"Bird Faced Urn":9,"Toy Ornithopter":71,"Meat on the Bone":26,"Paper Frog":26}],"Toy Ornithopter":0,"Meat on the Bone":132},"card_choices":[{"not_picked":["Pommel Strike","Reckless Charge"],"picked":"Twin Strike","floor":0.0},{"not_picked":["Iron Wave","Havoc"],"picked":"Twin Strike","floor":1.0},{"not_picked":["Ghostly Armor","Iron Wave"],"picked":"Clash","floor":4.0},{"not_picked":["Headbutt","Armaments"],"picked":"Perfected Strike","floor":8.0},{"not_picked":["Headbutt","Fire Breathing"],"picked":"Clash","floor":10.0},{"not_picked":["Immolate","Dropkick","Wild Strike"],"picked":"SKIP","floor":13.0},{"not_picked":["Sword Boomerang","Pummel+1"],"picked":"Flame Barrier","floor":18.0},{"not_picked":["Sword Boomerang","Dropkick"],"picked":"Thunderclap","floor":19.0},{"not_picked":["Rampage","Heavy Blade"],"picked":"Pommel Strike","floor":24.0},{"not_picked":["Flame Barrier","Clothesline"],"picked":"Shockwave","floor":27.0},{"not_picked":["Body Slam","Warcry"],"picked":"Impervious","floor":28.0},{"not_picked":["Clash","Body Slam"],"picked":"Intimidate","floor":29.0},{"not_picked":["Feed","Clash"],"picked":"Headbutt","floor":30.0},{"not_picked":["Evolve","Combust","Flex"],"picked":"SKIP","floor":31.0},{"not_picked":["Limit Break","Fiend Fire"],"picked":"Brutality","floor":33.0},{"not_picked":["Wild Strike","Fire Breathing","Uppercut"],"picked":"SKIP","floor":35.0},{"not_picked":["Uppercut","Clash+1","Body Slam"],"picked":"SKIP","floor":36.0},{"not_picked":["Carnage","Shrug It Off"],"picked":"Blood for Blood","floor":37.0},{"not_picked":["Panacea","Swift Strike"],"picked":"Bandage Up","floor":38.0},{"not_picked":["Cleave+1","Whirlwind","Body Slam"],"picked":"SKIP","floor":39.0},{"not_picked":["Cleave","Dark Embrace"],"picked":"Double Tap","floor":41.0},{"not_picked":["Armaments","Seeing Red"],"picked":"Thunderclap+1","floor":44.0},{"not_picked":["Wild Strike","True Grit"],"picked":"Metallicize+1","floor":45.0},{"not_picked":["Thunderclap","Heavy Blade","Shrug It Off"],"picked":"SKIP","floor":46.0},{"not_picked":["Armaments","Sever Soul"],"picked":"Thunderclap+1","floor":47.0},{"not_picked":["Warcry+1","Burning Pact"],"picked":"Pommel Strike","floor":48.0},{"not_picked":["Flex+1","Fiend Fire"],"picked":"Uppercut+1","floor":54}],"player_experience":705588,"relics_obtained":[{"floor":8.0,"key":"Pear"},{"floor":9.0,"key":"Bird Faced Urn"},{"floor":13.0,"key":"Shuriken"},{"floor":20.0,"key":"Meat on the Bone"},{"floor":24.0,"key":"Calipers"},{"floor":26.0,"key":"Orichalcum"},{"floor":27.0,"key":"Nunchaku"},{"floor":31.0,"key":"Blue Candle"},{"floor":41.0,"key":"Toy Ornithopter"},{"floor":44.0,"key":"HornCleat"},{"floor":48.0,"key":"Ancient Tea Set"},{"floor":54,"key":"Bottled Tornado"}],"event_choices":[{"damage_healed":0.0,"max_hp_gain":0.0,"max_hp_loss":0.0,"gold_gain":0.0,"event_name":"Living Wall","player_choice":"Grow","floor":2.0,"gold_loss":0.0,"damage_taken":0.0,"cards_upgraded":["Twin Strike"]},{"damage_healed":0.0,"max_hp_gain":0.0,"max_hp_loss":0.0,"gold_gain":0.0,"event_name":"Wheel of Change","player_choice":"Damaged","floor":3.0,"gold_loss":0.0,"damage_taken":12.0},{"damage_healed":0.0,"max_hp_gain":0.0,"max_hp_loss":0.0,"gold_gain":64.0,"event_name":"Golden Wing","player_choice":"Gained Gold","floor":5.0,"gold_loss":0.0,"damage_taken":0.0},{"damage_healed":0.0,"max_hp_gain":0.0,"max_hp_loss":0.0,"gold_gain":0.0,"event_name":"Dead Adventurer","player_choice":"Searched \u00271\u0027 times","floor":7.0,"gold_loss":0.0,"damage_taken":0.0,"relics_obtained":["Smiling Mask"]},{"damage_healed":0.0,"max_hp_gain":0.0,"max_hp_loss":0.0,"gold_gain":0.0,"event_name":"WeMeetAgain","player_choice":"Gave Potion","floor":14.0,"gold_loss":0.0,"damage_taken":0.0,"relics_obtained":["Darkstone Periapt"]},{"damage_healed":18.0,"max_hp_gain":0.0,"max_hp_loss":0.0,"gold_gain":0.0,"event_name":"The Library","player_choice":"Heal","floor":22.0,"gold_loss":0.0,"damage_taken":0.0},{"damage_healed":0.0,"max_hp_gain":0.0,"max_hp_loss":0.0,"gold_gain":0.0,"event_name":"SensoryStone","player_choice":"Memory 1","floor":38.0,"gold_loss":0.0,"damage_taken":0.0}],"is_beta":false,"boss_relics":[{"not_picked":["Black Star","Mark of Pain"],"picked":"Velvet Choker"},{"not_picked":["Runic Dome","Coffee Dripper"],"picked":"Sozu"}],"items_purged_floors":[12,53],"is_endless":false,"potions_floor_spawned":[8,16,18,24,29,41,46,47,48,54],"killed_by":"The Heart","ascension_level":18}}