{"host":"ormi09wwzv7sq47a","time":1609457110,"event":{"mods":["2.2 Compatiblity","AchievementEnabler","Act Like it!","BaseMod","Bestiary","Better Altar","Better Note","Better Sensory Stone","Better Skull","Better Third Choice","Better Vampires","BetterRewards","Block Reminder","Card Forge","Colored Map","Colored Powertips","Curses Come First","DeckTracker","Downfall","Highlight Path","Minty Spire (QoL Compilation)","Permanent Neow","Quick Restart","Rare Cards Sparkle","Relic Stats","Shop Mod","StSLib","The Jungle","The Servant 0.9.4"],"gold_per_floor":[117,117,42,42,52,52,84,97,97,97,111,111,111,131,131,205,205,217,229,279,279,293,293,293,293,317,327,327,6,6,22,22,93,93,111,111,129,29,29,60,60,93,117,142,174,194,228,245,245,245,245],"floor_reached":52,"playtime":3906,"items_purged":["Slimebound:Tackle","Slimebound:Defend_Slimebound"],"score":2786,"play_id":"8b61dc03-73d3-449f-a269-a2d7e4533d71","local_time":"20201231202510","is_ascension_mode":true,"campfire_choices":[{"data":"Slimebound:Split","floor":6.0,"key":"SMITH"},{"floor":10.0,"key":"DIG"},{"data":"Slimebound:MegaLick","floor":12.0,"key":"SMITH"},{"data":"Slimebound:CorrosiveSpit","floor":15.0,"key":"SMITH"},{"floor":23.0,"key":"DIG"},{"data":"Slimebound:FormOfPuddle","floor":25.0,"key":"SMITH"},{"data":"Slimebound:RejuvenatingLick","floor":28.0,"key":"SMITH"},{"data":"Slimebound:WasteNot","floor":30.0,"key":"SMITH"},{"floor":32.0,"key":"DIG"},{"data":"Slimebound:RejuvenatingLick","floor":41.0,"key":"SMITH"},{"data":"Slimebound:Dissolve","floor":49.0,"key":"SMITH"}],"circlet_count":0,"master_deck":["AscendersBane","Slimebound:Split+1","Slimebound:CorrosiveSpit+1","Slimebound:LeechEnergy+1","Slimebound:FormOfPuddle+1","Slimebound:Recollect","Slimebound:MegaLick+1","Slimebound:SamplingLick+1","Slimebound:Nibble+1","Slimebound:Recollect","Slimebound:MassFeed+1","Slimebound:Recycling+1","Slimebound:Equalize+1","Slimebound:SelfFormingGoo+1","Slimebound:SlimeTap+1","Slimebound:LeechEnergy+1","Slimebound:WasteNot+1","Slimebound:Dissolve+1","Slimebound:RejuvenatingLick+1","Slimebound:LeechLife","Slimebound:Recycling+1","Slimebound:LeechingTouch+1","Slimebound:SlimeSpikes","Slimebound:RejuvenatingLick+1","Slimebound:SplitMire","Slimebound:Gluttony+1"],"relics":["Slimebound:AbsorbEndCombat","Hammer of Thor","Seething Fire","Anvil of the Gods","Question Card","Shovel","HandDrill","Kunai","Darkstone Periapt","Letter Opener","Astrolabe","Nunchaku","Whetstone","Centennial Puzzle","War Paint","MealTicket","Frozen Egg 2","Busted Crown","Guardian:PocketSentry","Slimebound:AggressiveSlimeRelic","Gremlin Horn","Toy Ornithopter","Gambling Chip","White Beast Statue","Potion Belt"],"acts_visited":["Exordium","TheCity","TheBeyond"],"potions_floor_usage":[50],"damage_taken":[{"damage":6.0,"enemies":"Jaw Worm","floor":1.0,"turns":4.0},{"damage":8.0,"enemies":"Small Slimes","floor":5.0,"turns":4.0},{"damage":33.0,"enemies":"3 Sentries","floor":7.0,"turns":6.0},{"damage":16.0,"enemies":"Cultist","floor":8.0,"turns":3.0},{"damage":8.0,"enemies":"Blue Slaver","floor":11.0,"turns":3.0},{"damage":20.0,"enemies":"Exordium Thugs","floor":14.0,"turns":3.0},{"damage":53.0,"enemies":"Slime Boss","floor":16.0,"turns":7.0},{"damage":8.0,"enemies":"Spheric Guardian","floor":18.0,"turns":4.0},{"damage":24.0,"enemies":"Chosen","floor":19.0,"turns":3.0},{"damage":11.0,"enemies":"Snake Plant","floor":22.0,"turns":3.0},{"damage":8.0,"enemies":"Sentry and Sphere","floor":27.0,"turns":2.0},{"damage":20.0,"enemies":"Centurion and Healer","floor":31.0,"turns":2.0},{"damage":32.0,"enemies":"Automaton","floor":33.0,"turns":3.0},{"damage":24.0,"enemies":"3 Darklings","floor":35.0,"turns":2.0},{"damage":18.0,"enemies":"Orb Walker","floor":37.0,"turns":3.0},{"damage":26.0,"enemies":"Orb Walker","floor":39.0,"turns":2.0},{"damage":10.0,"enemies":"Reptomancer","floor":40.0,"turns":5.0},{"damage":41.0,"enemies":"Nemesis","floor":42.0,"turns":5.0},{"damage":16.0,"enemies":"Mind Bloom Boss Battle","floor":44.0,"turns":3.0},{"damage":40.0,"enemies":"Reptomancer","floor":45.0,"turns":2.0},{"damage":32.0,"enemies":"Sphere and 2 Shapes","floor":46.0,"turns":1.0},{"damage":24.0,"enemies":"Nemesis","floor":47.0,"turns":3.0},{"damage":40.0,"enemies":"Maw","floor":48.0,"turns":4.0},{"damage":105,"enemies":"Time Eater","floor":50,"turns":8},{"damage":48,"enemies":"Awakened One","floor":51,"turns":8}],"seed_played":"7840684428362244411","potions_obtained":[{"floor":1.0,"key":"AttackPotion"},{"floor":11.0,"key":"BlessingOfTheForge"},{"floor":16.0,"key":"DistilledChaos"},{"floor":18.0,"key":"Block Potion"},{"floor":35.0,"key":"SteroidPotion"},{"floor":39.0,"key":"DuplicationPotion"},{"floor":46.0,"key":"BlessingOfTheForge"},{"floor":47.0,"key":"champ:CounterPotion"},{"floor":48.0,"key":"SmokeBomb"}],"is_trial":false,"path_per_floor":["M","?","?","$","M","R","E","M","T","R","M","R","?","M","R","B",null,"M","M","T","?","M","R","?","R","T","M","R","$","R","M","R","B",null,"M","?","M","$","?","E","R","E","T","?","E","M","E","M","R","B","B",null],"character_chosen":"SLIMEBOUND","items_purchased":["Question Card","HandDrill","Kunai","Slimebound:LeechEnergy","Explosive Potion","War Paint","MealTicket"],"campfire_rested":0,"item_purchase_floors":[0,0,0,0,0,29,29],"current_hp_per_floor":[43,43,43,43,43,43,28,32,32,32,38,38,38,34,34,29,44,52,53,53,53,55,55,55,55,55,59,59,59,59,67,67,71,71,75,75,75,75,75,83,83,80,80,91,89,95,99,103,103,79,103],"gold":245,"neow_bonus":"","is_daily":false,"chose_seed":false,"campfire_upgraded":8,"win_rate":0.0,"timestamp":1609457110,"path_taken":["M","?","?","$","?","R","E","M","T","R","M","R","?","M","R","BOSS","M","M","?","?","M","R","?","R","T","M","R","$","R","M","R","BOSS","M","?","?","?","?","E","R","E","T","?","E","M","E","M","R","BOSS","BOSS"],"items_purchased_type":["Relic","Relic","Relic","Card","Potion","Relic","Relic"],"build_version":"2020-12-22","purchased_purges":2,"victory":true,"max_hp_per_floor":[49,49,49,49,49,49,49,49,49,49,49,49,49,49,49,49,49,52,55,55,55,55,55,55,55,55,59,59,59,59,67,67,71,71,75,75,75,75,79,83,83,87,87,91,91,95,99,103,103,103,103],"relic_stats":{"Darkstone Periapt":0,"Gremlin Horn":[7,7],"counters":[286,1263],"Astrolabe":["Slimebound:ItLooksTasty","Slimebound:Recollect","Slimebound:RainOfGoop","Slimebound:Recycling","Slimebound:Equalize","Slimebound:SelfFormingGoo"],"Letter Opener":[1071],"Whetstone":["Slimebound:GrowthPunch","Slimebound:SlimeSlap","Slimebound:MassFeed","Slimebound:Nibble"],"War Paint":["Slimebound:SlimeTap","Slimebound:SamplingLick"],"Question Card":23,"Nunchaku":[15],"Centennial Puzzle":[45],"Shovel":3,"Busted Crown":20,"Gambling Chip":[27],"MealTicket":0,"HandDrill":[28],"Kunai":[37],"obtain_stats":[{"Spirit Poop":29,"Whetstone":26,"Ginger":54,"Bottled Tornado":8,"Sling":0,"Boot":54,"Old Coin":48,"Blood Vial":30,"Sundial":0,"MealTicket":24,"HandDrill":0,"Kunai":39,"Slimebound:AggressiveSlimeRelic":12,"Pear":29,"Blue Candle":9,"Eternal Feather":45,"Pen Nib":40,"Guardian:PocketSentry":23,"Akabeko":26,"Slimebound:TarBlob":17,"SlaversCollar":34,"Bird Faced Urn":0,"StrikeDummy":26,"Slimebound:SlimedTailRelic":47,"Lantern":43,"Torii":39,"Singing Bowl":9,"StoneCalendar":11,"Bag of Preparation":20,"Smiling Mask":42,"Ancient Tea Set":20,"Slimebound:MaxSlimesRelic":53,"Matryoshka":25,"Shovel":29,"InkBottle":43,"Potion Belt":31,"Golden Idol":4,"PreservedInsect":7,"The Courier":43,"Omamori":21,"Seething Fire":0,"Frozen Egg 2":32,"Slimebound:PotencyRelic":0,"Busted Crown":34,"Turnip":30,"Slimebound:AbsorbEndCombat":0,"Art of War":29,"Bottled Lightning":47,"hexamod:BolsterEngine":0,"Slimebound:AbsorbEndCombatUpgraded":17,"Toy Ornithopter":40,"Ice Cream":41,"Calipers":0,"Gremlin Horn":9,"Nilry\u0027s Codex":20,"CeramicFish":31,"Vajra":44,"Hammer of Thor":0,"Sozu":34,"Lizard Tail":7,"Centennial Puzzle":26,"HornCleat":0,"Strawberry":26,"Philosopher\u0027s Stone":34,"Prayer Wheel":0,"Toxic Egg 2":0,"Girya":8,"Happy Flower":54,"Astrolabe":34,"Oddly Smooth Stone":43,"Letter Opener":48,"War Paint":37,"Question Card":26,"Du-Vu Doll":12,"Bottled Flame":26,"Shuriken":53,"Anvil of the Gods":0,"Bronze Scales":41,"Molten Egg 2":7,"Black Star":17,"theJungle:WildStrawberry":25,"Slimebound:SlimedSkullRelic":6,"Pocketwatch":0,"Meat on the Bone":23,"Darkstone Periapt":7,"SacredBark":34,"Enchiridion":19,"Mango":0,"Incense Burner":0,"Empty Cage":17,"Nunchaku":54,"Mummified Hand":53,"Gambling Chip":21,"Pantograph":10,"Tiny Chest":0,"Red Mask":20,"White Beast Statue":11,"Mercury Hourglass":30,"Slimebound:GreedOozeRelic":10,"Strange Spoon":0,"Anchor":24,"CaptainsWheel":36,"Bag of Marbles":25,"Coffee Dripper":17,"Membership Card":37,"TungstenRod":27,"FossilizedHelix":28},{"Spirit Poop":13,"Whetstone":38,"Ginger":159,"Bottled Tornado":59,"Sling":83,"Boot":110,"Old Coin":80,"Blood Vial":100,"Sundial":83,"MealTicket":37,"HandDrill":261,"Kunai":129,"Slimebound:AggressiveSlimeRelic":89,"Pear":70,"Blue Candle":4,"Eternal Feather":24,"Pen Nib":153,"Guardian:PocketSentry":67,"Akabeko":97,"Slimebound:TarBlob":141,"SlaversCollar":73,"Bird Faced Urn":54,"StrikeDummy":68,"Slimebound:SlimedTailRelic":80,"Lantern":154,"Torii":179,"Singing Bowl":214,"StoneCalendar":89,"Bag of Preparation":9,"Smiling Mask":23,"Ancient Tea Set":65,"Slimebound:MaxSlimesRelic":52,"Matryoshka":68,"Shovel":124,"InkBottle":180,"Potion Belt":41,"Golden Idol":1,"PreservedInsect":31,"The Courier":77,"Omamori":9,"Seething Fire":0,"Frozen Egg 2":273,"Slimebound:PotencyRelic":27,"Busted Crown":201,"Turnip":14,"Slimebound:AbsorbEndCombat":0,"Art of War":40,"Bottled Lightning":107,"hexamod:BolsterEngine":27,"Slimebound:AbsorbEndCombatUpgraded":7,"Toy Ornithopter":22,"Ice Cream":130,"Calipers":83,"Gremlin Horn":31,"Nilry\u0027s Codex":121,"CeramicFish":125,"Vajra":155,"Hammer of Thor":0,"Sozu":126,"Lizard Tail":163,"Centennial Puzzle":271,"HornCleat":54,"Strawberry":221,"Philosopher\u0027s Stone":16,"Prayer Wheel":160,"Toxic Egg 2":54,"Girya":190,"Happy Flower":26,"Astrolabe":254,"Oddly Smooth Stone":47,"Letter Opener":207,"War Paint":44,"Question Card":12,"Du-Vu Doll":192,"Bottled Flame":170,"Shuriken":109,"Anvil of the Gods":0,"Bronze Scales":47,"Molten Egg 2":3,"Black Star":92,"theJungle:WildStrawberry":197,"Slimebound:SlimedSkullRelic":138,"Pocketwatch":160,"Meat on the Bone":249,"Darkstone Periapt":264,"SacredBark":175,"Enchiridion":218,"Mango":135,"Incense Burner":111,"Empty Cage":63,"Nunchaku":53,"Mummified Hand":81,"Gambling Chip":65,"Pantograph":140,"Tiny Chest":111,"Red Mask":168,"White Beast Statue":164,"Mercury Hourglass":100,"Slimebound:GreedOozeRelic":4,"Strange Spoon":160,"Anchor":37,"CaptainsWheel":128,"Bag of Marbles":12,"Coffee Dripper":35,"Membership Card":44,"TungstenRod":98,"FossilizedHelix":222},{"Spirit Poop":74,"Whetstone":221,"Ginger":712,"Bottled Tornado":317,"Sling":399,"Boot":510,"Old Coin":384,"Blood Vial":456,"Sundial":399,"MealTicket":217,"HandDrill":1173,"Kunai":586,"Slimebound:AggressiveSlimeRelic":416,"Pear":352,"Blue Candle":22,"Eternal Feather":153,"Pen Nib":689,"Guardian:PocketSentry":344,"Akabeko":446,"Slimebound:TarBlob":642,"SlaversCollar":362,"Bird Faced Urn":297,"StrikeDummy":346,"Slimebound:SlimedTailRelic":384,"Lantern":694,"Torii":782,"Singing Bowl":965,"StoneCalendar":416,"Bag of Preparation":51,"Smiling Mask":145,"Ancient Tea Set":337,"Slimebound:MaxSlimesRelic":289,"Matryoshka":346,"Shovel":564,"InkBottle":787,"Potion Belt":232,"Golden Idol":5,"PreservedInsect":195,"The Courier":376,"Omamori":51,"Seething Fire":0,"Frozen Egg 2":1215,"Slimebound:PotencyRelic":184,"Busted Crown":891,"Turnip":81,"Slimebound:AbsorbEndCombat":0,"Art of War":229,"Bottled Lightning":486,"hexamod:BolsterEngine":184,"Slimebound:AbsorbEndCombatUpgraded":39,"Toy Ornithopter":137,"Ice Cream":593,"Calipers":399,"Gremlin Horn":195,"Nilry\u0027s Codex":551,"CeramicFish":569,"Vajra":697,"Hammer of Thor":0,"Sozu":578,"Lizard Tail":726,"Centennial Puzzle":1211,"HornCleat":297,"Strawberry":999,"Philosopher\u0027s Stone":99,"Prayer Wheel":718,"Toxic Egg 2":297,"Girya":827,"Happy Flower":173,"Astrolabe":1134,"Oddly Smooth Stone":261,"Letter Opener":918,"War Paint":248,"Question Card":71,"Du-Vu Doll":837,"Bottled Flame":748,"Shuriken":504,"Anvil of the Gods":0,"Bronze Scales":261,"Molten Egg 2":17,"Black Star":425,"theJungle:WildStrawberry":866,"Slimebound:SlimedSkullRelic":632,"Pocketwatch":718,"Meat on the Bone":1114,"Darkstone Periapt":1186,"SacredBark":769,"Enchiridion":984,"Mango":622,"Incense Burner":516,"Empty Cage":330,"Nunchaku":295,"Mummified Hand":389,"Gambling Chip":337,"Pantograph":639,"Tiny Chest":516,"Red Mask":741,"White Beast Statue":728,"Mercury Hourglass":456,"Slimebound:GreedOozeRelic":22,"Strange Spoon":718,"Anchor":217,"CaptainsWheel":583,"Bag of Marbles":71,"Coffee Dripper":211,"Membership Card":248,"TungstenRod":449,"FossilizedHelix":1003}],"Toy Ornithopter":5},"card_choices":[{"not_picked":["Slimebound:Schlurp","Slimebound:SpikyOuterGoop","Slimebound:SplitAcid"],"picked":"Slimebound:FormOfPuddle","floor":1.0},{"not_picked":["Slimebound:Prepare","Slimebound:SplitMire","Slimebound:HungryTackle"],"picked":"Slimebound:Recollect","floor":5.0},{"not_picked":["Slimebound:SplitMire","Slimebound:LeadByExample","Slimebound:Prepare"],"picked":"Slimebound:MegaLick","floor":7.0},{"not_picked":["Slimebound:FinishingTackle","Slimebound:Grow","Slimebound:ViciousTackle"],"picked":"Slimebound:SamplingLick","floor":8.0},{"not_picked":["Slimebound:LeadByExample","Slimebound:ViciousTackle","Slimebound:FirmFortitude"],"picked":"Slimebound:Nibble","floor":11.0},{"not_picked":["Slimebound:Prepare","Slimebound:SplitAcid","Slimebound:FirmFortitude"],"picked":"Slimebound:Recollect","floor":14.0},{"not_picked":["Slimebound:DuplicatedForm","Slimebound:OneTwoCombo","Slimebound:WasteNot"],"picked":"Slimebound:MassFeed","floor":16.0},{"not_picked":["Slimebound:ViciousTackle","Slimebound:SamplingLick","Slimebound:Schlurp"],"picked":"Slimebound:SlimeTap","floor":18.0},{"not_picked":["Slimebound:FlameTackle","Slimebound:HungryTackle","Slimebound:SlimeTap"],"picked":"Slimebound:LeechEnergy+1","floor":19.0},{"not_picked":["Slimebound:FinishingTackle","Slimebound:GoopSpray","Slimebound:AcidTongue"],"picked":"Slimebound:WasteNot","floor":22.0},{"not_picked":["Slimebound:SlimeBarrage","Slimebound:ViciousTackle+1","Slimebound:SamplingLick"],"picked":"Slimebound:RejuvenatingLick","floor":27.0},{"not_picked":["Slimebound:SplitLeeching","Slimebound:LeechEnergy","Slimebound:ComboTackle"],"picked":"Slimebound:LeechLife","floor":31.0},{"not_picked":["Slimebound:SlimeSlap","Slimebound:OneTwoCombo","Slimebound:Overexert+1"],"picked":"Slimebound:Recycling+1","floor":33.0},{"not_picked":["Slimebound:Schlurp"],"picked":"Slimebound:LeechingTouch+1","floor":35.0},{"not_picked":["Slimebound:SplitLeeching+1"],"picked":"Slimebound:SlimeSpikes","floor":37.0},{"not_picked":["Slimebound:SlimeSpikes"],"picked":"Slimebound:RejuvenatingLick","floor":40.0},{"not_picked":["Slimebound:Recycling+1"],"picked":"Slimebound:SplitMire","floor":42.0},{"not_picked":["Slimebound:SamplingLick","Slimebound:Schlurp+1"],"picked":"SKIP","floor":45.0},{"not_picked":["Slimebound:GoopTackle","Slimebound:DisruptingSlam"],"picked":"SKIP","floor":46.0},{"not_picked":["Slimebound:RollThrough","Slimebound:RainOfGoop"],"picked":"SKIP","floor":47.0},{"not_picked":["Slimebound:LivingWall+1"],"picked":"Slimebound:Gluttony+1","floor":48.0}],"player_experience":842139,"relics_obtained":[{"floor":7.0,"key":"Darkstone Periapt"},{"floor":10.0,"key":"Letter Opener"},{"floor":20.0,"key":"Nunchaku"},{"floor":23.0,"key":"Whetstone"},{"floor":26.0,"key":"Centennial Puzzle"},{"floor":32.0,"key":"Frozen Egg 2"},{"floor":40.0,"key":"Slimebound:AggressiveSlimeRelic"},{"floor":42.0,"key":"Gremlin Horn"},{"floor":43.0,"key":"Toy Ornithopter"},{"floor":44.0,"key":"Gambling Chip"},{"floor":45.0,"key":"White Beast Statue"},{"floor":47.0,"key":"Potion Belt"}],"event_choices":[{"cards_removed":["Slimebound:Strike_Slimebound"],"damage_healed":0.0,"max_hp_gain":0.0,"max_hp_loss":0.0,"gold_gain":0.0,"event_name":"Living Wall","player_choice":"Forget","floor":2.0,"gold_loss":0.0,"damage_taken":0.0},{"cards_removed":["Slimebound:Defend_Slimebound"],"damage_healed":0.0,"max_hp_gain":0.0,"max_hp_loss":0.0,"gold_gain":0.0,"event_name":"The Cleric","player_choice":"Card Removal","floor":3.0,"gold_loss":75.0,"damage_taken":0.0},{"damage_healed":0.0,"max_hp_gain":0.0,"max_hp_loss":0.0,"gold_gain":0.0,"event_name":"Upgrade Shrine","player_choice":"Upgraded","floor":13.0,"gold_loss":0.0,"damage_taken":0.0,"cards_upgraded":["Slimebound:LeechEnergy"]},{"damage_healed":0.0,"max_hp_gain":0.0,"max_hp_loss":0.0,"gold_gain":0.0,"cards_transformed":["Slimebound:Defend_Slimebound"],"event_name":"Transmorgrifier","player_choice":"Transformed","floor":24.0,"gold_loss":0.0,"damage_taken":0.0,"cards_obtained":["Slimebound:Dissolve"]},{"damage_healed":0.0,"max_hp_gain":0.0,"max_hp_loss":0.0,"gold_gain":0.0,"event_name":"WeMeetAgain","player_choice":"Gave Potion","floor":36.0,"gold_loss":0.0,"damage_taken":0.0,"relics_obtained":["Guardian:PocketSentry"]},{"damage_healed":0.0,"max_hp_gain":0.0,"max_hp_loss":0.0,"gold_gain":0.0,"event_name":"MindBloom","player_choice":"Fight","floor":44.0,"gold_loss":0.0,"damage_taken":0.0}],"is_beta":false,"boss_relics":[{"not_picked":["Empty Cage","Coffee Dripper"],"picked":"Astrolabe"},{"not_picked":["SacredBark","Slimebound:TarBlob"],"picked":"Busted Crown"}],"items_purged_floors":[0,38],"is_endless":false,"potions_floor_spawned":[1,5,11,16,18,35,39,46,47,48],"ascension_level":20}}