{"host":"foq4mrde4mssg7vt","time":1609438002,"event":{"mods":["AchievementEnabler","BaseMod","Colored Map","Colored Powertips","Highlight Path","Minty Spire (QoL Compilation)","Relic Stats","everything is the same but u backflip on backflip"],"gold_per_floor":[117,134,53,65,85,416,416,449,449,449,459,459,459,487,487,487,487],"floor_reached":16,"playtime":438,"items_purged":[],"score":198,"play_id":"a7c76f04-8561-4a7b-a3b3-38c409333a31","local_time":"20210101020642","is_ascension_mode":true,"campfire_choices":[{"data":"Barrage","floor":7,"key":"SMITH"},{"data":"Compile Driver","floor":13,"key":"SMITH"},{"data":"Glacier","floor":15,"key":"SMITH"}],"circlet_count":0,"master_deck":["AscendersBane","Strike_B","Strike_B","Strike_B","Strike_B","Defend_B","Defend_B","Defend_B","Defend_B","Zap","Dualcast","Sweeping Beam","Doom and Gloom","Compile Driver+1","Electrodynamics","Barrage+1","Redo","Cold Snap","Glacier+1"],"relics":["Cracked Core","Old Coin","Centennial Puzzle","Strawberry","Bottled Tornado"],"acts_visited":["Exordium"],"potions_floor_usage":[11],"damage_taken":[{"damage":2,"enemies":"Jaw Worm","floor":1,"turns":3},{"damage":0,"enemies":"Small Slimes","floor":2,"turns":3},{"damage":3,"enemies":"2 Louse","floor":4,"turns":2},{"damage":6,"enemies":"Looter","floor":5,"turns":4},{"damage":32,"enemies":"Gremlin Nob","floor":6,"turns":4},{"damage":25,"enemies":"Lagavulin","floor":8,"turns":7},{"damage":9,"enemies":"Red Slaver","floor":11,"turns":2},{"damage":5,"enemies":"3 Sentries","floor":14,"turns":3},{"damage":33,"enemies":"Hexaghost","floor":16,"turns":9}],"seed_played":"2629500831835913549","potions_obtained":[{"floor":1,"key":"EssenceOfDarkness"},{"floor":2,"key":"CultistPotion"}],"is_trial":false,"path_per_floor":["M","M","$","M","M","E","R","E","T","?","M","?","R","E","R","B"],"character_chosen":"DEFECT","items_purchased":["Doom and Gloom"],"campfire_rested":0,"item_purchase_floors":[3],"current_hp_per_floor":[73,73,73,70,64,32,32,7,14,14,5,34,34,29,29,0,0],"gold":487,"neow_bonus":"TEN_PERCENT_HP_BONUS","is_daily":false,"chose_seed":false,"campfire_upgraded":3,"win_rate":0.0,"timestamp":1609438002,"path_taken":["M","M","$","M","M","E","R","E","T","?","M","?","R","E","R","BOSS"],"items_purchased_type":["Card"],"build_version":"2020-12-22","purchased_purges":0,"victory":false,"max_hp_per_floor":[82,82,82,82,82,82,82,82,89,89,89,89,89,89,89,89,89],"relic_stats":{"Centennial Puzzle":[9],"counters":[9,37],"obtain_stats":[{"Centennial Puzzle":8,"Strawberry":9,"Bottled Tornado":14,"Cracked Core":0,"Old Coin":6},{"Centennial Puzzle":6,"Strawberry":6,"Bottled Tornado":8,"Cracked Core":0,"Old Coin":5},{"Centennial Puzzle":23,"Strawberry":23,"Bottled Tornado":28,"Cracked Core":0,"Old Coin":16}]},"card_choices":[{"not_picked":["Storm","Self Repair"],"picked":"Sweeping Beam","floor":1},{"not_picked":["Beam Cell","Steam","Rebound"],"picked":"SKIP","floor":2},{"not_picked":["Conserve Battery","Force Field"],"picked":"Compile Driver","floor":4},{"not_picked":["Conserve Battery","Force Field"],"picked":"Electrodynamics","floor":5},{"not_picked":["Turbo","Go for the Eyes"],"picked":"Barrage","floor":6},{"not_picked":["Leap","Loop"],"picked":"Redo","floor":8},{"not_picked":["Genetic Algorithm","Rebound"],"picked":"Cold Snap","floor":11},{"not_picked":["Static Discharge","Darkness"],"picked":"Glacier","floor":14}],"player_experience":348007,"relics_obtained":[{"floor":6,"key":"Old Coin"},{"floor":8,"key":"Centennial Puzzle"},{"floor":9,"key":"Strawberry"},{"floor":14,"key":"Bottled Tornado"}],"event_choices":[{"damage_healed":0,"gold_gain":0,"player_choice":"Searched \u00270\u0027 times","damage_taken":0,"max_hp_gain":0,"max_hp_loss":0,"event_name":"Dead Adventurer","floor":10,"gold_loss":0},{"damage_healed":29,"gold_gain":0,"player_choice":"Banana","damage_taken":0,"max_hp_gain":0,"max_hp_loss":0,"event_name":"Big Fish","floor":12,"gold_loss":0}],"is_beta":false,"boss_relics":[],"items_purged_floors":[],"is_endless":false,"potions_floor_spawned":[1,2,4],"killed_by":"Hexaghost","ascension_level":13}}