{"host":"2461dio7vetlq1z3","time":1609445735,"event":{"mods":["2.2 Compatiblity","AchievementEnabler","BaseMod","Better Third Choice","Friendly Minions","Hubris","Minty Spire (QoL Compilation)","Relic Stats","Spicy Shops","StSLib","Waifu the Spire"],"gold_per_floor":[110,110,120,45,56,56,89,89,114,114,147,163,163,182,182,255,255,255,255],"floor_reached":18,"playtime":1614,"items_purged":["Strike_B"],"score":340,"play_id":"94d0059f-07f6-48ba-a0bc-a3cf1625aa78","local_time":"20201231211535","is_ascension_mode":true,"campfire_choices":[{"floor":6.0,"key":"REST"},{"data":"Go for the Eyes","floor":8.0,"key":"SMITH"},{"data":"Fusion","floor":15.0,"key":"SMITH"}],"circlet_count":0,"master_deck":["AscendersBane","Strike_B","Strike_B","Defend_B","Defend_B+1","Defend_B+1","Defend_B","Zap","Dualcast","Gash","Capacitor+1","Streamline","Go for the Eyes+1","Ball Lightning","Chill","Undo","LessonLearned","hubris:DoWhile+1","Wallop","Reinforced Body","Fusion+1","Creative AI"],"relics":["hubris:Backtick","Prayer Wheel","hubris:DisguiseKit","Bag of Preparation","Ancient Tea Set","Sozu"],"acts_visited":["Exordium","TheCity"],"potions_floor_usage":[],"damage_taken":[{"damage":7.0,"enemies":"Jaw Worm","floor":1.0,"turns":4.0},{"damage":7.0,"enemies":"2 Louse","floor":3.0,"turns":3.0},{"damage":4.0,"enemies":"Small Slimes","floor":5.0,"turns":4.0},{"damage":11.0,"enemies":"Lagavulin","floor":7.0,"turns":7.0},{"damage":13.0,"enemies":"3 Sentries","floor":11.0,"turns":9.0},{"damage":16.0,"enemies":"Exordium Thugs","floor":12.0,"turns":7.0},{"damage":3.0,"enemies":"Looter","floor":14.0,"turns":5.0},{"damage":5,"enemies":"The Guardian","floor":16,"turns":16},{"damage":63,"enemies":"3 Byrds","floor":18,"turns":6}],"seed_played":"1549881820988429680","potions_obtained":[{"floor":3.0,"key":"Strength Potion"},{"floor":5.0,"key":"Weak Potion"},{"floor":7.0,"key":"Swift Potion"},{"floor":16,"key":"Strength Potion"}],"is_trial":false,"path_per_floor":["M","?","M","$","M","R","E","R","T","?","E","M","?","M","R","B",null,"M"],"character_chosen":"DEFECT","items_purchased":[],"campfire_rested":1,"item_purchase_floors":[],"current_hp_per_floor":[57,57,50,50,46,67,56,56,56,56,43,27,27,24,24,19,58,0,0],"gold":255,"neow_bonus":"BOSS_RELIC","is_daily":false,"chose_seed":false,"campfire_upgraded":2,"win_rate":0.0,"timestamp":1609445735,"path_taken":["M","?","M","$","M","R","E","R","T","?","E","M","?","?","R","BOSS","M"],"items_purchased_type":[],"build_version":"2020-12-22","purchased_purges":1,"victory":false,"max_hp_per_floor":[71,71,71,71,71,71,71,71,71,71,71,71,71,71,71,71,71,71,71],"relic_stats":{"Sozu":0,"counters":[9,61],"Prayer Wheel":5,"Bag of Preparation":[10],"obtain_stats":[{"Sozu":17,"hubris:DisguiseKit":7,"hubris:Backtick":0,"Prayer Wheel":0,"Bag of Preparation":9,"Cracked Core":0,"Ancient Tea Set":11},{"Sozu":8,"hubris:DisguiseKit":4,"hubris:Backtick":0,"Prayer Wheel":0,"Bag of Preparation":4,"Cracked Core":0,"Ancient Tea Set":5},{"Sozu":55,"hubris:DisguiseKit":18,"hubris:Backtick":0,"Prayer Wheel":0,"Bag of Preparation":18,"Cracked Core":0,"Ancient Tea Set":27}]},"card_choices":[{"not_picked":["Recycle","Coolheaded"],"picked":"Gash","floor":1.0},{"not_picked":["Conserve Battery","hubris:Ukulele"],"picked":"Capacitor","floor":1.0},{"not_picked":["Coolheaded","Sweeping Beam"],"picked":"Streamline","floor":3.0},{"not_picked":["Stack","Redo"],"picked":"Go for the Eyes","floor":3.0},{"not_picked":["Streamline","Hologram"],"picked":"Ball Lightning","floor":5.0},{"not_picked":["Beam Cell","Stack"],"picked":"Chill","floor":5.0},{"not_picked":["Go for the Eyes","Blizzard"],"picked":"Undo","floor":7.0},{"not_picked":["Heatsinks","Loop","Lockon"],"picked":"LessonLearned","floor":11.0},{"not_picked":["Compile Driver","Leap","CrushJoints"],"picked":"hubris:DoWhile","floor":12.0},{"not_picked":["Barrage","Steam","Loop"],"picked":"Wallop","floor":12.0},{"not_picked":["Beam Cell","Blizzard","Consecrate"],"picked":"Reinforced Body","floor":14.0},{"not_picked":["Barrage","Compile Driver","Nirvana"],"picked":"Fusion","floor":14.0},{"not_picked":["Amplify","Hyperbeam","Judgement"],"picked":"Creative AI","floor":16}],"player_experience":971206,"relics_obtained":[{"floor":7.0,"key":"hubris:DisguiseKit"},{"floor":9.0,"key":"Bag of Preparation"},{"floor":11.0,"key":"Ancient Tea Set"}],"event_choices":[{"cards_removed":["Strike_B"],"damage_healed":0.0,"max_hp_gain":0.0,"max_hp_loss":0.0,"gold_gain":0.0,"event_name":"Living Wall","player_choice":"Forget","floor":2.0,"gold_loss":0.0,"damage_taken":0.0},{"damage_healed":0.0,"max_hp_gain":0.0,"max_hp_loss":0.0,"gold_gain":0.0,"event_name":"betterThird:BetterSerpent","player_choice":"Ignored","floor":10.0,"gold_loss":0.0,"damage_taken":114.0},{"damage_healed":0.0,"max_hp_gain":0.0,"max_hp_loss":0.0,"gold_gain":0.0,"event_name":"Accursed Blacksmith","player_choice":"Forge","floor":13.0,"gold_loss":0.0,"damage_taken":0.0,"cards_upgraded":["hubris:DoWhile"]}],"is_beta":false,"boss_relics":[{"not_picked":["Black Star","hubris:BlackHole"],"picked":"Sozu"}],"items_purged_floors":[4],"is_endless":false,"potions_floor_spawned":[3,5,7,16],"killed_by":"3 Byrds","ascension_level":20}}