{"host":"hwrdjx5eod2cxh09","time":1609436508,"event":{"mods":["AchievementEnabler","BaseMod","Bestiary","Minty Spire (QoL Compilation)","Relic Stats"],"gold_per_floor":[111,111,36,54,4,37,37,71,71,32,32,32,49,67,67,172,172,191,206,220,235,314,314,348,348,348,398,418,418,418],"floor_reached":29,"playtime":1218,"items_purged":["Regret"],"score":253,"play_id":"8259a6f0-9cf7-42c3-b3de-fd42dd3b5efa","local_time":"20210101024148","is_ascension_mode":false,"campfire_choices":[{"data":"Zap","floor":7,"key":"SMITH"},{"floor":12,"key":"REST"},{"floor":15,"key":"REST"},{"floor":23,"key":"REST"},{"floor":25,"key":"REST"}],"circlet_count":0,"master_deck":["Strike_B","Strike_B","Strike_B","Defend_B","Defend_B","Defend_B","Defend_B","Zap+1","Dualcast+1","Conserve Battery","Reboot","Coolheaded","Doom and Gloom","Leap","Ball Lightning","Core Surge","Defragment+1","Darkness","Loop+1"],"relics":["Cracked Core","Darkstone Periapt","Nunchaku","Ancient Tea Set","Question Card","Black Star","Matryoshka","Vajra","Bronze Scales","Art of War"],"acts_visited":["Exordium","TheCity"],"potions_floor_usage":[29],"damage_taken":[{"damage":4,"enemies":"Cultist","floor":1,"turns":4},{"damage":0,"enemies":"Small Slimes","floor":4,"turns":2},{"damage":36,"enemies":"Gremlin Nob","floor":6,"turns":5},{"damage":32,"enemies":"Lagavulin","floor":8,"turns":9},{"damage":0,"enemies":"2 Louse","floor":13,"turns":2},{"damage":8,"enemies":"Red Slaver","floor":14,"turns":3},{"damage":23,"enemies":"The Guardian","floor":16,"turns":12},{"damage":8,"enemies":"3 Byrds","floor":18,"turns":4},{"damage":1,"enemies":"Spheric Guardian","floor":19,"turns":5},{"damage":19,"enemies":"Shelled Parasite and Fungi","floor":20,"turns":7},{"damage":27,"enemies":"Snecko","floor":21,"turns":5},{"damage":57,"enemies":"Book of Stabbing","floor":24,"turns":9},{"damage":6,"enemies":"Cultist and Chosen","floor":28,"turns":4},{"damage":44,"enemies":"Slavers","floor":29,"turns":4}],"seed_played":"6990337655481432987","potions_obtained":[{"floor":1,"key":"FairyPotion"},{"floor":11,"key":"SpeedPotion"},{"floor":11,"key":"Energy Potion"},{"floor":24,"key":"ColorlessPotion"}],"is_trial":false,"path_per_floor":["M","?","$","M","?","E","R","E","T","$","?","R","M","M","R","B",null,"M","M","M","M","T","R","E","R","T","?","M","E"],"character_chosen":"DEFECT","items_purchased":["Doom and Gloom"],"campfire_rested":4,"item_purchase_floors":[10],"current_hp_per_floor":[71,77,77,77,77,41,41,9,9,9,9,33,33,25,49,26,81,73,72,53,26,26,50,18,42,42,42,36,0,0],"gold":418,"neow_bonus":"UPGRADE_CARD","is_daily":false,"chose_seed":false,"campfire_upgraded":1,"win_rate":0.0,"timestamp":1609436508,"path_taken":["M","?","$","M","?","E","R","E","T","$","?","R","M","M","R","BOSS","M","M","M","M","?","R","E","R","T","?","M","E"],"items_purchased_type":["Card"],"build_version":"2020-12-22","purchased_purges":1,"victory":false,"max_hp_per_floor":[75,81,81,81,81,81,81,81,81,81,81,81,81,81,81,81,81,81,81,81,81,81,81,81,81,81,81,81,81,81],"relic_stats":{"Darkstone Periapt":6,"Nunchaku":[6],"counters":[14,75],"Bronze Scales":[39],"Black Star":1,"Art of War":[3],"Question Card":9,"obtain_stats":[{"Darkstone Periapt":2,"Nunchaku":6,"Matryoshka":22,"Bronze Scales":24,"Vajra":24,"Black Star":17,"Art of War":26,"Cracked Core":0,"Ancient Tea Set":8,"Question Card":9},{"Darkstone Periapt":1,"Nunchaku":3,"Matryoshka":11,"Bronze Scales":12,"Vajra":12,"Black Star":7,"Art of War":12,"Cracked Core":0,"Ancient Tea Set":4,"Question Card":4},{"Darkstone Periapt":4,"Nunchaku":11,"Matryoshka":58,"Bronze Scales":67,"Vajra":67,"Black Star":37,"Art of War":67,"Cracked Core":0,"Ancient Tea Set":20,"Question Card":20}]},"card_choices":[{"not_picked":["Reinforced Body","Sunder","Melter"],"picked":"SKIP","floor":1},{"not_picked":["Steam","Stack"],"picked":"Conserve Battery","floor":4},{"not_picked":["Rebound","Hello World"],"picked":"Reboot","floor":6},{"not_picked":["Redo","Genetic Algorithm"],"picked":"Coolheaded","floor":8},{"not_picked":["Static Discharge","Streamline","Blizzard"],"picked":"Leap","floor":13},{"not_picked":["Recycle","Streamline","Sunder"],"picked":"Ball Lightning","floor":14},{"not_picked":["Buffer","Seek","Thunder Strike"],"picked":"Core Surge","floor":16},{"not_picked":["White Noise","Chaos","Beam Cell"],"picked":"Defragment+1","floor":18},{"not_picked":["Gash","Ball Lightning","Coolheaded","Steam+1"],"picked":"SKIP","floor":19},{"not_picked":["Compile Driver","Cold Snap","Rebound","Sweeping Beam"],"picked":"SKIP","floor":20},{"not_picked":["Heatsinks","Scrape","Consume"],"picked":"Darkness","floor":21},{"not_picked":["Barrage","Biased Cognition","Compile Driver+1"],"picked":"Loop+1","floor":24},{"not_picked":["Cold Snap","Heatsinks+1","Barrage","Sweeping Beam+1"],"picked":"SKIP","floor":28}],"player_experience":128272,"relics_obtained":[{"floor":6,"key":"Nunchaku"},{"floor":8,"key":"Ancient Tea Set"},{"floor":9,"key":"Question Card"},{"floor":22,"key":"Matryoshka"},{"floor":24,"key":"Vajra"},{"floor":24,"key":"Bronze Scales"},{"floor":26,"key":"Art of War"}],"event_choices":[{"damage_healed":0,"gold_gain":0,"player_choice":"Box","damage_taken":0,"relics_obtained":["Darkstone Periapt"],"max_hp_gain":0,"max_hp_loss":0,"event_name":"Big Fish","floor":2,"gold_loss":0,"cards_obtained":["Regret"]},{"cards_removed":["Strike_B"],"damage_healed":0,"gold_gain":0,"player_choice":"Card Removal","damage_taken":0,"max_hp_gain":0,"max_hp_loss":0,"event_name":"The Cleric","floor":5,"gold_loss":50},{"damage_healed":0,"gold_gain":0,"player_choice":"Got Potions","damage_taken":0,"max_hp_gain":0,"max_hp_loss":0,"event_name":"Lab","floor":11,"gold_loss":0},{"damage_healed":0,"gold_gain":100,"player_choice":"Bet on Murderer","damage_taken":0,"max_hp_gain":0,"max_hp_loss":0,"event_name":"The Joust","floor":27,"gold_loss":50}],"is_beta":false,"boss_relics":[{"not_picked":["Runic Dome","SacredBark"],"picked":"Black Star"}],"items_purged_floors":[3],"is_endless":false,"potions_floor_spawned":[1,14,19,24],"killed_by":"Slavers","ascension_level":0}}