{"host":"hfbeeaxchx6djfso","time":1609385735,"event":{"mods":["AchievementEnabler","Aspiration","BaseMod","Better Third Choice","Colored Map","Downfall","GungeonMod","Hermit","HololiveMod","Infinite Spire","Marisa????????","Minty Spire (QoL Compilation)","Rare Cards Sparkle","Replay The Spire","StSLib","The Cursed","The Servant 0.9.4","The Wild Card"],"gold_per_floor":[116,129,129,224,224,224,248,299,299,299,359,397,397,422,422,549,549,582,582,582,582,641,725,259,259,259,336,336,396,396,416,416],"floor_reached":31,"playtime":2539,"items_purged":["CommonCold"],"score":306,"play_id":"575d8e24-4d44-45a3-adb3-b63277bbc457","local_time":"20201231003535","is_ascension_mode":false,"campfire_choices":[{"floor":10,"key":"REST"},{"data":"infinitespire:Collect","floor":25,"key":"SMITH"}],"circlet_count":0,"master_deck":["Strike_MRS+1","Strike_MRS","Strike_MRS","Defend_MRS","Defend_MRS","Defend_MRS","Defend_MRS","MasterSpark+1","UpSweep","NonDirectionalLaser","SporeBomb","ShootTheMoon","LuminesStrike","DoubleSpark+1","6A","PropBag","OortCloud+1","BlazeAway+1","GrandCross","CasketOfStar+1","Singularity+1","WitchOfGreed+1","infinitespire:Collect+1","theWildCard:Alice","DemoMod:HuntsMan+1","PiercingWail"],"relics":["MiniHakkero","NeowsBlessing","Replay:Bandana","ReplayTheSpireMod:Ring of Challenge","Replay:Multitool","Frozen Egg 2","Sundial","Fusion Hammer","PrismaticShard","infinitespire:FocusingShard","Pantograph","Sling","Mango","aspiration:AnachronicSnailShell","ReplayTheSpireMod:TigerMarble","Gremlin Horn"],"acts_visited":["Exordium","TheCity"],"potions_floor_usage":[12,12,16,16,23,27],"damage_taken":[{"damage":0,"enemies":"Small Slimes","floor":1,"turns":1},{"damage":0,"enemies":"Jaw Worm","floor":2,"turns":1},{"damage":0,"enemies":"2 Louse","floor":7,"turns":1},{"damage":20,"enemies":"3 Sentries","floor":8,"turns":6},{"damage":7,"enemies":"2 Fungi Beasts","floor":11,"turns":3},{"damage":13,"enemies":"Lagavulin","floor":12,"turns":7},{"damage":2,"enemies":"Looter","floor":14,"turns":3},{"damage":17,"enemies":"Hexaghost","floor":16,"turns":7},{"damage":15,"enemies":"2 Thieves","floor":18,"turns":3},{"damage":6,"enemies":"Chosen","floor":22,"turns":4},{"damage":5,"enemies":"Replay:Snechameleon","floor":23,"turns":4},{"damage":31,"enemies":"Book of Stabbing","floor":27,"turns":5},{"damage":5,"enemies":"Shelled Parasite and Fungi","floor":29,"turns":3},{"damage":18,"enemies":"Centurion and Healer","floor":31,"turns":4}],"seed_played":"5269617765257741789","potions_obtained":[{"floor":1,"key":"Dexterity Potion"},{"floor":8,"key":"Swift Potion"},{"floor":11,"key":"EssenceOfSteel"},{"floor":12,"key":"hexamod:EctoCoolerPotion"},{"floor":14,"key":"AttackPotion"},{"floor":18,"key":"Languid Potion"},{"floor":22,"key":"Weak Potion"},{"floor":23,"key":"FearPotion"},{"floor":27,"key":"PowerPotion"},{"floor":29,"key":"Energy Potion"}],"is_trial":false,"path_per_floor":["M","M","?","?","?","?","M","E","T","R","M","E","R","M","R","B",null,"M","?","?","AVR","M","E","$","R","T","E","?","M","T","M"],"character_chosen":"MARISA","items_purchased":["Sling","Mango"],"campfire_rested":1,"item_purchase_floors":[24,24],"current_hp_per_floor":[75,75,75,45,45,30,30,10,10,32,25,12,34,32,54,37,75,60,46,38,38,32,27,41,41,41,10,19,14,14,0,0],"gold":416,"neow_bonus":"THREE_ENEMY_KILL","is_daily":false,"chose_seed":false,"campfire_upgraded":1,"win_rate":0.0,"timestamp":1609385735,"path_taken":["M","M","?","?","?","?","M","E","T","R","?","E","R","M","R","BOSS","M","?","?","AVR","M","E","$","R","T","E","?","M","?","M"],"items_purchased_type":["Relic","Relic"],"build_version":"2020-12-22","purchased_purges":1,"victory":false,"max_hp_per_floor":[75,75,75,75,75,75,75,75,75,75,75,75,75,75,75,75,75,75,80,80,80,80,80,94,94,94,94,94,94,94,94,94],"card_choices":[{"not_picked":["MysteriousBeam","DragonMeteor"],"picked":"NonDirectionalLaser","floor":1},{"not_picked":["DC","EnergyFlow"],"picked":"SporeBomb","floor":2},{"not_picked":["IllusionStar","SprinkleStarSeal"],"picked":"LuminesStrike","floor":4},{"not_picked":["ChargingUp","Acceleration"],"picked":"DoubleSpark","floor":4},{"not_picked":["6A","GravityBeat","AsteroidBelt"],"picked":"SKIP","floor":7},{"not_picked":["GravityBeat","AsteroidBelt"],"picked":"6A","floor":7},{"not_picked":["MysteriousBeam","AsteroidBelt"],"picked":"PropBag","floor":8},{"not_picked":["ShootTheMoon","StarBarrage"],"picked":"OortCloud+1","floor":11},{"not_picked":["Robbery","DarkSpark"],"picked":"BlazeAway","floor":12},{"not_picked":["SporeBomb","EscapeVelocity+1"],"picked":"GrandCross","floor":14},{"not_picked":["SuperNova+1","ManaRampage"],"picked":"CasketOfStar+1","floor":16},{"not_picked":["Orbital+1","PowerUp"],"picked":"Singularity+1","floor":18},{"not_picked":["DragonMeteor+1","GravityBeat"],"picked":"WitchOfGreed+1","floor":20},{"not_picked":["Slimebound:SlimeSpikes","LuminesStrike"],"picked":"theWildCard:Alice","floor":22},{"not_picked":["sneckomod:UnknownClassRED+1","hermit:SprayPray"],"picked":"DemoMod:HuntsMan+1","floor":23},{"not_picked":["hexamod:InspiringFlames+1","hexamod:FastForward+1"],"picked":"PiercingWail","floor":27},{"not_picked":["sneckomod:SnekBeam+1","Consume","Hololive_CocoNews"],"picked":"SKIP","floor":29}],"player_experience":124910,"relics_obtained":[{"floor":4,"key":"Replay:Bandana"},{"floor":5,"key":"ReplayTheSpireMod:Ring of Challenge"},{"floor":8,"key":"Replay:Multitool"},{"floor":9,"key":"Frozen Egg 2"},{"floor":12,"key":"Sundial"},{"floor":20,"key":"PrismaticShard"},{"floor":23,"key":"Pantograph"},{"floor":26,"key":"aspiration:AnachronicSnailShell"},{"floor":27,"key":"ReplayTheSpireMod:TigerMarble"}],"event_choices":[{"damage_healed":0,"gold_gain":0,"cards_transformed":["Strike_MRS"],"player_choice":"Change","damage_taken":0,"max_hp_gain":0,"max_hp_loss":0,"event_name":"Living Wall","floor":3,"gold_loss":0,"cards_obtained":["ShootTheMoon"]},{"damage_healed":45,"gold_gain":0,"player_choice":"Upgrade","damage_taken":15,"max_hp_gain":0,"max_hp_loss":75,"event_name":"betterThird:BetterShining","floor":6,"gold_loss":0,"cards_upgraded":["Strike_MRS","MasterSpark"]},{"damage_healed":0,"gold_gain":0,"player_choice":"Shed Blood","damage_taken":19,"max_hp_gain":5,"max_hp_loss":0,"event_name":"Forgotten Altar","floor":19,"gold_loss":0}],"is_beta":false,"boss_relics":[{"not_picked":["Replay:Bronze Core","Replay:Wanted Poster"],"picked":"Fusion Hammer"}],"items_purged_floors":[21],"is_endless":false,"potions_floor_spawned":[1,8,11,12,14,18,29],"killed_by":"Centurion and Healer","ascension_level":0}}