{"host":"ab3ipg3fqe03b2ex","time":1609396313,"event":{"mods":["AchievementEnabler","BaseMod","Colored Powertips","HumanHunterMod(怪物杀人mod)","Minty Spire (QoL Compilation)","MostiFishMod","Quick Restart","Remilia（蕾米莉亚）","Shop Mod","Spicy Shops","StSLib","Uncapped","【功能Mod】Neow奖励","【功能Mod】精心准备"],"gold_per_floor":[116,135,145,164,184,214,234,267,267,285,425,425,455,485,485,559,559,576,693,605,624,644,675,675,701,701,730,758,788,788,805,805,879,879,891,908,908,908],"floor_reached":37,"playtime":2787,"items_purged":["UnderTheZenith","RedNightlessCastle","MostiFishMod:PerfectForm","CharismaGuard","RedMagic"],"score":2102,"play_id":"2533f3df-211e-4bcd-93bb-ca8af79b16c8","local_time":"20201231143153","daily_mods":["SealedDeck","Vintage","Blue Cards","Heirloom","Flight","Elite Swarm","Lethality","Terminal","Binary"],"is_ascension_mode":true,"campfire_choices":[{"data":"TricksterDevil","floor":15,"key":"SMITH"},{"data":"ScarletMeister","floor":24,"key":"SMITH"},{"data":"DemonKingCradle","floor":30,"key":"SMITH"},{"data":"ScarletNetherworld","floor":32,"key":"SMITH"}],"circlet_count":0,"master_deck":["AscendersBane","BootSequence","ScarletImprint","ScarletDevilSign","BloodHunter","ScarletGensokyo","ScarletNetherworld+1","ChaoticDestiny","StarOfDavid+1","DemonKingCradle+1","TricksterDevil+1","ScarletMeister+1"],"relics":["ScarletHat","DaveBox","DiscerningMonocle","FairyMaid","TypeBBloodRedTea","SynthV:TestCard","AntiCross","Darkstone Periapt","Ginger","Meat on the Bone","Blood Vial","Omamori","Boot","Mummified Hand","Singing Bowl","Molten Egg 2","MerchantsRug","Membership Card","Matryoshka","RedBat","DaCapo","MetatronsCube","Pear","ImprovedEquipment","ChiLing","Chi","Ling","PreservedInsect","Shuriken","BirthdayGift-Tetrahedron","Orichalcum","Centennial Puzzle","FeatherPendant","ArrowTower","Happy Flower","StrikeDummy","OrangePellets","SynthV:C4","Mercury Hourglass","BirthdayGift-Icosahedron","Toy Ornithopter","Tiny Chest","TungstenRod","Dream Catcher","SynthV","HornCleat","ScarletDevilRocket","DianPoetry","Vajra","Bag of Marbles","Letter Opener","Pantograph","Eternal Feather","CaptainsWheel","Sundial","JellyFishMachine","Juzu Bracelet","White Beast Statue"],"acts_visited":["Exordium","TheCity","TheBeyond"],"potions_floor_usage":[8,19],"damage_taken":[{"damage":0,"enemies":"Jaw Worm","floor":1,"turns":2},{"damage":0,"enemies":"Small Slimes","floor":2,"turns":3},{"damage":0,"enemies":"2 Louse","floor":3,"turns":1},{"damage":5,"enemies":"Blue Slaver","floor":4,"turns":1},{"damage":6,"enemies":"2 Fungi Beasts","floor":5,"turns":2},{"damage":7,"enemies":"3 Sentries","floor":6,"turns":4},{"damage":2,"enemies":"Exordium Thugs","floor":7,"turns":2},{"damage":23,"enemies":"Lagavulin","floor":8,"turns":8},{"damage":0,"enemies":"Exordium Wildlife","floor":10,"turns":2},{"damage":0,"enemies":"3 Sentries","floor":13,"turns":1},{"damage":0,"enemies":"Lagavulin","floor":14,"turns":1},{"damage":0,"enemies":"Hexaghost","floor":16,"turns":2},{"damage":0,"enemies":"3 Byrds","floor":18,"turns":1},{"damage":0,"enemies":"Spheric Guardian","floor":21,"turns":1},{"damage":0,"enemies":"Centurion and Healer","floor":22,"turns":1},{"damage":0,"enemies":"Slavers","floor":23,"turns":1},{"damage":0,"enemies":"Gremlin Leader","floor":25,"turns":1},{"damage":0,"enemies":"Book of Stabbing","floor":27,"turns":1},{"damage":0,"enemies":"Gremlin Leader","floor":28,"turns":1},{"damage":0,"enemies":"Slavers","floor":29,"turns":1},{"damage":0,"enemies":"Snake Plant","floor":31,"turns":1},{"damage":0,"enemies":"Automaton","floor":33,"turns":1},{"damage":7,"enemies":"3 Shapes","floor":35,"turns":1},{"damage":0,"enemies":"3 Darklings","floor":36,"turns":1},{"damage":1730,"enemies":"Transient","floor":37,"turns":2}],"seed_played":"4351834768732247092","potions_obtained":[{"floor":1,"key":"Ancient Potion"},{"floor":5,"key":"LiquidBronze"},{"floor":21,"key":"CultistPotion"}],"is_trial":true,"path_per_floor":["M","M","M","M","M","E","M","E","T","M","$","$","E","E","R","B",null,"M","$","$","M","M","E","R","E","T","E","E","E","R","M","R","B",null,"M","M","M"],"character_chosen":"REMILIA","items_purchased":["Molten Egg 2","MerchantsRug","Membership Card","Matryoshka","RedBat","DaCapo","MetatronsCube","StarOfDavid+1","SkillPotion","LiquidMemories","Explosive Potion","SkillPotion","Pear","ImprovedEquipment","ChiLing","MostiFishMod:PerfectForm","PreservedInsect","Shuriken","BirthdayGift-Tetrahedron","Happy Flower","StrikeDummy","OrangePellets","SynthV:C4","Mercury Hourglass","BirthdayGift-Icosahedron","EntropicBrew","LiquidMemories","Swift Potion","Dexterity Potion","Toy Ornithopter","Tiny Chest","TungstenRod","Dream Catcher","SynthV"],"campfire_rested":0,"item_purchase_floors":[11,11,11,11,11,11,11,11,11,11,11,11,12,12,12,12,12,12,12,19,19,19,19,19,19,19,19,19,19,20,20,20,20,20],"current_hp_per_floor":[65,67,66,62,60,57,61,45,45,50,50,60,65,65,64,63,62,61,60,59,58,57,58,57,58,57,58,59,60,59,58,57,58,57,51,55,0,0],"gold":908,"neow_bonus":"","is_daily":false,"chose_seed":false,"campfire_upgraded":4,"win_rate":0.0,"timestamp":1609396313,"path_taken":["M","M","M","M","M","E","M","E","T","M","$","$","E","E","R","BOSS","M","$","$","M","M","E","R","E","T","E","E","E","R","M","R","BOSS","M","M","M"],"items_purchased_type":["Relic","Relic","Relic","Relic","Relic","Relic","Relic","Card","Potion","Potion","Potion","Potion","Relic","Relic","Relic","Card","Relic","Relic","Relic","Relic","Relic","Relic","Relic","Relic","Relic","Potion","Potion","Potion","Potion","Relic","Relic","Relic","Relic","Relic"],"build_version":"2020-12-22","purchased_purges":5,"victory":false,"max_hp_per_floor":[68,67,66,65,64,63,62,61,60,59,58,67,66,65,64,63,62,61,60,59,58,57,58,57,58,57,58,59,60,59,58,57,58,57,56,55,55,55],"card_choices":[{"not_picked":["Multi-Cast","MostiFishMod:Overload"],"picked":"SKIP","floor":6},{"not_picked":["MostiFishMod:Hijack"],"picked":"ChaoticDestiny","floor":8},{"not_picked":["BloodyHallows","Reboot","Core Surge+1"],"picked":"DemonKingCradle","floor":13},{"not_picked":["ForecastOfChange+1","MostiFishMod:TalkingToTheRain","Seek"],"picked":"TricksterDevil","floor":14},{"not_picked":["BloodyCatastrophe","Hyperbeam+1","MostiFishMod:ReadyAimFire"],"picked":"ScarletMeister","floor":16},{"not_picked":["MostiFishMod:DawningShadow","Electrodynamics","MostiFishMod:InterfaceCompatibility","ScarletMeister"],"picked":"Singing Bowl","floor":23},{"not_picked":["TricksterDevil","All For One+1","BloodyHallows","ScarletMeister"],"picked":"Singing Bowl","floor":25},{"not_picked":["CeilingFear","MostiFishMod:InterfaceCompatibility","ForecastOfChange+1","ScarletMeister"],"picked":"Singing Bowl","floor":27},{"not_picked":["Biased Cognition","Thunder Strike+1","MostiFishMod:Overload","BatForm"],"picked":"Singing Bowl","floor":28},{"not_picked":["Thunder Strike+1","QueenOfMidnight","MostiFishMod:SeaWaves","MostiFishMod:InterfaceCompatibility"],"picked":"Singing Bowl","floor":29},{"not_picked":["Multi-Cast","Electrodynamics","Machine Learning","MostiFishMod:TalkingToTheRain"],"picked":"Singing Bowl","floor":33}],"player_experience":70652,"relics_obtained":[{"floor":1,"key":"TypeBBloodRedTea"},{"floor":1,"key":"SynthV:TestCard"},{"floor":2,"key":"AntiCross"},{"floor":3,"key":"Darkstone Periapt"},{"floor":4,"key":"Ginger"},{"floor":5,"key":"Meat on the Bone"},{"floor":6,"key":"Blood Vial"},{"floor":7,"key":"Omamori"},{"floor":8,"key":"Boot"},{"floor":9,"key":"Mummified Hand"},{"floor":10,"key":"Singing Bowl"},{"floor":13,"key":"Orichalcum"},{"floor":14,"key":"Centennial Puzzle"},{"floor":18,"key":"ArrowTower"},{"floor":21,"key":"HornCleat"},{"floor":22,"key":"ScarletDevilRocket"},{"floor":23,"key":"DianPoetry"},{"floor":25,"key":"Vajra"},{"floor":26,"key":"Bag of Marbles"},{"floor":26,"key":"Letter Opener"},{"floor":27,"key":"Pantograph"},{"floor":28,"key":"Eternal Feather"},{"floor":29,"key":"CaptainsWheel"},{"floor":31,"key":"Sundial"},{"floor":35,"key":"Juzu Bracelet"},{"floor":36,"key":"White Beast Statue"}],"event_choices":[],"is_beta":false,"boss_relics":[{"not_picked":["RhineCircuit","Transparent"],"picked":"FeatherPendant"},{"not_picked":["TakeMeEscape","MoonlightInvasionPlan"],"picked":"JellyFishMachine"}],"items_purged_floors":[11,12,19,20,20],"is_endless":true,"potions_floor_spawned":[1,5,6,7,14,16,21,23,28,33,35],"killed_by":"Transient","ascension_level":20}}