{"host":"9n6i2vl93jt4o42q","time":1609373148,"event":{"mods":["BaseMod","Minty Spire (QoL Compilation)","Relic Stats"],"gold_per_floor":[112,112,123,4,54,54,79,79,105,116,173,201,212,212,212,212,212],"floor_reached":16,"playtime":700,"items_purged":["Strike_R"],"score":211,"play_id":"83fc77b7-ba4d-4bfc-a48d-4d89821f3f04","local_time":"20201231010548","is_ascension_mode":true,"campfire_choices":[{"data":"Bash","floor":6.0,"key":"SMITH"},{"data":"Pommel Strike","floor":8.0,"key":"SMITH"},{"data":"Inflame","floor":15.0,"key":"SMITH"}],"circlet_count":0,"master_deck":["AscendersBane","Strike_R","Strike_R+1","Strike_R","Strike_R","Defend_R+1","Defend_R","Defend_R","Defend_R","Bash+1","Cleave","Shrug It Off","Inflame+1","Pommel Strike+1","Twin Strike","Impervious","Flame Barrier"],"relics":["Burning Blood","Oddly Smooth Stone","Paper Frog","Boot","Anchor","Pen Nib","Shuriken"],"acts_visited":["Exordium"],"potions_floor_usage":[],"damage_taken":[{"damage":6.0,"enemies":"Cultist","floor":1.0,"turns":4.0},{"damage":0.0,"enemies":"2 Louse","floor":3.0,"turns":2.0},{"damage":56.0,"enemies":"Gremlin Nob","floor":7.0,"turns":5.0},{"damage":0.0,"enemies":"Small Slimes","floor":10.0,"turns":3.0},{"damage":8.0,"enemies":"Gremlin Nob","floor":11.0,"turns":3.0},{"damage":14.0,"enemies":"3 Sentries","floor":12.0,"turns":6.0},{"damage":0.0,"enemies":"2 Fungi Beasts","floor":13.0,"turns":3.0},{"damage":20,"enemies":"Hexaghost","floor":16,"turns":10}],"seed_played":"-2325618472131623386","potions_obtained":[{"floor":3.0,"key":"EssenceOfSteel"},{"floor":10.0,"key":"Regen Potion"},{"floor":11.0,"key":"Strength Potion"}],"is_trial":false,"path_per_floor":["M","T","M","$","?","R","E","R","T","M","?","E","M","?","R","B"],"character_chosen":"IRONCLAD","items_purchased":["Inflame"],"campfire_rested":0,"item_purchase_floors":[4],"current_hp_per_floor":[68,68,74,74,74,74,24,24,24,30,28,35,41,18,18,0,0],"gold":212,"neow_bonus":"RANDOM_COMMON_RELIC","is_daily":false,"chose_seed":false,"campfire_upgraded":3,"win_rate":0.0,"timestamp":1609373148,"path_taken":["M","?","M","$","?","R","E","R","T","?","?","E","M","?","R","BOSS"],"items_purchased_type":["Card"],"build_version":"2020-12-22","purchased_purges":1,"victory":false,"max_hp_per_floor":[75,75,75,75,75,75,75,75,75,75,75,75,75,75,75,75,75],"relic_stats":{"counters":[8,36],"Shuriken":[1],"Pen Nib":[3],"Boot":[0],"obtain_stats":[{"Anchor":9,"Shuriken":12,"Oddly Smooth Stone":0,"Pen Nib":11,"Boot":7,"Burning Blood":0,"Paper Frog":2},{"Anchor":3,"Shuriken":6,"Oddly Smooth Stone":0,"Pen Nib":4,"Boot":3,"Burning Blood":0,"Paper Frog":1},{"Anchor":11,"Shuriken":23,"Oddly Smooth Stone":0,"Pen Nib":14,"Boot":11,"Burning Blood":0,"Paper Frog":4}],"Burning Blood":42},"card_choices":[{"not_picked":["Thunderclap","Sword Boomerang"],"picked":"Cleave","floor":1.0},{"not_picked":["Armaments","Body Slam"],"picked":"Shrug It Off","floor":3.0},{"not_picked":["True Grit","Berserk"],"picked":"Pommel Strike","floor":7.0},{"not_picked":["Combust","Havoc"],"picked":"Twin Strike","floor":10.0},{"not_picked":["Body Slam","Armaments"],"picked":"Impervious","floor":11.0},{"not_picked":["Blood for Blood","Clash"],"picked":"Flame Barrier","floor":12.0},{"not_picked":["Flex","Havoc","Inflame"],"picked":"SKIP","floor":13.0}],"player_experience":1991204,"relics_obtained":[{"floor":2.0,"key":"Paper Frog"},{"floor":7.0,"key":"Boot"},{"floor":9.0,"key":"Anchor"},{"floor":12.0,"key":"Shuriken"}],"event_choices":[{"damage_healed":0.0,"max_hp_gain":0.0,"max_hp_loss":0.0,"gold_gain":50.0,"event_name":"Golden Shrine","player_choice":"Pray","floor":5.0,"gold_loss":0.0,"damage_taken":0.0},{"damage_healed":0.0,"max_hp_gain":0.0,"max_hp_loss":0.0,"gold_gain":0.0,"event_name":"Dead Adventurer","player_choice":"Searched \u00272\u0027 times","floor":11.0,"gold_loss":0.0,"damage_taken":0.0,"relics_obtained":["Pen Nib"]},{"damage_healed":0.0,"max_hp_gain":0.0,"max_hp_loss":0.0,"gold_gain":0.0,"event_name":"Shining Light","player_choice":"Entered Light","floor":14.0,"gold_loss":0.0,"damage_taken":23.0,"cards_upgraded":["Strike_R","Defend_R"]}],"is_beta":false,"boss_relics":[],"items_purged_floors":[4],"is_endless":false,"potions_floor_spawned":[3,10,11],"killed_by":"Hexaghost","ascension_level":19}}