{"host":"d4km6p8r92tm3vpl","time":1609425060,"event":{"mods":["AchievementEnabler","BaseMod","Colored Map","Colored Powertips","DeckTracker","Minty Spire (QoL Compilation)","Relic Stats","StSLib"],"gold_per_floor":[112,112,62,77,87,87,98,173,173,173,205,225,240,257,257,357,357,375,391,409,19,19,19,46,46,46,62,72,72,91,123,123,222,222,233,36,55,0,0,33,33,61,116,132,132,132,132,149,149,149,149,149,80,107,107,107],"floor_reached":55,"playtime":2406,"items_purged":["Strike_R","Writhe"],"score":1150,"play_id":"4995722d-ab4a-4c81-b915-22a85e874a5d","local_time":"20201231093100","is_ascension_mode":true,"campfire_choices":[{"data":"True Grit","floor":6,"key":"SMITH"},{"floor":15,"key":"REST"},{"floor":23,"key":"REST"},{"floor":29,"key":"REST"},{"floor":32,"key":"REST"},{"floor":41,"key":"RECALL"},{"floor":45,"key":"REST"},{"floor":47,"key":"REST"},{"floor":49,"key":"REST"},{"floor":52,"key":"REST"}],"circlet_count":0,"master_deck":["AscendersBane","Bash+1","Wild Strike","True Grit+1","Carnage","Twin Strike","Pommel Strike+1","Fire Breathing","Battle Trance","Power Through","Reaper+1","Second Wind+1","Flame Barrier","Shrug It Off","RitualDagger+1","Uppercut+1","Inflame","Evolve","Demon Form","Impervious","Exhume","Exhume","Shockwave","Double Tap","Carnage+1","Shockwave","Disarm+1","Fiend Fire+1","Impervious"],"relics":["Burning Blood","Lizard Tail","Calipers","Fusion Hammer","Molten Egg 2","Red Skull","MealTicket","HornCleat","Bottled Flame","Pandora\u0027s Box","Red Mask","Incense Burner","Whetstone","Champion Belt","Self Forming Clay"],"acts_visited":["Exordium","TheCity","TheBeyond","TheEnding"],"potions_floor_usage":[20,24,31,31,42,54,55,55],"damage_taken":[{"damage":5,"enemies":"Small Slimes","floor":1,"turns":4},{"damage":1,"enemies":"2 Louse","floor":4,"turns":2},{"damage":12,"enemies":"Jaw Worm","floor":5,"turns":3},{"damage":4,"enemies":"2 Fungi Beasts","floor":7,"turns":3},{"damage":32,"enemies":"3 Sentries","floor":11,"turns":14},{"damage":25,"enemies":"Gremlin Gang","floor":12,"turns":5},{"damage":13,"enemies":"3 Louse","floor":13,"turns":4},{"damage":17,"enemies":"Exordium Wildlife","floor":14,"turns":5},{"damage":9,"enemies":"Slime Boss","floor":16,"turns":7},{"damage":13,"enemies":"3 Byrds","floor":18,"turns":4},{"damage":11,"enemies":"Shell Parasite","floor":19,"turns":7},{"damage":30,"enemies":"Centurion and Healer","floor":20,"turns":9},{"damage":49,"enemies":"Slavers","floor":24,"turns":6},{"damage":19,"enemies":"Snecko","floor":27,"turns":6},{"damage":21,"enemies":"Shelled Parasite and Fungi","floor":28,"turns":7},{"damage":35,"enemies":"3 Cultists","floor":30,"turns":7},{"damage":42,"enemies":"Gremlin Leader","floor":31,"turns":8},{"damage":80,"enemies":"Collector","floor":33,"turns":14},{"damage":3,"enemies":"3 Shapes","floor":35,"turns":9},{"damage":12,"enemies":"Orb Walker","floor":37,"turns":6},{"damage":80,"enemies":"Giant Head","floor":40,"turns":9},{"damage":54,"enemies":"Reptomancer","floor":42,"turns":10},{"damage":6,"enemies":"Maw","floor":44,"turns":9},{"damage":60,"enemies":"Spire Growth","floor":48,"turns":9},{"damage":27,"enemies":"Time Eater","floor":50,"turns":12},{"damage":100,"enemies":"Shield and Spear","floor":54,"turns":13},{"damage":30,"enemies":"The Heart","floor":55,"turns":8}],"seed_played":"-1171021168229248742","potions_obtained":[{"floor":12,"key":"Weak Potion"},{"floor":16,"key":"DuplicationPotion"},{"floor":20,"key":"LiquidBronze"},{"floor":24,"key":"BloodPotion"},{"floor":42,"key":"Dexterity Potion"},{"floor":54,"key":"Block Potion"}],"is_trial":false,"path_per_floor":["M","?","?","M","M","R","M","?","T","?","E","M","M","M","R","B",null,"M","M","M","$","?","R","E","?","T","M","M","R","M","E","R","B",null,"M","$","M","?","?","E","R","E","T","M","R","T","R","M","R","B",null,"R","$","E","B"],"character_chosen":"IRONCLAD","items_purchased":["Molten Egg 2","Shrug It Off","AttackPotion","BloodPotion","Fiend Fire+1"],"campfire_rested":8,"item_purchase_floors":[21,21,36,36,53],"current_hp_per_floor":[81,86,86,91,85,85,87,76,76,76,50,31,24,13,40,37,79,78,73,59,59,53,80,41,41,41,35,34,61,44,26,53,52,83,86,93,93,93,88,48,48,24,24,51,77,77,88,59,85,64,82,88,88,29,0,0],"gold":107,"neow_bonus":"TEN_PERCENT_HP_BONUS","is_daily":false,"chose_seed":false,"campfire_upgraded":1,"win_rate":0.0,"timestamp":1609425060,"path_taken":["M","?","?","M","M","R","M","?","T","?","E","M","M","M","R","BOSS","M","M","M","$","?","R","E","?","T","M","M","R","M","E","R","BOSS","M","$","M","?","?","E","R","E","T","M","R","?","R","M","R","BOSS","R","$","E","BOSS"],"items_purchased_type":["Relic","Card","Potion","Potion","Card"],"build_version":"2020-12-22","purchased_purges":2,"victory":false,"max_hp_per_floor":[88,93,93,93,93,93,93,93,93,93,93,93,93,93,93,93,93,93,93,93,93,93,93,93,93,93,93,93,93,93,93,93,93,93,93,93,93,93,88,88,88,88,88,88,88,88,88,88,88,88,88,88,88,88,88,88],"relic_stats":{"Lizard Tail":46,"counters":[27,200],"Self Forming Clay":[30],"MealTicket":7,"Pandora\u0027s Box":["Impervious","Exhume","Exhume","Shockwave","Double Tap","Carnage","Shockwave"],"Whetstone":["Reaper","Pommel Strike"],"Champion Belt":[20],"obtain_stats":[{"Calipers":11,"Self Forming Clay":54,"Incense Burner":40,"Whetstone":42,"Burning Blood":0,"Lizard Tail":9,"Bottled Flame":31,"HornCleat":26,"Molten Egg 2":21,"MealTicket":25,"Pandora\u0027s Box":34,"Fusion Hammer":17,"Red Mask":38,"Champion Belt":46,"Red Skull":24},{"Calipers":5,"Self Forming Clay":26,"Incense Burner":21,"Whetstone":22,"Burning Blood":0,"Lizard Tail":4,"Bottled Flame":17,"HornCleat":13,"Molten Egg 2":12,"MealTicket":13,"Pandora\u0027s Box":18,"Fusion Hammer":9,"Red Mask":20,"Champion Belt":23,"Red Skull":13},{"Calipers":26,"Self Forming Clay":192,"Incense Burner":139,"Whetstone":149,"Burning Blood":0,"Lizard Tail":12,"Bottled Flame":101,"HornCleat":73,"Molten Egg 2":67,"MealTicket":73,"Pandora\u0027s Box":115,"Fusion Hammer":47,"Red Mask":130,"Champion Belt":158,"Red Skull":73}],"Burning Blood":150},"card_choices":[{"not_picked":["Sword Boomerang","Clash"],"picked":"Wild Strike","floor":1},{"not_picked":["Body Slam","Pummel"],"picked":"True Grit","floor":4},{"not_picked":["Power Through","Sever Soul"],"picked":"Carnage","floor":5},{"not_picked":["Pommel Strike","Armaments"],"picked":"Twin Strike","floor":7},{"not_picked":["Ghostly Armor","Rampage"],"picked":"Pommel Strike","floor":11},{"not_picked":["Warcry","Flex"],"picked":"Fire Breathing","floor":12},{"not_picked":["Flex","Warcry"],"picked":"Battle Trance","floor":13},{"not_picked":["Flex","Dark Embrace"],"picked":"Power Through","floor":14},{"not_picked":["Limit Break","Fiend Fire"],"picked":"Reaper","floor":16},{"not_picked":["Body Slam","Cleave"],"picked":"Second Wind+1","floor":18},{"not_picked":["Sword Boomerang","Blood for Blood"],"picked":"Flame Barrier","floor":19},{"not_picked":["Power Through+1","Heavy Blade","Havoc"],"picked":"SKIP","floor":20},{"not_picked":["Barricade","Anger+1"],"picked":"Uppercut+1","floor":24},{"not_picked":["Burning Pact","Iron Wave+1","Battle Trance"],"picked":"SKIP","floor":27},{"not_picked":["Disarm","Clash+1"],"picked":"Inflame","floor":28},{"not_picked":["Flex","Burning Pact+1","Dual Wield"],"picked":"SKIP","floor":30},{"not_picked":["Shrug It Off","Sword Boomerang+1"],"picked":"Evolve","floor":31},{"not_picked":["Reaper+1","Immolate+1"],"picked":"Demon Form","floor":33},{"not_picked":["Seeing Red","Dropkick+1","Heavy Blade+1"],"picked":"SKIP","floor":35},{"not_picked":["Uppercut+1","Burning Pact","Body Slam+1"],"picked":"SKIP","floor":37},{"not_picked":["Twin Strike+1","Cleave+1","Warcry"],"picked":"SKIP","floor":40},{"not_picked":["Thunderclap+1","Cleave+1","Clash+1"],"picked":"SKIP","floor":42},{"not_picked":["Warcry","Havoc","Perfected Strike+1"],"picked":"SKIP","floor":44},{"not_picked":["Intimidate+1","Dark Embrace"],"picked":"Disarm+1","floor":48},{"not_picked":["Dropkick+1","Carnage+1"],"picked":"Impervious","floor":54}],"player_experience":799509,"relics_obtained":[{"floor":9,"key":"Lizard Tail"},{"floor":11,"key":"Calipers"},{"floor":24,"key":"Red Skull"},{"floor":26,"key":"HornCleat"},{"floor":31,"key":"Bottled Flame"},{"floor":40,"key":"Incense Burner"},{"floor":42,"key":"Whetstone"},{"floor":46,"key":"Champion Belt"},{"floor":54,"key":"Self Forming Clay"}],"event_choices":[{"damage_healed":0,"gold_gain":0,"player_choice":"Donut","damage_taken":0,"max_hp_gain":5,"max_hp_loss":0,"event_name":"Big Fish","floor":2,"gold_loss":0},{"cards_removed":["Strike_R"],"damage_healed":0,"gold_gain":0,"player_choice":"Card Removal","damage_taken":0,"max_hp_gain":0,"max_hp_loss":0,"event_name":"The Cleric","floor":3,"gold_loss":50},{"damage_healed":0,"gold_gain":75,"player_choice":"Gather Gold","damage_taken":11,"max_hp_gain":0,"max_hp_loss":0,"event_name":"World of Goop","floor":8,"gold_loss":0},{"damage_healed":0,"gold_gain":0,"player_choice":"Grow","damage_taken":0,"max_hp_gain":0,"max_hp_loss":0,"event_name":"Living Wall","floor":10,"gold_loss":0,"cards_upgraded":["Bash"]},{"damage_healed":0,"gold_gain":0,"player_choice":"Joined the Cult","damage_taken":6,"max_hp_gain":0,"max_hp_loss":0,"event_name":"Nest","floor":22,"gold_loss":0,"cards_obtained":["RitualDagger"]},{"damage_healed":0,"gold_gain":0,"player_choice":"Opened","damage_taken":0,"relics_obtained":["MealTicket"],"max_hp_gain":0,"max_hp_loss":0,"event_name":"The Mausoleum","floor":25,"gold_loss":0,"cards_obtained":["Writhe"]},{"damage_healed":0,"gold_gain":0,"player_choice":"Paid","damage_taken":0,"relics_obtained":["Red Mask"],"max_hp_gain":0,"max_hp_loss":0,"event_name":"Tomb of Lord Red Mask","floor":38,"gold_loss":55},{"damage_healed":0,"gold_gain":0,"player_choice":"Max HP","damage_taken":0,"max_hp_gain":0,"max_hp_loss":5,"event_name":"Winding Halls","floor":39,"gold_loss":0}],"is_beta":false,"boss_relics":[{"not_picked":["Runic Cube","Sozu"],"picked":"Fusion Hammer"},{"not_picked":["Black Star","SacredBark"],"picked":"Pandora\u0027s Box"}],"items_purged_floors":[21,36],"is_endless":false,"potions_floor_spawned":[12,16,18,19,20,24,37,42,48,54],"killed_by":"The Heart","ascension_level":12}}