{"host":"7rmsgc3rayi00cdt","time":1609414465,"event":{"mods":["BaseMod","Minty Spire (QoL Compilation)"],"gold_per_floor":[125,137,74,110,122,134,196,208,220,232,265,277,324,336,348,450,462,493,505,397,397],"floor_reached":20,"playtime":678,"items_purged":[],"score":311,"play_id":"146e1319-35dd-4d5b-a843-b444a7b6425b","local_time":"20201231113425","is_ascension_mode":true,"campfire_choices":[{"data":"Neutralize","floor":6,"key":"SMITH"},{"data":"Survivor","floor":8,"key":"SMITH"},{"data":"Finisher","floor":12,"key":"SMITH"},{"floor":15,"key":"REST"}],"circlet_count":0,"master_deck":["AscendersBane","Strike_G","Strike_G","Strike_G","Strike_G","Strike_G","Defend_G","Defend_G","Defend_G","Defend_G","Defend_G","Survivor+1","Neutralize+1","Finisher+1","Sucker Punch","Escape Plan","Expertise","Regret","Escape Plan","A Thousand Cuts+1","CurseOfTheBell","Cloak And Dagger"],"relics":["Ring of the Snake","MawBank","Golden Idol","Gambling Chip","Dream Catcher","InkBottle","Calling Bell","Ancient Tea Set","Mercury Hourglass","Mango"],"acts_visited":["Exordium","TheCity"],"potions_floor_usage":[16,16],"damage_taken":[{"damage":0,"enemies":"2 Louse","floor":1,"turns":4},{"damage":0,"enemies":"Small Slimes","floor":4,"turns":3},{"damage":0,"enemies":"Jaw Worm","floor":11,"turns":3},{"damage":26,"enemies":"Gremlin Nob","floor":13,"turns":4},{"damage":37,"enemies":"Slime Boss","floor":16,"turns":10},{"damage":41,"enemies":"Shell Parasite","floor":18,"turns":14},{"damage":32,"enemies":"2 Thieves","floor":20,"turns":3}],"seed_played":"-3434755018267000634","potions_obtained":[{"floor":4,"key":"CultistPotion"},{"floor":13,"key":"SneckoOil"}],"is_trial":false,"path_per_floor":["M","?","?","M","$","R","?","R","T","$","M","R","E","?","R","B",null,"M","?","M"],"character_chosen":"THE_SILENT","items_purchased":[],"campfire_rested":1,"item_purchase_floors":[],"current_hp_per_floor":[59,59,59,59,59,59,53,53,53,53,53,53,27,27,46,9,66,25,25,0,0],"gold":397,"neow_bonus":"RANDOM_COMMON_RELIC","is_daily":false,"chose_seed":false,"campfire_upgraded":3,"win_rate":0.0,"timestamp":1609414465,"path_taken":["M","?","?","M","?","R","?","R","T","$","?","R","E","?","R","BOSS","M","?","?"],"items_purchased_type":[],"build_version":"2020-12-22","purchased_purges":0,"victory":false,"max_hp_per_floor":[66,66,66,66,66,66,66,66,66,66,66,66,66,66,66,66,80,80,80,80,80],"card_choices":[{"not_picked":["Backflip","Cloak And Dagger"],"picked":"Finisher","floor":1},{"not_picked":["Deflect","Slice"],"picked":"Sucker Punch","floor":4},{"not_picked":["Riddle With Holes","Slice"],"picked":"Escape Plan","floor":11},{"not_picked":["Dodge and Roll","Flechettes"],"picked":"Expertise","floor":13},{"not_picked":["Flying Knee","Slice"],"picked":"Escape Plan","floor":15},{"not_picked":["Bullet Time","Malaise"],"picked":"A Thousand Cuts","floor":16},{"not_picked":["Bane","Poisoned Stab"],"picked":"Cloak And Dagger","floor":18}],"player_experience":735676,"relics_obtained":[{"floor":9,"key":"Gambling Chip"},{"floor":13,"key":"Dream Catcher"},{"floor":17,"key":"Ancient Tea Set"},{"floor":17,"key":"Mercury Hourglass"},{"floor":17,"key":"Mango"}],"event_choices":[{"damage_healed":0,"gold_gain":0,"player_choice":"Take Wound","damage_taken":0,"relics_obtained":["Golden Idol"],"max_hp_gain":0,"max_hp_loss":0,"event_name":"Golden Idol","floor":2,"gold_loss":0,"cards_obtained":["Injury"]},{"cards_removed":["Injury"],"damage_healed":0,"gold_gain":0,"player_choice":"Card Removal","damage_taken":0,"max_hp_gain":0,"max_hp_loss":0,"event_name":"The Cleric","floor":3,"gold_loss":75},{"damage_healed":0,"gold_gain":50,"player_choice":"Touch","damage_taken":6,"max_hp_gain":0,"max_hp_loss":0,"event_name":"FaceTrader","floor":7,"gold_loss":0},{"damage_healed":0,"gold_gain":0,"player_choice":"Box","damage_taken":0,"relics_obtained":["InkBottle"],"max_hp_gain":0,"max_hp_loss":0,"event_name":"Big Fish","floor":14,"gold_loss":0,"cards_obtained":["Regret"]},{"damage_healed":0,"gold_gain":0,"player_choice":"Upgraded","damage_taken":0,"max_hp_gain":0,"max_hp_loss":0,"event_name":"Upgrade Shrine","floor":19,"gold_loss":0,"cards_upgraded":["A Thousand Cuts"]}],"is_beta":false,"boss_relics":[{"not_picked":["Cursed Key","Sozu"],"picked":"Calling Bell"}],"items_purged_floors":[],"is_endless":false,"potions_floor_spawned":[4,13],"killed_by":"2 Thieves","ascension_level":17}}