{"host":"kn32u0f2pym5bozc","time":1609407315,"event":{"mods":["2.2 Compatiblity","BaseMod","Better Third Choice","Minty Spire (QoL Compilation)","Permanent Neow","Relic Stats","StSLib","The Animator"],"gold_per_floor":[109,135,146,321,246,246,283,283,310,324,349,23,37,59,59,131,131,141,161,173,272,289,289,318,318,318,336,336,336,351,366,366,439,439,459,490,125,144,154,154,186,196,196,196,226,238,250,262,262],"floor_reached":48,"playtime":4439,"items_purged":["Doubt","animator:Strike","animator:Strike"],"score":1004,"play_id":"156b4deb-0060-4c00-99f3-4ef0d04a04c4","local_time":"20201231043515","is_ascension_mode":true,"campfire_choices":[{"data":"animator:AcuraAkari","floor":6.0,"key":"SMITH"},{"data":"animator:DolaCouronne","floor":8.0,"key":"SMITH"},{"floor":15.0,"key":"REST"},{"data":"animator:Aqua","floor":23.0,"key":"SMITH"},{"data":"animator:Hans","floor":25.0,"key":"SMITH"},{"floor":32.0,"key":"REST"},{"floor":40.0,"key":"REST"},{"floor":44.0,"key":"REST"}],"circlet_count":0,"master_deck":["AscendersBane","animator:Strike_HitsugiNoChaika","animator:Defend_HitsugiNoChaika","animator:Strike","animator:Defend","animator:Defend","animator:Defend","animator:AcuraAkari+1","animator:Gillette","animator:PinaCoLada","animator:Kazuma","animator:RoryMercury","animator:DolaCouronne+1","animator:AcuraTooru","animator:ZankiKiguchi","animator:Guy","animator:Viivi","animator:WinryRockbell","animator:PandorasActor","animator:Fredrika","animator:Hans+1","animator:Emonzaemon+1","animator:Tyuule","animator:Aqua+1","animator:ChaikaBohdan","animator:Sebas","animator:YaoHaDucy","animator:Darkness","animator:Shiro","animator:RinTohsaka","animator:Shigure","animator:Darkness","animator:Verdia","animator:Sonic","animator:Viivi+1","animator:Rimuru","animator:GuildGirl"],"relics":["animator:VividPicture","animator:TheMissingPiece","animator:PurgingStone","CaptainsWheel","Anchor","Smiling Mask","Dream Catcher","Gambling Chip","Darkstone Periapt","Sozu","Paper Frog","CloakClasp","MawBank"],"acts_visited":["Exordium","TheCity","TheBeyond"],"potions_floor_usage":[],"damage_taken":[{"damage":0.0,"enemies":"Cultist","floor":1.0,"turns":3.0},{"damage":0.0,"enemies":"Small Slimes","floor":2.0,"turns":3.0},{"damage":3.0,"enemies":"Jaw Worm","floor":3.0,"turns":3.0},{"damage":30.0,"enemies":"Gremlin Nob","floor":7.0,"turns":4.0},{"damage":0.0,"enemies":"Blue Slaver","floor":10.0,"turns":2.0},{"damage":0.0,"enemies":"Lagavulin","floor":11.0,"turns":4.0},{"damage":0.0,"enemies":"2 Fungi Beasts","floor":13.0,"turns":3.0},{"damage":9.0,"enemies":"Exordium Wildlife","floor":14.0,"turns":4.0},{"damage":2.0,"enemies":"The Guardian","floor":16.0,"turns":11.0},{"damage":0.0,"enemies":"Shell Parasite","floor":18.0,"turns":4.0},{"damage":0.0,"enemies":"Chosen","floor":19.0,"turns":4.0},{"damage":24.0,"enemies":"Snake Plant","floor":20.0,"turns":4.0},{"damage":1.0,"enemies":"Cultist and Chosen","floor":22.0,"turns":8.0},{"damage":3.0,"enemies":"Book of Stabbing","floor":24.0,"turns":4.0},{"damage":3.0,"enemies":"Chosen and Byrds","floor":27.0,"turns":6.0},{"damage":14.0,"enemies":"Centurion and Healer","floor":30.0,"turns":6.0},{"damage":7.0,"enemies":"Sentry and Sphere","floor":31.0,"turns":7.0},{"damage":38.0,"enemies":"Automaton","floor":33.0,"turns":11.0},{"damage":22.0,"enemies":"3 Darklings","floor":35.0,"turns":5.0},{"damage":2.0,"enemies":"3 Shapes","floor":36.0,"turns":6.0},{"damage":26.0,"enemies":"3 Darklings","floor":38.0,"turns":6.0},{"damage":0.0,"enemies":"Maw","floor":39.0,"turns":6.0},{"damage":12.0,"enemies":"Reptomancer","floor":41.0,"turns":6.0},{"damage":13.0,"enemies":"Writhing Mass","floor":42.0,"turns":6.0},{"damage":63.0,"enemies":"Giant Head","floor":45.0,"turns":8.0},{"damage":24,"enemies":"3 Darklings","floor":48,"turns":2}],"seed_played":"-5044304560475739760","potions_obtained":[{"floor":2.0,"key":"Fire Potion"},{"floor":10.0,"key":"Strength Potion"},{"floor":11.0,"key":"Ancient Potion"},{"floor":16.0,"key":"FairyPotion"}],"is_trial":false,"path_per_floor":["M","M","M","?","$","R","E","R","T","M","E","$","M","M","R","B",null,"M","M","M","?","M","R","E","R","T","M","?","?","M","M","R","B",null,"M","M","$","M","M","R","E","M","T","R","E","?","?","M"],"character_chosen":"THE_ANIMATOR","items_purchased":["animator:Viivi","animator:WinryRockbell","Dream Catcher","Paper Frog","animator:Darkness"],"campfire_rested":4,"item_purchase_floors":[12,12,12,37,37],"current_hp_per_floor":[54,54,51,51,51,51,21,21,21,21,22,22,22,13,31,29,53,53,54,30,30,32,32,32,32,32,32,32,32,21,20,38,3,48,29,30,30,7,10,28,19,9,9,27,17,17,17,0,0],"gold":262,"neow_bonus":"ONE_RANDOM_RARE_CARD","is_daily":false,"chose_seed":false,"campfire_upgraded":4,"win_rate":0.0,"timestamp":1609407315,"path_taken":["M","?","M","?","$","R","E","R","T","M","E","$","M","M","R","BOSS","M","M","M","?","M","R","E","R","T","M","?","?","?","M","R","BOSS","M","M","$","M","M","R","E","M","T","R","E","?","?","M"],"items_purchased_type":["Card","Card","Relic","Relic","Card"],"build_version":"2020-12-22","purchased_purges":3,"victory":false,"max_hp_per_floor":[60,60,60,60,60,60,60,60,60,60,61,61,61,61,61,61,61,61,62,62,62,63,63,63,63,63,63,63,63,63,63,63,63,63,63,63,63,63,63,63,63,63,63,63,63,63,63,63,63],"relic_stats":{"Darkstone Periapt":0,"Sozu":2,"Dream Catcher":4,"counters":[26,136],"Gambling Chip":[35],"CloakClasp":[33],"Smiling Mask":125,"MawBank":36,"obtain_stats":[{"Darkstone Periapt":26,"animator:TheMissingPiece":0,"CloakClasp":41,"Smiling Mask":11,"MawBank":45,"Sozu":34,"CaptainsWheel":7,"Anchor":9,"Dream Catcher":12,"animator:PurgingStone":0,"Gambling Chip":24,"animator:LivingPicture":0,"animator:VividPicture":17,"Paper Frog":37},{"Darkstone Periapt":14,"animator:TheMissingPiece":0,"CloakClasp":23,"Smiling Mask":6,"MawBank":25,"Sozu":18,"CaptainsWheel":4,"Anchor":4,"Dream Catcher":6,"animator:PurgingStone":0,"Gambling Chip":14,"animator:LivingPicture":0,"animator:VividPicture":9,"Paper Frog":20},{"Darkstone Periapt":61,"animator:TheMissingPiece":0,"CloakClasp":120,"Smiling Mask":19,"MawBank":134,"Sozu":91,"CaptainsWheel":13,"Anchor":13,"Dream Catcher":19,"animator:PurgingStone":0,"Gambling Chip":61,"animator:LivingPicture":0,"animator:VividPicture":37,"Paper Frog":102}]},"card_choices":[{"not_picked":["animator:Mikaela","animator:Geryuganshoop"],"picked":"animator:Kazuma","floor":1.0},{"not_picked":["animator:Shinoa","animator:Spearman"],"picked":"animator:RoryMercury","floor":2.0},{"not_picked":["animator:Evileye","animator:Yoichi"],"picked":"animator:DolaCouronne","floor":3.0},{"not_picked":["animator:Gillette","animator:ChaikaBohdan"],"picked":"animator:AcuraTooru","floor":7.0},{"not_picked":["animator:Mikaela","animator:Yoichi"],"picked":"animator:ZankiKiguchi","floor":10.0},{"not_picked":["animator:Sora","animator:Cocytus"],"picked":"animator:Guy","floor":11.0},{"not_picked":["animator:Shinoa","animator:Nanami"],"picked":"animator:PandorasActor","floor":13.0},{"not_picked":["animator:Viivi","animator:Guy"],"picked":"animator:Fredrika","floor":14.0},{"not_picked":["animator:Albedo","animator:Eris"],"picked":"animator:Hans","floor":16.0},{"not_picked":["animator:MetalKnight","animator:HighElfArcher+1"],"picked":"animator:Emonzaemon+1","floor":18.0},{"not_picked":["animator:Caster+1","animator:Togame+1"],"picked":"animator:Tyuule","floor":19.0},{"not_picked":["animator:Souei","animator:Tet"],"picked":"animator:Aqua","floor":20.0},{"not_picked":["animator:Gillette","animator:Fredrika"],"picked":"animator:ChaikaBohdan","floor":22.0},{"not_picked":["animator:Hitei","animator:Emonzaemon","animator:Jibril"],"picked":"SKIP","floor":24.0},{"not_picked":["animator:Mitsuba","animator:FielNirvalen"],"picked":"animator:Sebas","floor":27.0},{"not_picked":["animator:ChaikaBohdan","animator:DolaSchwi","animator:Geryuganshoop"],"picked":"SKIP","floor":30.0},{"not_picked":["animator:YaoHaDucy","animator:Rider"],"picked":"animator:Darkness","floor":32.0},{"not_picked":["animator:Ainz","animator:Boros"],"picked":"animator:Shiro","floor":33.0},{"not_picked":["animator:Mikaela","animator:Nanami"],"picked":"animator:RinTohsaka","floor":35.0},{"not_picked":["animator:CowGirl+1","animator:Assassin"],"picked":"animator:Shigure","floor":36.0},{"not_picked":["animator:GazelDwargon","animator:ZankiKiguchi","animator:SilverFang"],"picked":"SKIP","floor":38.0},{"not_picked":["animator:Mitsurugi","animator:YunYun"],"picked":"animator:Verdia","floor":39.0},{"not_picked":["animator:Shuna","animator:Demiurge"],"picked":"animator:Sonic","floor":41.0},{"not_picked":["animator:MetalKnight","animator:TsurugaMeisai"],"picked":"animator:Viivi+1","floor":42.0},{"not_picked":["animator:Mitsuba","animator:LeleiLaLalena"],"picked":"animator:Rimuru","floor":44.0},{"not_picked":["animator:Tet","animator:Millim+1"],"picked":"animator:GuildGirl","floor":45.0}],"player_experience":783197,"relics_obtained":[{"floor":7.0,"key":"CaptainsWheel"},{"floor":9.0,"key":"Anchor"},{"floor":11.0,"key":"Smiling Mask"},{"floor":24.0,"key":"Gambling Chip"},{"floor":26.0,"key":"Darkstone Periapt"},{"floor":41.0,"key":"CloakClasp"},{"floor":45.0,"key":"MawBank"}],"event_choices":[{"damage_healed":0.0,"max_hp_gain":0.0,"max_hp_loss":0.0,"gold_gain":175.0,"event_name":"betterThird:BetterSerpent","player_choice":"AGREE","floor":4.0,"gold_loss":0.0,"damage_taken":146.0},{"damage_healed":0.0,"max_hp_gain":0.0,"max_hp_loss":0.0,"gold_gain":99.0,"event_name":"betterThird:BetterNest","player_choice":"Steal","floor":21.0,"gold_loss":0.0,"damage_taken":0.0},{"damage_healed":0.0,"max_hp_gain":0.0,"max_hp_loss":0.0,"gold_gain":0.0,"event_name":"Cursed Tome","player_choice":"Ignored","floor":28.0,"gold_loss":0.0,"damage_taken":0.0},{"damage_healed":0.0,"max_hp_gain":0.0,"max_hp_loss":0.0,"gold_gain":0.0,"event_name":"The Library","player_choice":"Read","floor":29.0,"gold_loss":0.0,"damage_taken":0.0,"cards_obtained":["animator:YaoHaDucy"]},{"damage_healed":0.0,"max_hp_gain":0.0,"max_hp_loss":0.0,"gold_gain":0.0,"event_name":"Mysterious Sphere","player_choice":"Ignored","floor":46.0,"gold_loss":0.0,"damage_taken":0.0},{"damage_healed":0.0,"max_hp_gain":0.0,"max_hp_loss":0.0,"gold_gain":0.0,"event_name":"SensoryStone","player_choice":"Memory 1","floor":47.0,"gold_loss":0.0,"damage_taken":0.0}],"is_beta":false,"boss_relics":[{"not_picked":["Busted Crown","Philosopher\u0027s Stone"],"picked":"animator:VividPicture"},{"not_picked":["Runic Dome","Pandora\u0027s Box"],"picked":"Sozu"}],"items_purged_floors":[5,12,37],"is_endless":false,"potions_floor_spawned":[2,10,11,16,18,22,24,30,35,36,41],"killed_by":"3 Darklings","ascension_level":14}}