{"host":"59jh88lrys5rvd4j","time":1609411010,"event":{"mods":["2.2 Compatiblity","A Magickal Journey","Aspiration","Astrologer","BaseMod","Beaked The Cultist","Conspire","Energized Spire","Gremlin Mod","Kalas","Magitek Elite","Minty Spire (QoL Compilation)","StSLib","The Cursed","The Necromancer"],"gold_per_floor":[147,147,186,8,8,89,119,161,161,161,252,346,311,415,415,750,750,796,855,501,501,501,615,719,778,801,825,864,945,1012,1138,1150,1487,1499,1563,1738,1542,1245,1245,1343,1506,1548,1575,1660,1696,1800,1471,1431,1431,1750,1750,1789,1789,1789,1789,1589,1717,1832,1868,1894,2036,1473,1087,1087,811,811,1143,1143,1208,973,973,973,611,722,826,940,1038,1038,1087,1156,1189,1189,1189,1530,1530,1592,1275,983,1073,937,1047,1141,1159,1266,0,55,82,263,357,357,710,710,761,634,291,217,167,281,404,404,517,517,517,598,598,563,563,887,887,935,935,645,329,205,312,413,413,494,494,617,730,824,889,889,1224,1233,1233],"floor_reached":136,"playtime":6580,"items_purged":[],"score":5201,"play_id":"610b0446-ce9c-4c8c-bbd3-b8d13f43e439","local_time":"20201231053650","daily_mods":["Draft","Heirloom","Time Dilation","Flight","Midas"],"is_ascension_mode":false,"campfire_choices":[{"floor":15,"key":"REST"}],"circlet_count":1,"master_deck":["Storm+1","Turbo","Ball Lightning","Turbo","Turbo","Tempest","Capacitor","White Noise","Cold Snap","Self Repair","Force Field","Cold Snap+1","Conserve Battery","Capacitor","Ball Lightning+1","aspiration:Polymerization","Cold Snap","Apotheosis+1","BootSequence+1","conspire:SharedLibrary","Coolheaded","Loop","Fusion","Fission","Conserve Battery+1","Hologram","Conserve Battery","Chill+1","Hologram","Cold Snap+1","Storm+1","Loop","Hologram","White Noise","Reboot+1","White Noise+1","Conserve Battery","Defragment","Hologram","Flash of Steel","Bandage Up","Bandage Up","Hologram+1","Reinforced Body+1","Blizzard+1","Ball Lightning","Coolheaded+1","Hologram+1","Multi-Cast","Magnetism","Meteor Strike","Storm","Pain","conspire:SpireCoStock","conspire:SpireCoStock","conspire:SpireCoStock","conspire:SpireCoStock","Ball Lightning","White Noise","BootSequence+1","Hello World","Master of Strategy","Turbo","Echo Form","Aggregate","Fusion","Defragment","Hologram","Master of Strategy","Machine Learning","Turbo","Master of Strategy","Reboot+1","conspire:Banana","Hello World","Double Energy","Reboot","Ball Lightning+1","Double Energy","Conserve Battery","Conserve Battery","Conserve Battery","Storm+1","Turbo","Ball Lightning+1","Turbo","Turbo","Tempest","Capacitor","White Noise","Cold Snap+1","Self Repair","Force Field","Cold Snap+1","Conserve Battery","Capacitor","Ball Lightning+1","aspiration:Polymerization","Cold Snap+1","Apotheosis+1","BootSequence+1","conspire:SharedLibrary","Coolheaded","Loop","Fusion","Fission","Conserve Battery+1","Hologram","Conserve Battery","Chill+1","Hologram","Cold Snap+1","Storm+1","Loop","Hologram","White Noise","Reboot+1","White Noise+1","Conserve Battery","Defragment","Hologram","Flash of Steel+1","Bandage Up","Bandage Up","Hologram+1","Reinforced Body+1","Blizzard+1","Ball Lightning+1","Coolheaded+1","Hologram+1","Multi-Cast","Magnetism","Meteor Strike+1","Storm","Pain","conspire:SpireCoStock","conspire:SpireCoStock","conspire:SpireCoStock","conspire:SpireCoStock","Ball Lightning+1","White Noise","BootSequence+1","Hello World","Master of Strategy","Turbo","Echo Form","Aggregate","Fusion","Defragment","Hologram","Master of Strategy","Machine Learning","Turbo","Master of Strategy","Reboot+1","conspire:Banana","Hello World","Double Energy","Reboot","Ball Lightning+1","Double Energy","Conserve Battery","Conserve Battery","Conserve Battery","Meteor Strike+1","Turbo+1","Deep Breath","Hologram+1","Storm","aspiration:Polymerization+1","Defragment","Madness","Madness","Panache","Discovery","Jack Of All Trades","White Noise","Machine Learning","Hologram","Aggregate","Storm","Conserve Battery","Turbo","aspiration:Polymerization","Defragment","Buffer","Aggregate+1","Self Repair+1","Hologram","Conserve Battery","beaked:AwakenedForm"],"relics":["Cracked Core","Mango","Bottled Lightning","conspire:IceCreamScoop","Ribbon","Golden Idol","conspire:Dentures","aspiration:EnhancedActuators","Mercury Hourglass","Coffee Dripper","Membership Card","HornCleat","aspiration:SeaSaltIceCream","Circlet","Regal Pillow","MealTicket","Angel_Ring","MawBank","Juzu Bracelet","conspire:RoyalGoblet","FossilizedHelix","Strange Spoon","aspiration:FrozenJewel","aspiration:FetidBarrel","Letter Opener","Whetstone","Emotion Chip","Happy Flower","aspiration:ChemicalBlood","Toy Ornithopter","Pantograph","energizedSpire:OgreHead","WarpedTongs","Smiling Mask","Dead Branch","TungstenRod","OrangePellets","Lee\u0027s Waffle","Blood Vial","War Paint","Ornamental Fan","aspiration:RunicSpoon","aspiration:Lifesprig","DollysMirror","conspire:TreasureMap","Molten Egg 2","Nunchaku","aspiration:SecretTechniqueScroll","ClockworkSouvenir","Ancient Tea Set","Blue Candle","Chemical X","CeramicFish","aspiration:MysteriousAuxiliaryCore","Kunai","Red Mask","conspire:InfiniteJournal","aspiration:Stellarator","Bottled Flame","aspiration:Nostalgia","beaked:MendingPlumage","aspiration:FaultyCoupler","Torii","Omamori","SlaversCollar","Necronomicon","Medical Kit","Potion Belt","Eternal Feather","conspire:Flyswatter","Thread and Needle","Orrery","Meat on the Bone","beaked:SacredDeck"],"acts_visited":["Exordium","TheCity","TheBeyond","Exordium","TheCity","TheBeyond","Exordium","TheCity","TheBeyond"],"potions_floor_usage":[6,16,23,23,23,24,24,33,44,58,61,101,101,101,101],"damage_taken":[{"damage":3,"enemies":"Small Slimes","floor":1,"turns":3},{"damage":9,"enemies":"Jaw Worm","floor":3,"turns":3},{"damage":4,"enemies":"Gremlin Nob","floor":6,"turns":3},{"damage":0,"enemies":"2 Louse","floor":7,"turns":3},{"damage":0,"enemies":"2 Fungi Beasts","floor":8,"turns":4},{"damage":10,"enemies":"Lagavulin","floor":11,"turns":7},{"damage":11,"enemies":"3 Sentries","floor":12,"turns":5},{"damage":0,"enemies":"Lagavulin","floor":14,"turns":5},{"damage":5,"enemies":"The Guardian","floor":16,"turns":6},{"damage":11,"enemies":"3 Byrds","floor":18,"turns":4},{"damage":0,"enemies":"conspire:FuzzyDice","floor":19,"turns":3},{"damage":4,"enemies":"conspire:SneckoGhost","floor":23,"turns":4},{"damage":11,"enemies":"Book of Stabbing","floor":24,"turns":4},{"damage":0,"enemies":"Snake Plant","floor":25,"turns":2},{"damage":0,"enemies":"conspire:HollyBat","floor":28,"turns":5},{"damage":0,"enemies":"conspire:Head Lice","floor":29,"turns":4},{"damage":1,"enemies":"Shelled Parasite and Fungi","floor":30,"turns":3},{"damage":22,"enemies":"Gremlin Leader","floor":31,"turns":7},{"damage":0,"enemies":"Automaton","floor":33,"turns":4},{"damage":0,"enemies":"3 Shapes","floor":35,"turns":4},{"damage":20,"enemies":"Mind Bloom Boss Battle","floor":36,"turns":3},{"damage":57,"enemies":"Giant Head","floor":40,"turns":8},{"damage":0,"enemies":"2 Orb Walkers","floor":41,"turns":3},{"damage":16,"enemies":"3 Darklings","floor":42,"turns":7},{"damage":0,"enemies":"beaked:SuperParasite","floor":44,"turns":6},{"damage":0,"enemies":"Jaw Worm Horde","floor":45,"turns":3},{"damage":0,"enemies":"Giant Head","floor":46,"turns":4},{"damage":40,"enemies":"Time Eater","floor":50,"turns":9},{"damage":0,"enemies":"Small Slimes","floor":52,"turns":2},{"damage":0,"enemies":"3 Sentries","floor":57,"turns":4},{"damage":0,"enemies":"Gremlin Nob","floor":58,"turns":2},{"damage":0,"enemies":"2 Louse","floor":59,"turns":1},{"damage":0,"enemies":"3 Sentries","floor":61,"turns":3},{"damage":2,"enemies":"The Guardian","floor":67,"turns":4},{"damage":0,"enemies":"Chosen","floor":69,"turns":1},{"damage":0,"enemies":"Slavers","floor":74,"turns":2},{"damage":0,"enemies":"conspire:SneckoGhost","floor":75,"turns":2},{"damage":0,"enemies":"Slavers","floor":76,"turns":2},{"damage":0,"enemies":"Book of Stabbing","floor":77,"turns":2},{"damage":0,"enemies":"Spheric Guardian","floor":79,"turns":1},{"damage":0,"enemies":"Chosen and Byrds","floor":80,"turns":2},{"damage":0,"enemies":"Centurion and Healer","floor":81,"turns":2},{"damage":0,"enemies":"Automaton","floor":84,"turns":1},{"damage":0,"enemies":"Orb Walker","floor":86,"turns":1},{"damage":0,"enemies":"conspire:MimicChest","floor":89,"turns":2},{"damage":0,"enemies":"Reptomancer","floor":91,"turns":1},{"damage":0,"enemies":"Nemesis","floor":92,"turns":1},{"damage":0,"enemies":"Reptomancer","floor":94,"turns":1},{"damage":0,"enemies":"3 Darklings","floor":96,"turns":2},{"damage":0,"enemies":"2 Orb Walkers","floor":98,"turns":1},{"damage":0,"enemies":"Nemesis","floor":99,"turns":1},{"damage":125,"enemies":"Awakened One","floor":101,"turns":5},{"damage":0,"enemies":"Small Slimes","floor":103,"turns":1},{"damage":0,"enemies":"Lagavulin","floor":108,"turns":2},{"damage":0,"enemies":"Gremlin Nob","floor":109,"turns":1},{"damage":0,"enemies":"Lagavulin","floor":111,"turns":1},{"damage":0,"enemies":"3 Sentries","floor":114,"turns":2},{"damage":0,"enemies":"The Guardian","floor":118,"turns":3},{"damage":0,"enemies":"2 Thieves","floor":120,"turns":1},{"damage":0,"enemies":"Gremlin Leader","floor":125,"turns":2},{"damage":0,"enemies":"Book of Stabbing","floor":126,"turns":1},{"damage":0,"enemies":"Slavers","floor":128,"turns":1},{"damage":0,"enemies":"Book of Stabbing","floor":130,"turns":2},{"damage":0,"enemies":"Gremlin Leader","floor":131,"turns":2},{"damage":0,"enemies":"Slavers","floor":132,"turns":1},{"damage":0,"enemies":"Spheric Guardian","floor":133,"turns":1},{"damage":0,"enemies":"Automaton","floor":135,"turns":3}],"seed_played":"-8302312966757886328","potions_obtained":[{"floor":3,"key":"PowerPotion"},{"floor":7,"key":"SneckoOil"},{"floor":14,"key":"Energy Potion"},{"floor":23,"key":"Fire Potion"},{"floor":24,"key":"BlessingOfTheForge"},{"floor":25,"key":"ColorlessPotion"},{"floor":31,"key":"Energy Potion"},{"floor":33,"key":"Regen Potion"},{"floor":40,"key":"Dexterity Potion"},{"floor":46,"key":"DistilledChaos"},{"floor":50,"key":"DistilledChaos"},{"floor":50,"key":"FairyPotion"},{"floor":58,"key":"Fruit Juice"},{"floor":67,"key":"Energy Potion"},{"floor":80,"key":"CultistPotion"},{"floor":84,"key":"DuplicationPotion"},{"floor":101,"key":"DistilledChaos"},{"floor":101,"key":"Block Potion"},{"floor":101,"key":"LiquidBronze"},{"floor":101,"key":"DistilledChaos"},{"floor":101,"key":"DuplicationPotion"},{"floor":131,"key":"Block Potion"}],"is_trial":true,"path_per_floor":["M","?","M","$","T","E","M","M","T","?","E","E","?","E","R","B",null,"M","M","$","?","?","E","E","M","T","T","M","E","M","E","R","B",null,"M","?","$","$","?","E","?","M","T","E","M","E","$","?","R","B",null,"M","?","?","?","?","E","E","M","T","E","$","$","R","$","R","B",null,"M","$","?","?","$","E","E","E","E","R","M","M","M","?","R","B",null,"M","$","$","?","$","E","E","?","E","?","M","?","?","E","R","B",null,"M","$","$","$","?","E","E","R","E","?","?","E","?","?","R","B",null,"M","?","$","$","$","E","E","R","E","R","E","E","E","M","R","B",null],"character_chosen":"DEFECT","items_purchased":["Apotheosis","Membership Card","HornCleat","Conserve Battery","EntropicBrew","Conserve Battery","Strange Spoon","aspiration:FrozenJewel","Defragment","Hologram","aspiration:FetidBarrel","Letter Opener","Pantograph","Mind Blast","Multi-Cast","Magnetism","Dead Branch","TungstenRod","OrangePellets","Master of Strategy","Turbo","LiquidMemories","FocusPotion","Lee\u0027s Waffle","Blood Vial","War Paint","Echo Form","Aggregate","Fusion","Ornamental Fan","Defragment","Hologram","Master of Strategy","aspiration:Lifesprig","Master of Strategy","DollysMirror","conspire:TreasureMap","Molten Egg 2","Nunchaku","conspire:Banana","Hello World","ClockworkSouvenir","Ancient Tea Set","Blue Candle","Deep Breath","Chemical X","CeramicFish","aspiration:MysteriousAuxiliaryCore","Kunai","Storm","Bottled Flame","aspiration:Nostalgia","aspiration:FaultyCoupler","Torii","Omamori","Medical Kit","Potion Belt","Eternal Feather","Turbo","conspire:Flyswatter","Thread and Needle","Orrery","Meat on the Bone"],"campfire_rested":1,"item_purchase_floors":[4,20,20,20,20,37,37,37,38,38,38,38,47,47,47,47,62,62,62,62,62,62,62,63,63,63,63,63,63,65,65,65,65,70,70,70,73,73,73,73,73,87,87,87,87,88,88,88,90,90,104,105,105,105,106,122,122,122,122,123,123,123,124],"current_hp_per_floor":[89,89,87,87,87,89,89,89,89,67,67,66,88,89,89,89,89,88,88,88,88,88,89,88,88,88,88,89,89,89,87,87,89,89,89,69,84,89,79,52,58,58,58,78,84,89,89,89,89,49,89,89,89,89,89,89,89,94,94,94,94,94,101,101,101,101,99,101,101,101,101,101,101,101,101,101,101,101,101,101,101,101,101,101,101,101,101,101,101,101,101,101,89,91,91,93,84,86,88,88,40,101,101,101,101,101,101,101,101,101,101,101,95,101,101,101,101,101,101,101,89,101,101,101,101,101,101,101,101,101,101,101,101,101,101,101,101],"gold":1233,"neow_bonus":"","is_daily":false,"chose_seed":false,"campfire_upgraded":0,"win_rate":0.0,"timestamp":1609411010,"path_taken":["M","?","M","$","?","E","?","M","T","?","E","E","?","E","R","BOSS","M","M","$","?","?","E","E","M","T","?","M","E","M","E","R","BOSS","M","?","$","$","?","E","?","M","T","E","M","E","$","?","R","BOSS","M","?","?","?","?","E","E","M","T","E","$","$","R","$","R","BOSS","M","$","?","?","$","E","E","E","E","R","M","M","M","?","R","BOSS","M","$","$","?","$","E","E","?","E","?","M","?","?","E","R","BOSS","M","$","$","$","?","E","E","R","E","?","?","E","?","?","R","BOSS","M","?","$","$","$","E","E","R","E","R","E","E","E","M","R","BOSS"],"items_purchased_type":["Card","Relic","Relic","Card","Potion","Card","Relic","Relic","Card","Card","Relic","Relic","Relic","Card","Card","Card","Relic","Relic","Relic","Card","Card","Potion","Potion","Relic","Relic","Relic","Card","Card","Card","Relic","Card","Card","Card","Relic","Card","Relic","Relic","Relic","Relic","Card","Card","Relic","Relic","Relic","Card","Relic","Relic","Relic","Relic","Card","Relic","Relic","Relic","Relic","Relic","Relic","Relic","Relic","Card","Relic","Relic","Relic","Relic"],"build_version":"2020-12-22","purchased_purges":0,"victory":false,"max_hp_per_floor":[89,89,89,89,89,89,89,89,89,89,89,89,89,89,89,89,89,89,89,89,89,89,89,89,89,89,89,89,89,89,89,89,89,89,89,89,89,89,89,89,89,89,89,89,89,89,89,89,89,89,89,89,89,89,89,89,89,94,94,94,94,94,101,101,101,101,101,101,101,101,101,101,101,101,101,101,101,101,101,101,101,101,101,101,101,101,101,101,101,101,101,101,101,101,101,101,101,101,101,101,101,101,101,101,101,101,101,101,101,101,101,101,101,101,101,101,101,101,101,101,101,101,101,101,101,101,101,101,101,101,101,101,101,101,101,101,101],"card_choices":[{"not_picked":["Cold Snap","Auto Shields"],"picked":"Storm","floor":0},{"not_picked":["conspire:SharedLibrary","Undo"],"picked":"Turbo","floor":0},{"not_picked":["Hologram","Barrage"],"picked":"Ball Lightning","floor":0},{"not_picked":["Tempest","Compile Driver"],"picked":"Turbo","floor":0},{"not_picked":["Reprogram","Steam"],"picked":"Turbo","floor":0},{"not_picked":["Rip and Tear","Gash"],"picked":"Tempest","floor":0},{"not_picked":["Steam Power","Hologram"],"picked":"Capacitor","floor":0},{"not_picked":["Barrage","Go for the Eyes"],"picked":"White Noise","floor":0},{"not_picked":["Beam Cell","Rebound"],"picked":"Cold Snap","floor":0},{"not_picked":["Rebound","Streamline"],"picked":"Self Repair","floor":0},{"not_picked":["Reprogram","Go for the Eyes"],"picked":"Force Field","floor":0},{"not_picked":["Compile Driver","Stack"],"picked":"Cold Snap","floor":0},{"not_picked":["Go for the Eyes","Steam"],"picked":"Conserve Battery","floor":0},{"not_picked":["Hologram","Conserve Battery"],"picked":"Capacitor","floor":0},{"not_picked":["conspire:SharedLibrary","Gash"],"picked":"Ball Lightning","floor":0},{"not_picked":["Barrage","Aggregate"],"picked":"aspiration:Polymerization","floor":1},{"not_picked":["Gash","Go for the Eyes"],"picked":"Cold Snap","floor":3},{"not_picked":["conspire:SharedLibrary","Leap"],"picked":"BootSequence","floor":6},{"not_picked":["Cold Snap","Sweeping Beam"],"picked":"conspire:SharedLibrary","floor":7},{"not_picked":["Beam Cell","Redo"],"picked":"Coolheaded","floor":8},{"not_picked":["All For One","Sunder","Blizzard"],"picked":"SKIP","floor":11},{"not_picked":["Beam Cell","conspire:SharedLibrary"],"picked":"Loop","floor":12},{"not_picked":["Gash","Compile Driver"],"picked":"Fusion","floor":14},{"not_picked":["Rainbow","Multi-Cast"],"picked":"Fission","floor":16},{"not_picked":["Hologram+1","Ball Lightning+1"],"picked":"Conserve Battery+1","floor":18},{"not_picked":["Doom and Gloom","Ball Lightning+1"],"picked":"Hologram","floor":19},{"not_picked":["Sweeping Beam","Cold Snap"],"picked":"Chill+1","floor":23},{"not_picked":["Sweeping Beam","Melter"],"picked":"Hologram","floor":24},{"not_picked":["Chaos","Beam Cell"],"picked":"Cold Snap+1","floor":25},{"not_picked":["Gash","Turbo"],"picked":"Storm","floor":28},{"not_picked":["conspire:SharedLibrary","Sweeping Beam+1"],"picked":"Loop","floor":29},{"not_picked":["Barrage","Blizzard"],"picked":"Hologram","floor":30},{"not_picked":["Static Discharge","Recycle"],"picked":"White Noise","floor":31},{"not_picked":["Rainbow","Thunder Strike"],"picked":"Reboot","floor":33},{"not_picked":["Hologram","Lockon"],"picked":"White Noise+1","floor":35},{"not_picked":["Forethought","Thinking Ahead"],"picked":"Flash of Steel","floor":39},{"not_picked":["Good Instincts","Impatience"],"picked":"Bandage Up","floor":39},{"not_picked":["PanicButton","Forethought"],"picked":"Bandage Up","floor":39},{"not_picked":["Beam Cell+1","Turbo"],"picked":"Hologram+1","floor":40},{"not_picked":["Gash+1","Barrage"],"picked":"Reinforced Body+1","floor":41},{"not_picked":["Glacier+1","Barrage+1"],"picked":"Blizzard+1","floor":42},{"not_picked":["Compile Driver+1","Leap"],"picked":"Ball Lightning","floor":44},{"not_picked":["Gash+1","Cold Snap"],"picked":"Coolheaded+1","floor":45},{"not_picked":["Cold Snap+1","Redo"],"picked":"Hologram+1","floor":46},{"not_picked":["Multi-Cast","Buffer"],"picked":"Meteor Strike","floor":50},{"not_picked":["conspire:Rain","Leap"],"picked":"Storm","floor":52},{"not_picked":["Stack","Beam Cell"],"picked":"Ball Lightning","floor":57},{"not_picked":["Turbo","Melter"],"picked":"White Noise","floor":58},{"not_picked":["Gash","Hyperbeam"],"picked":"BootSequence","floor":59},{"not_picked":["Barrage","Undo"],"picked":"Hello World","floor":61},{"not_picked":["All For One","Hyperbeam"],"picked":"Machine Learning","floor":67},{"not_picked":["Beam Cell","Leap"],"picked":"Turbo","floor":69},{"not_picked":["Coolheaded","Static Discharge"],"picked":"Double Energy","floor":74},{"not_picked":["Hologram","Core Surge+1"],"picked":"Reboot","floor":75},{"not_picked":["Glacier+1","Coolheaded+1"],"picked":"Ball Lightning+1","floor":76},{"not_picked":["Static Discharge","Fusion"],"picked":"Double Energy","floor":77},{"not_picked":["Leap","Turbo"],"picked":"Conserve Battery","floor":79},{"not_picked":["Hologram","Rebound+1"],"picked":"Conserve Battery","floor":80},{"not_picked":["Hologram","BootSequence"],"picked":"Conserve Battery","floor":81},{"not_picked":["Buffer","Multi-Cast"],"picked":"Meteor Strike+1","floor":84},{"not_picked":["FTL+1","Gash+1"],"picked":"Turbo+1","floor":86},{"not_picked":["Stack+1","Streamline+1"],"picked":"Hologram+1","floor":89},{"not_picked":["Turbo","Melter+1"],"picked":"aspiration:Polymerization+1","floor":91},{"not_picked":["Beam Cell+1","Tempest+1"],"picked":"Defragment","floor":92},{"not_picked":["Scrape+1","Cold Snap+1","Reinforced Body+1"],"picked":"SKIP","floor":94},{"not_picked":["Rebound+1","Genetic Algorithm","Beam Cell+1"],"picked":"SKIP","floor":96},{"not_picked":["Good Instincts","Blind"],"picked":"Panache","floor":97},{"not_picked":["Mind Blast+1","Swift Strike+1"],"picked":"Discovery","floor":97},{"not_picked":["Enlightenment","Impatience"],"picked":"Jack Of All Trades","floor":97},{"not_picked":["Rebound+1","Barrage+1"],"picked":"conspire:Rain+1","floor":98},{"not_picked":["Tempest","Conserve Battery"],"picked":"White Noise","floor":99},{"not_picked":["Multi-Cast","Biased Cognition"],"picked":"Machine Learning","floor":101},{"not_picked":["Leap","Hello World"],"picked":"Hologram","floor":103},{"not_picked":["Compile Driver+1","Sweeping Beam+1","Go for the Eyes+1"],"picked":"SKIP","floor":108},{"not_picked":["Stack","Tempest"],"picked":"Aggregate","floor":109},{"not_picked":["Redo","Hyperbeam+1"],"picked":"Storm","floor":111},{"not_picked":["Compile Driver+1","Lockon+1","Leap"],"picked":"SKIP","floor":114},{"not_picked":["Redo","Ball Lightning+1"],"picked":"Conserve Battery","floor":120},{"not_picked":["Reprogram","Barrage+1"],"picked":"aspiration:Polymerization","floor":123},{"not_picked":["conspire:SharedLibrary","Electrodynamics"],"picked":"Defragment","floor":123},{"not_picked":["Streamline+1","Hello World"],"picked":"Buffer","floor":123},{"not_picked":["Go for the Eyes+1","Hologram"],"picked":"Aggregate+1","floor":123},{"not_picked":["Leap","Heatsinks"],"picked":"Self Repair+1","floor":125},{"not_picked":["Lockon+1","Amplify","Multi-Cast"],"picked":"SKIP","floor":126},{"not_picked":["FTL+1","conspire:Rain","Barrage+1"],"picked":"SKIP","floor":128},{"not_picked":["Sweeping Beam+1","Stack+1"],"picked":"Hologram","floor":130},{"not_picked":["Stack","Streamline+1"],"picked":"Conserve Battery","floor":131},{"not_picked":["Steam","Lockon+1","Rebound+1"],"picked":"SKIP","floor":132},{"not_picked":["FTL+1","Go for the Eyes+1","Multi-Cast"],"picked":"SKIP","floor":133}],"player_experience":495370,"relics_obtained":[{"floor":5,"key":"Bottled Lightning"},{"floor":6,"key":"conspire:IceCreamScoop"},{"floor":9,"key":"Ribbon"},{"floor":11,"key":"conspire:Dentures"},{"floor":12,"key":"aspiration:EnhancedActuators"},{"floor":14,"key":"Mercury Hourglass"},{"floor":23,"key":"aspiration:SeaSaltIceCream"},{"floor":24,"key":"Regal Pillow"},{"floor":26,"key":"MealTicket"},{"floor":27,"key":"Angel_Ring"},{"floor":29,"key":"MawBank"},{"floor":31,"key":"Juzu Bracelet"},{"floor":36,"key":"FossilizedHelix"},{"floor":40,"key":"Whetstone"},{"floor":41,"key":"Emotion Chip"},{"floor":43,"key":"Happy Flower"},{"floor":44,"key":"aspiration:ChemicalBlood"},{"floor":46,"key":"Toy Ornithopter"},{"floor":60,"key":"Smiling Mask"},{"floor":98,"key":"conspire:InfiniteJournal"},{"floor":121,"key":"Necronomicon"}],"event_choices":[{"damage_healed":0,"gold_gain":0,"player_choice":"Full Heal","damage_taken":0,"max_hp_gain":0,"max_hp_loss":0,"event_name":"Wheel of Change","floor":2,"gold_loss":0},{"damage_healed":0,"gold_gain":0,"player_choice":"Take Damage","damage_taken":22,"relics_obtained":["Golden Idol"],"max_hp_gain":0,"max_hp_loss":0,"event_name":"Golden Idol","floor":10,"gold_loss":0},{"damage_healed":22,"gold_gain":0,"player_choice":"Healed","damage_taken":0,"max_hp_gain":0,"max_hp_loss":0,"event_name":"The Cleric","floor":13,"gold_loss":35},{"damage_healed":0,"gold_gain":0,"player_choice":"Ignored","damage_taken":0,"max_hp_gain":0,"max_hp_loss":0,"event_name":"Vampires","floor":21,"gold_loss":0},{"damage_healed":0,"gold_gain":0,"player_choice":"Simplicity","damage_taken":0,"max_hp_gain":0,"max_hp_loss":0,"event_name":"Back to Basics","floor":22,"gold_loss":0,"cards_upgraded":[]},{"damage_healed":0,"gold_gain":0,"player_choice":"Fight","damage_taken":0,"max_hp_gain":0,"max_hp_loss":0,"event_name":"MindBloom","floor":36,"gold_loss":0},{"damage_healed":0,"gold_gain":0,"player_choice":"Memory 3","damage_taken":10,"max_hp_gain":0,"max_hp_loss":0,"event_name":"SensoryStone","floor":39,"gold_loss":0},{"damage_healed":0,"gold_gain":0,"player_choice":"Fight","damage_taken":0,"max_hp_gain":0,"max_hp_loss":0,"event_name":"Mysterious Sphere","floor":41,"gold_loss":0},{"damage_healed":0,"gold_gain":0,"player_choice":"Upgraded Two","damage_taken":0,"max_hp_gain":0,"max_hp_loss":0,"event_name":"Designer","floor":48,"gold_loss":40,"cards_upgraded":["Reboot","Storm"]},{"damage_healed":0,"gold_gain":0,"player_choice":"Rummage","damage_taken":0,"relics_obtained":["WarpedTongs"],"max_hp_gain":0,"max_hp_loss":0,"event_name":"Accursed Blacksmith","floor":53,"gold_loss":0,"cards_obtained":["Pain"]},{"damage_healed":0,"gold_gain":0,"player_choice":"Upgraded","damage_taken":0,"max_hp_gain":0,"max_hp_loss":0,"event_name":"Upgrade Shrine","floor":54,"gold_loss":0,"cards_upgraded":["Storm"]},{"damage_healed":0,"gold_gain":0,"player_choice":"Invest 4","damage_taken":0,"max_hp_gain":0,"max_hp_loss":0,"event_name":"conspire:Investor","floor":56,"gold_loss":0},{"damage_healed":0,"gold_gain":0,"player_choice":"Simplicity","damage_taken":0,"max_hp_gain":0,"max_hp_loss":0,"event_name":"Back to Basics","floor":71,"gold_loss":0,"cards_upgraded":[]},{"damage_healed":0,"gold_gain":0,"player_choice":"Upgraded","damage_taken":0,"max_hp_gain":0,"max_hp_loss":0,"event_name":"Upgrade Shrine","floor":72,"gold_loss":0,"cards_upgraded":["Apotheosis"]},{"damage_healed":0,"gold_gain":0,"player_choice":"Embrace Madness","damage_taken":13,"max_hp_gain":0,"max_hp_loss":0,"event_name":"Winding Halls","floor":93,"gold_loss":0,"cards_obtained":["Madness","Madness"]},{"damage_healed":0,"gold_gain":0,"player_choice":"Paid","damage_taken":0,"relics_obtained":["Red Mask"],"max_hp_gain":0,"max_hp_loss":0,"event_name":"Tomb of Lord Red Mask","floor":95,"gold_loss":1266},{"damage_healed":0,"gold_gain":0,"player_choice":"Memory 3","damage_taken":10,"max_hp_gain":0,"max_hp_loss":0,"event_name":"SensoryStone","floor":97,"gold_loss":0},{"damage_healed":0,"gold_gain":0,"player_choice":"Fight","damage_taken":0,"max_hp_gain":0,"max_hp_loss":0,"event_name":"Mysterious Sphere","floor":98,"gold_loss":0},{"cards_removed":["Mind Blast"],"damage_healed":0,"gold_gain":0,"player_choice":"Card Removal","damage_taken":0,"max_hp_gain":0,"max_hp_loss":0,"event_name":"The Cleric","floor":107,"gold_loss":50},{"damage_healed":0,"gold_gain":0,"player_choice":"Ignored","damage_taken":0,"max_hp_gain":0,"max_hp_loss":0,"event_name":"Liars Game","floor":112,"gold_loss":0},{"cards_removed":["Mind Blast"],"damage_healed":0,"gold_gain":0,"player_choice":"Card Removal","damage_taken":7,"max_hp_gain":0,"max_hp_loss":0,"event_name":"Golden Wing","floor":113,"gold_loss":0},{"cards_removed":["conspire:Rain"],"damage_healed":0,"gold_gain":0,"player_choice":"Offered Uncommon","damage_taken":0,"max_hp_gain":0,"max_hp_loss":0,"event_name":"Bonfire Elementals","floor":115,"gold_loss":0},{"damage_healed":0,"gold_gain":0,"player_choice":"Left Gold","damage_taken":0,"max_hp_gain":0,"max_hp_loss":0,"event_name":"World of Goop","floor":116,"gold_loss":35},{"damage_healed":0,"gold_gain":0,"player_choice":"Obtained Book","damage_taken":16,"max_hp_gain":0,"max_hp_loss":0,"event_name":"Cursed Tome","floor":121,"gold_loss":0}],"is_beta":false,"boss_relics":[{"not_picked":["Tiny House","Empty Cage"],"picked":"Coffee Dripper"},{"not_picked":["Calling Bell","aspiration:FutureDiary"],"picked":"conspire:RoyalGoblet"},{"not_picked":["conspire:RunicOctahedron","conspire:SpecialSausage"],"picked":"energizedSpire:OgreHead"},{"not_picked":["Runic Dome","Empty Cage"],"picked":"aspiration:RunicSpoon"},{"not_picked":["energizedSpire:StickyHand","energizedSpire:UnstableMolecules"],"picked":"aspiration:SecretTechniqueScroll"},{"not_picked":["Runic Pyramid","Busted Crown"],"picked":"aspiration:Stellarator"},{"not_picked":["Tiny House","energizedSpire:OldTV"],"picked":"SlaversCollar"},{"not_picked":["Black Star","Runic Dome"],"picked":"beaked:SacredDeck"}],"items_purged_floors":[],"is_endless":true,"potions_floor_spawned":[3,7,14,23,24,25,31,33,40,41,46,50,57,58,67,74,79,80,81,84,94,96,98,101,103,108,111,120,131,132],"ascension_level":0}}