{"host":"i3z0gcxurea6197v","time":1609424749,"event":{"mods":["Aspiration","BaseMod","Conspire","Energized Spire","Hubris","Minty Spire (QoL Compilation)","Permanent Neow","Relic Stats","Replay The Spire","Shop Mod","StSLib","SuperFastMode","TheWitcher","Virulent Crown","vexMod"],"gold_per_floor":[124,124,141,66,86,86,161,161,184,184,211,66,93,93,93,221,221,236,335,362,392,417,417,441,441,488,531,565,586,586,609,609,738,738,751,751,504,529,543,543,576,600,647,647,221,239,274,292,292,292],"floor_reached":51,"playtime":3455,"items_purged":["SnafuTest:DefaultCommonSkill","SnafuTest:DefaultCommonAttack","SnafuTest:DefaultCommonAttack"],"score":773,"play_id":"df1a7315-7a13-40e9-b536-a1cbcf890153","local_time":"20201231192549","is_ascension_mode":false,"campfire_choices":[{"data":"SnafuTest:QueensGuard","floor":6,"key":"SMITH"},{"data":"SnafuTest:SignYrden","floor":8,"key":"SMITH"},{"data":"SnafuTest:SwiftAssault","floor":10,"key":"SMITH"},{"floor":15,"key":"REST"},{"data":"Whirlwind","floor":23,"key":"SMITH"},{"data":"Spot Weakness","floor":25,"key":"SMITH"},{"floor":32,"key":"REST"},{"floor":40,"key":"REST"},{"data":"SnafuTest:Awake","floor":44,"key":"SMITH"},{"data":"Blind","floor":49,"key":"SMITH"}],"circlet_count":0,"master_deck":["SnafuTest:BountyHunt","SnafuTest:DefaultCommonSkill+1","SnafuTest:DefaultCommonSkill+1","SnafuTest:SignYrden+1","SnafuTest:QueensGuard+1","SnafuTest:SwiftAssault+1","SnafuTest:WeddingDance","Spot Weakness+1","SnafuTest:ConciliatoryPresence+1","SnafuTest:SwordDance","Whirlwind+1","SnafuTest:PowerFireDamnation+1","SnafuTest:ShieldUp+1","Reaper+1","SnafuTest:Awake+1","SnafuTest:PowerAlwaysOnRoads","Blind+1"],"relics":["SnafuTest:UnstableMutagenRelic","War Paint","hubris:DisguiseKit","ReplayTheSpireMod:Lightbulb","Art of War","PreservedInsect","Golden Idol","conspire:SlowCooker","Gremlin Food","Blue Doll","Replay:Mystery Machine","Snecko Heart","Lantern","Replay:Wax Seal","ReplayFunnel"],"acts_visited":["Exordium","TheCity","TheBeyond"],"potions_floor_usage":[16,22,33,33,50,50,50],"damage_taken":[{"damage":0,"enemies":"2 Louse","floor":1,"turns":3},{"damage":12,"enemies":"Jaw Worm","floor":3,"turns":7},{"damage":2,"enemies":"Small Slimes","floor":5,"turns":3},{"damage":10,"enemies":"Replay:BlueRogue","floor":11,"turns":6},{"damage":4,"enemies":"Exordium Wildlife","floor":13,"turns":6},{"damage":26,"enemies":"Hexaghost","floor":16,"turns":10},{"damage":3,"enemies":"Chosen","floor":18,"turns":6},{"damage":0,"enemies":"Spheric Guardian","floor":21,"turns":5},{"damage":6,"enemies":"3 Cultists","floor":22,"turns":6},{"damage":0,"enemies":"Snake Plant","floor":24,"turns":3},{"damage":13,"enemies":"Slavers","floor":27,"turns":5},{"damage":13,"enemies":"Centurion and Healer","floor":28,"turns":4},{"damage":14,"enemies":"Chosen and Byrds","floor":29,"turns":6},{"damage":2,"enemies":"Cultist and Chosen","floor":31,"turns":6},{"damage":10,"enemies":"Champ","floor":33,"turns":12},{"damage":24,"enemies":"3 Darklings","floor":35,"turns":4},{"damage":0,"enemies":"Orb Walker","floor":38,"turns":2},{"damage":0,"enemies":"Writhing Mass","floor":39,"turns":5},{"damage":0,"enemies":"3 Darklings","floor":41,"turns":5},{"damage":2,"enemies":"Maw","floor":42,"turns":8},{"damage":2,"enemies":"Writhing Mass","floor":46,"turns":6},{"damage":0,"enemies":"4 Shapes","floor":47,"turns":5},{"damage":0,"enemies":"Jaw Worm Horde","floor":48,"turns":4},{"damage":25,"enemies":"Awakened One","floor":50,"turns":13}],"seed_played":"-5775879041002778253","potions_obtained":[{"floor":1,"key":"DistilledChaos"},{"floor":5,"key":"ColorlessPotion"},{"floor":18,"key":"BlessingOfTheForge"},{"floor":22,"key":"FairyPotion"},{"floor":29,"key":"Elixir"},{"floor":31,"key":"AttackPotion"},{"floor":39,"key":"Strength Potion"},{"floor":41,"key":"EntropicBrew"}],"is_trial":false,"path_per_floor":["M","?","M","$","M","R","T","R","T","R","E","$","M","?","R","B",null,"M","?","T","M","M","R","M","R","T","E","M","M","?","M","R","B",null,"M","?","$","M","M","R","M","M","T","R","$","M","M","M","R","B",null],"character_chosen":"THE_WITCHER","items_purchased":["PreservedInsect","Lantern","ReplayFunnel","SnafuTest:PowerAlwaysOnRoads","Blind"],"campfire_rested":3,"item_purchase_floors":[12,37,45,45,45],"current_hp_per_floor":[75,80,68,68,66,66,66,66,66,66,56,56,52,32,56,30,80,77,77,77,77,71,71,71,71,71,58,45,31,25,23,47,37,80,56,56,56,56,56,80,80,78,78,78,78,80,80,80,80,55],"gold":292,"neow_bonus":"RANDOM_COMMON_RELIC","is_daily":false,"chose_seed":false,"campfire_upgraded":7,"win_rate":0.0,"timestamp":1609424749,"path_taken":["M","?","M","$","M","R","?","R","T","R","E","$","M","?","R","BOSS","M","?","?","M","M","R","M","R","T","E","M","M","?","?","R","BOSS","M","?","$","M","?","R","M","M","T","R","$","M","M","M","R","BOSS"],"items_purchased_type":["Relic","Relic","Relic","Card","Card"],"build_version":"2020-12-22","purchased_purges":3,"victory":true,"max_hp_per_floor":[75,80,80,80,80,80,80,80,80,80,80,80,80,80,80,80,80,80,80,80,80,80,80,80,80,80,80,80,80,80,80,80,80,80,80,80,80,80,80,80,80,80,80,80,80,80,80,80,80,80],"relic_stats":{"counters":[24,140],"Golden Idol":142,"PreservedInsect":38,"Art of War":[22],"War Paint":["SnafuTest:DefaultCommonSkill","SnafuTest:DefaultCommonSkill"],"obtain_stats":[{"Gremlin Food":20,"ReplayFunnel":45,"hubris:DisguiseKit":7,"Lantern":37,"SnafuTest:UnstableMutagenRelic":0,"Snecko Heart":34,"Golden Idol":14,"Blue Doll":26,"PreservedInsect":12,"conspire:SlowCooker":17,"War Paint":0,"Replay:Mystery Machine":27,"Art of War":11,"Replay:Wax Seal":43,"ReplayTheSpireMod:Lightbulb":9},{"Gremlin Food":7,"ReplayFunnel":20,"hubris:DisguiseKit":3,"Lantern":16,"SnafuTest:UnstableMutagenRelic":0,"Snecko Heart":15,"Golden Idol":5,"Blue Doll":10,"PreservedInsect":4,"conspire:SlowCooker":6,"War Paint":0,"Replay:Mystery Machine":11,"Art of War":4,"Replay:Wax Seal":20,"ReplayTheSpireMod:Lightbulb":3},{"Gremlin Food":41,"ReplayFunnel":112,"hubris:DisguiseKit":13,"Lantern":92,"SnafuTest:UnstableMutagenRelic":0,"Snecko Heart":88,"Golden Idol":25,"Blue Doll":55,"PreservedInsect":19,"conspire:SlowCooker":35,"War Paint":0,"Replay:Mystery Machine":60,"Art of War":19,"Replay:Wax Seal":112,"ReplayTheSpireMod:Lightbulb":13}]},"card_choices":[{"not_picked":["SnafuTest:ShieldUp","SnafuTest:SpellDispellingPush"],"picked":"SnafuTest:QueensGuard","floor":1},{"not_picked":["SnafuTest:BlueWhale","SnafuTest:CareTaker"],"picked":"SnafuTest:SwiftAssault","floor":3},{"not_picked":["SnafuTest:BombDancingStar","SnafuTest:PowerHangmenTree"],"picked":"SnafuTest:WeddingDance","floor":5},{"not_picked":["SnafuTest:CalculatingAmbition","SnafuTest:ShoulderSlam","SnafuTest:WorldMap"],"picked":"Spot Weakness","floor":11},{"not_picked":["SnafuTest:WorldMap","SnafuTest:SignIgni","SnafuTest:AncestralRitual","Burning Pact"],"picked":"SKIP","floor":13},{"not_picked":["SnafuTest:PowerRhymeBeyondTime","SnafuTest:TradeOrTrick","Eclipse"],"picked":"SnafuTest:ConciliatoryPresence","floor":16},{"not_picked":["SnafuTest:BattleCry","SnafuTest:SignIgni","SnafuTest:BlueWhale","hubris:SharpeningStone"],"picked":"SKIP","floor":18},{"not_picked":["SnafuTest:DesperateRemediation","SnafuTest:MCPlayGwent","Warcry"],"picked":"SnafuTest:SwordDance","floor":21},{"not_picked":["SnafuTest:ShoulderSlam+1","SnafuTest:BoxingChampion","SnafuTest:SpellLivingArmor"],"picked":"Whirlwind","floor":22},{"not_picked":["SnafuTest:PayHappyHour+1","SnafuTest:SpellBitingFrost+1","Iron Wave"],"picked":"SnafuTest:PowerFireDamnation+1","floor":24},{"not_picked":["SnafuTest:MCMockAndRun+1","SnafuTest:WeddingDance","SnafuTest:ShoulderSlam","Replay:Undeath\u0027s Touch"],"picked":"SKIP","floor":27},{"not_picked":["SnafuTest:Oriole","SnafuTest:PowerCounterAttack","SnafuTest:ArmoredSortie","Iron Wave"],"picked":"SKIP","floor":28},{"not_picked":["SnafuTest:MCPlayGwent","SnafuTest:PowerRhymeBeyondTime","Abandon"],"picked":"SnafuTest:ShieldUp+1","floor":29},{"not_picked":["SnafuTest:PayWeaponSmith","SnafuTest:FlashingEvasion+1","Havoc"],"picked":"SnafuTest:GetPaid+1","floor":31},{"not_picked":["SnafuTest:LandOfFables","SnafuTest:MelitelesCare","SnafuTest:Awake"],"picked":"Reaper","floor":33},{"not_picked":["SnafuTest:MCFeignDeath","SnafuTest:NoPass+1","SnafuTest:PowerProbingFeint","ReplayTheSpireMod:Strike From Hell"],"picked":"SKIP","floor":35},{"not_picked":["SnafuTest:SignYrden","SnafuTest:BombDragonsDream+1","SnafuTest:PowerAlwaysOnRoads","hubris:ReadiedAction"],"picked":"SKIP","floor":38},{"not_picked":["SnafuTest:PayHappyHour+1","SnafuTest:SignAxii+1","SnafuTest:PowerCounterAttack+1","Carnage"],"picked":"SKIP","floor":39},{"not_picked":["SnafuTest:QueensGuard+1","SnafuTest:PayWeaponSmith+1","Ghostly Armor"],"picked":"SnafuTest:Awake","floor":41},{"not_picked":["SnafuTest:Shooting+1","SnafuTest:BombDimeritium+1","SnafuTest:SpellDispellingPush","Clash"],"picked":"SKIP","floor":42},{"not_picked":["SnafuTest:SpellTelekinesis+1","SnafuTest:PowerCounterAttack","SnafuTest:PayHappyHour+1","Twin Strike"],"picked":"SKIP","floor":46},{"not_picked":["SnafuTest:MercilessReaper","SnafuTest:FlashingEvasion","SnafuTest:SignAxii+1","Pommel Strike"],"picked":"SKIP","floor":47},{"not_picked":["SnafuTest:SignIgni","SnafuTest:Oriole+1","SnafuTest:Kick+1","Wild Strike"],"picked":"SKIP","floor":48}],"player_experience":909216,"relics_obtained":[{"floor":7,"key":"hubris:DisguiseKit"},{"floor":9,"key":"ReplayTheSpireMod:Lightbulb"},{"floor":11,"key":"Art of War"},{"floor":20,"key":"Gremlin Food"},{"floor":26,"key":"Blue Doll"},{"floor":27,"key":"Replay:Mystery Machine"},{"floor":43,"key":"Replay:Wax Seal"}],"event_choices":[{"damage_healed":0,"gold_gain":0,"player_choice":"Donut","damage_taken":0,"max_hp_gain":5,"max_hp_loss":0,"event_name":"Big Fish","floor":2,"gold_loss":0},{"damage_healed":0,"gold_gain":0,"player_choice":"Take Damage","damage_taken":20,"relics_obtained":["Golden Idol"],"max_hp_gain":0,"max_hp_loss":0,"event_name":"Golden Idol","floor":14,"gold_loss":0},{"damage_healed":0,"gold_gain":99,"player_choice":"Stole From Cult","damage_taken":0,"max_hp_gain":0,"max_hp_loss":0,"event_name":"Nest","floor":19,"gold_loss":0},{"damage_healed":0,"gold_gain":0,"player_choice":"","damage_taken":6,"max_hp_gain":0,"max_hp_loss":0,"event_name":"Knowing Skull","floor":30,"potions_obtained":[],"gold_loss":0,"cards_obtained":[]},{"cards_removed":["SnafuTest:DefaultCommonAttack"],"damage_healed":0,"gold_gain":0,"player_choice":"Purged","damage_taken":0,"max_hp_gain":0,"max_hp_loss":0,"event_name":"Purifier","floor":36,"gold_loss":0}],"is_beta":false,"boss_relics":[{"not_picked":["conspire:SpecialSausage","Pandora\u0027s Box"],"picked":"conspire:SlowCooker"},{"not_picked":["aspiration:RandomNobGenerator","energizedSpire:SpiderWeb"],"picked":"Snecko Heart"}],"items_purged_floors":[4,37,45],"is_endless":false,"potions_floor_spawned":[1,5,18,22,24,29,31,39,41,48],"ascension_level":0}}