{"host":"qc268ltokmxwqyrx","time":1609374998,"event":{"mods":["BaseMod","Colored Map","Colored Powertips","Minty Spire (QoL Compilation)","Relic Stats","Slay the Relics Exporter","StSLib","ojb\u0027s Info Mod"],"gold_per_floor":[110,60,70,90,106,134,134,164,164,164,164,198,209,3,3,82,82,98,9,25,36,86,114,126,171,234,279,301,324,371,418,430,521,533,555,174,192,192,203,234,251,284,284,315,130,150,184,184,184,184,184,184,184,49,76,76],"floor_reached":57,"playtime":5882,"items_purged":["Strike_G","Strike_G","Strike_G"],"score":3365,"play_id":"27d6d990-7944-4144-8a4c-d6cee64361a7","local_time":"20201230183638","is_ascension_mode":true,"campfire_choices":[{"data":"Predator","floor":7,"key":"SMITH"},{"data":"Wraith Form v2","floor":11,"key":"SMITH"},{"data":"Bouncing Flask","floor":15,"key":"SMITH"},{"data":"Well Laid Plans","floor":24,"key":"SMITH"},{"floor":32,"key":"RECALL"},{"floor":49,"key":"REST"},{"data":"Crippling Poison","floor":53,"key":"SMITH"}],"circlet_count":0,"master_deck":["AscendersBane","Strike_G+1","Defend_G","Defend_G","Defend_G","Defend_G","Defend_G","Survivor","Neutralize+1","Crippling Poison+1","Quick Slash","Predator+1","Deadly Poison","Bouncing Flask+1","Wraith Form v2+1","Doppelganger+1","PiercingWail+1","Blur+1","Night Terror+1","Crippling Poison+1","Well Laid Plans+1","Backflip+1","Acrobatics+1","PiercingWail+1","Acrobatics+1","Catalyst+1","Corpse Explosion+1","Burst+1","Leg Sweep+1","Acrobatics+1","Reflex+1","Impatience+1","Thinking Ahead+1"],"relics":["Velvet Choker","Mercury Hourglass","InkBottle","HornCleat","Toxic Egg 2","Strawberry","Chemical X","Black Star","MawBank","Paper Crane","Eternal Feather","Vajra","Centennial Puzzle","Du-Vu Doll","Gremlin Horn","Shuriken","Orichalcum","Red Mask","HoveringKite","OrangePellets","Potion Belt","Oddly Smooth Stone","Blood Vial","Darkstone Periapt","Dream Catcher","Pear","Whetstone","Lantern","Smiling Mask","StrikeDummy","Bottled Lightning"],"acts_visited":["Exordium","TheCity","TheBeyond","TheEnding"],"potions_floor_usage":[6,8,23,25,44,55,56,56],"damage_taken":[{"damage":0,"enemies":"2 Louse","floor":1,"turns":3},{"damage":0,"enemies":"Cultist","floor":3,"turns":5},{"damage":0,"enemies":"Jaw Worm","floor":4,"turns":3},{"damage":2,"enemies":"Exordium Thugs","floor":5,"turns":4},{"damage":21,"enemies":"Lagavulin","floor":6,"turns":8},{"damage":5,"enemies":"3 Sentries","floor":8,"turns":6},{"damage":10,"enemies":"Lagavulin","floor":12,"turns":5},{"damage":0,"enemies":"Gremlin Gang","floor":13,"turns":3},{"damage":4,"enemies":"Hexaghost","floor":16,"turns":8},{"damage":2,"enemies":"Chosen","floor":18,"turns":4},{"damage":0,"enemies":"3 Byrds","floor":20,"turns":3},{"damage":0,"enemies":"Snecko","floor":21,"turns":5},{"damage":3,"enemies":"Book of Stabbing","floor":23,"turns":7},{"damage":25,"enemies":"Gremlin Leader","floor":25,"turns":7},{"damage":16,"enemies":"Slavers","floor":27,"turns":7},{"damage":0,"enemies":"Centurion and Healer","floor":28,"turns":7},{"damage":0,"enemies":"Sentry and Sphere","floor":29,"turns":5},{"damage":0,"enemies":"Gremlin Leader","floor":30,"turns":3},{"damage":0,"enemies":"Masked Bandits","floor":31,"turns":2},{"damage":0,"enemies":"Champ","floor":33,"turns":5},{"damage":0,"enemies":"Orb Walker","floor":35,"turns":3},{"damage":0,"enemies":"3 Darklings","floor":37,"turns":5},{"damage":0,"enemies":"Sphere and 2 Shapes","floor":39,"turns":4},{"damage":2,"enemies":"Reptomancer","floor":40,"turns":4},{"damage":0,"enemies":"4 Shapes","floor":41,"turns":4},{"damage":6,"enemies":"Nemesis","floor":42,"turns":5},{"damage":0,"enemies":"Reptomancer","floor":44,"turns":6},{"damage":0,"enemies":"3 Darklings","floor":46,"turns":4},{"damage":0,"enemies":"Giant Head","floor":47,"turns":4},{"damage":13,"enemies":"Time Eater","floor":50,"turns":5},{"damage":0,"enemies":"Awakened One","floor":51,"turns":15},{"damage":0,"enemies":"Shield and Spear","floor":55,"turns":3},{"damage":33,"enemies":"The Heart","floor":56,"turns":10}],"seed_played":"496140239948729288","potions_obtained":[{"floor":1,"key":"Ancient Potion"},{"floor":6,"key":"EssenceOfSteel"},{"floor":12,"key":"AttackPotion"},{"floor":16,"key":"Swift Potion"},{"floor":21,"key":"Regen Potion"},{"floor":27,"key":"Fire Potion"},{"floor":29,"key":"Block Potion"},{"floor":40,"key":"Ancient Potion"},{"floor":42,"key":"GamblersBrew"},{"floor":46,"key":"GamblersBrew"},{"floor":55,"key":"Weak Potion"}],"is_trial":false,"path_per_floor":["M","?","M","M","M","E","R","E","T","?","R","E","M","$","R","B",null,"M","$","M","M","?","E","R","E","T","E","M","M","E","?","R","B",null,"M","$","M","?","M","E","M","E","T","E","$","M","E","?","R","B","B",null,"R","$","E","B",null],"character_chosen":"THE_SILENT","items_purchased":["Chemical X","Blur+1","Well Laid Plans","OrangePellets","Potion Belt","Reflex+1","LiquidMemories"],"campfire_rested":1,"item_purchase_floors":[14,14,19,36,36,45,54],"current_hp_per_floor":[59,59,59,59,57,36,36,31,31,31,31,28,28,28,28,24,61,59,59,59,59,59,56,56,46,46,30,30,30,30,30,48,48,67,67,67,67,57,57,55,57,53,53,65,65,67,69,59,83,70,72,80,83,83,83,50],"gold":76,"neow_bonus":"BOSS_RELIC","is_daily":false,"chose_seed":false,"campfire_upgraded":5,"win_rate":0.0,"timestamp":1609374998,"path_taken":["M","?","?","M","M","E","R","E","T","?","R","E","M","?","R","BOSS","M","$","?","M","?","E","R","E","T","E","M","M","E","?","R","BOSS","M","$","M","?","M","E","M","E","T","E","?","M","E","?","R","BOSS","BOSS","R","$","E","BOSS"],"items_purchased_type":["Relic","Card","Card","Relic","Relic","Card","Potion"],"build_version":"2020-12-22","purchased_purges":3,"victory":true,"max_hp_per_floor":[66,66,66,66,66,66,66,66,66,66,66,73,73,73,73,73,73,73,73,73,73,73,73,73,73,73,73,73,73,73,73,73,73,73,73,73,73,73,73,73,73,73,73,83,83,83,83,83,83,83,83,83,83,83,83,83],"relic_stats":{"Darkstone Periapt":0,"Gremlin Horn":[22,22],"counters":[33,171],"HoveringKite":[36],"Eternal Feather":39,"Whetstone":["Strike_G","Neutralize"],"Orichalcum":[192],"MawBank":156,"Smiling Mask":75,"Mercury Hourglass":[708],"Blood Vial":12,"OrangePellets":[6],"Centennial Puzzle":[15],"Dream Catcher":1,"Shuriken":[1],"Black Star":9,"Chemical X":[22],"obtain_stats":[{"Darkstone Periapt":42,"Lantern":47,"Gremlin Horn":27,"Vajra":25,"HoveringKite":34,"Whetstone":44,"Smiling Mask":47,"Blood Vial":40,"Centennial Puzzle":26,"Dream Catcher":42,"HornCleat":8,"Strawberry":12,"Red Mask":31,"Chemical X":14,"Toxic Egg 2":9,"InkBottle":6,"Ring of the Snake":0,"Potion Belt":36,"Pear":44,"Velvet Choker":0,"Oddly Smooth Stone":40,"Eternal Feather":25,"Paper Crane":23,"Orichalcum":30,"MawBank":23,"Mercury Hourglass":2,"Du-Vu Doll":27,"OrangePellets":36,"Shuriken":30,"Black Star":17,"Bottled Lightning":55,"StrikeDummy":55},{"Darkstone Periapt":26,"Lantern":29,"Gremlin Horn":15,"Vajra":14,"HoveringKite":20,"Whetstone":27,"Smiling Mask":29,"Blood Vial":24,"Centennial Puzzle":14,"Dream Catcher":26,"HornCleat":6,"Strawberry":7,"Red Mask":19,"Chemical X":8,"Toxic Egg 2":6,"InkBottle":5,"Ring of the Snake":0,"Potion Belt":21,"Pear":27,"Velvet Choker":0,"Oddly Smooth Stone":24,"Eternal Feather":14,"Paper Crane":13,"Orichalcum":18,"MawBank":13,"Mercury Hourglass":1,"Du-Vu Doll":15,"OrangePellets":21,"Shuriken":18,"Black Star":9,"Bottled Lightning":32,"StrikeDummy":32},{"Darkstone Periapt":124,"Lantern":138,"Gremlin Horn":77,"Vajra":70,"HoveringKite":99,"Whetstone":130,"Smiling Mask":138,"Blood Vial":115,"Centennial Puzzle":70,"Dream Catcher":124,"HornCleat":29,"Strawberry":34,"Red Mask":94,"Chemical X":37,"Toxic Egg 2":29,"InkBottle":23,"Ring of the Snake":0,"Potion Belt":102,"Pear":130,"Velvet Choker":0,"Oddly Smooth Stone":115,"Eternal Feather":70,"Paper Crane":63,"Orichalcum":92,"MawBank":63,"Mercury Hourglass":3,"Du-Vu Doll":77,"OrangePellets":102,"Shuriken":92,"Black Star":45,"Bottled Lightning":161,"StrikeDummy":161}],"InkBottle":[58]},"card_choices":[{"not_picked":["Heel Hook","PiercingWail"],"picked":"Crippling Poison","floor":1},{"not_picked":["Backflip","Dodge and Roll"],"picked":"Quick Slash","floor":3},{"not_picked":["Crippling Poison","Setup"],"picked":"Predator","floor":4},{"not_picked":["Quick Slash","Acrobatics"],"picked":"Deadly Poison","floor":5},{"not_picked":["Well Laid Plans","Endless Agony"],"picked":"Bouncing Flask","floor":6},{"not_picked":["Underhanded Strike","Bouncing Flask"],"picked":"Wraith Form v2","floor":8},{"not_picked":["Dagger Spray","Poisoned Stab"],"picked":"Doppelganger+1","floor":12},{"not_picked":["Dagger Throw","Outmaneuver+1"],"picked":"PiercingWail+1","floor":13},{"not_picked":["After Image","Tools of the Trade"],"picked":"Night Terror+1","floor":16},{"not_picked":["Slice","Prepared+1"],"picked":"Crippling Poison+1","floor":18},{"not_picked":["Prepared+1","Blade Dance+1"],"picked":"Backflip+1","floor":20},{"not_picked":["Crippling Poison+1","Choke"],"picked":"Acrobatics+1","floor":21},{"not_picked":["Distraction+1","Blade Dance+1","Slice"],"picked":"SKIP","floor":23},{"not_picked":["Dagger Throw","Dagger Spray"],"picked":"PiercingWail+1","floor":25},{"not_picked":["Dodge and Roll+1","Noxious Fumes"],"picked":"Acrobatics+1","floor":27},{"not_picked":["Masterful Stab","Setup+1"],"picked":"Catalyst+1","floor":28},{"not_picked":["Underhanded Strike","Backflip+1","Deadly Poison+1"],"picked":"SKIP","floor":29},{"not_picked":["Flying Knee","Deflect+1"],"picked":"Corpse Explosion+1","floor":30},{"not_picked":["Glass Knife","Venomology+1"],"picked":"Burst+1","floor":33},{"not_picked":["Flying Knee","Cloak And Dagger+1","Choke"],"picked":"SKIP","floor":35},{"not_picked":["Dodge and Roll+1","Backflip+1","Flechettes"],"picked":"SKIP","floor":37},{"not_picked":["Reflex+1","Dodge and Roll+1"],"picked":"Leg Sweep+1","floor":39},{"not_picked":["Backflip+1","Endless Agony","Riddle With Holes"],"picked":"SKIP","floor":40},{"not_picked":["Cloak And Dagger+1","Deadly Poison+1","Endless Agony+1"],"picked":"SKIP","floor":41},{"not_picked":["Dash+1","Outmaneuver+1","Dodge and Roll+1"],"picked":"SKIP","floor":42},{"not_picked":["Caltrops","Storm of Steel+1"],"picked":"Acrobatics+1","floor":44},{"not_picked":["Prepared+1","Leg Sweep+1","Poisoned Stab"],"picked":"SKIP","floor":46},{"not_picked":["Deadly Poison+1","Noxious Fumes","Riddle With Holes"],"picked":"SKIP","floor":47},{"not_picked":["Forethought+1","Trip+1"],"picked":"Impatience+1","floor":48},{"not_picked":["Flash of Steel","Panache"],"picked":"Thinking Ahead+1","floor":48},{"not_picked":["Bullet Time+1","All Out Attack","Blade Dance+1"],"picked":"SKIP","floor":55}],"player_experience":1765433,"relics_obtained":[{"floor":6,"key":"InkBottle"},{"floor":8,"key":"HornCleat"},{"floor":9,"key":"Toxic Egg 2"},{"floor":12,"key":"Strawberry"},{"floor":23,"key":"MawBank"},{"floor":23,"key":"Paper Crane"},{"floor":25,"key":"Eternal Feather"},{"floor":25,"key":"Vajra"},{"floor":26,"key":"Centennial Puzzle"},{"floor":27,"key":"Du-Vu Doll"},{"floor":27,"key":"Gremlin Horn"},{"floor":30,"key":"Shuriken"},{"floor":30,"key":"Orichalcum"},{"floor":31,"key":"Red Mask"},{"floor":40,"key":"Oddly Smooth Stone"},{"floor":40,"key":"Blood Vial"},{"floor":42,"key":"Darkstone Periapt"},{"floor":42,"key":"Dream Catcher"},{"floor":44,"key":"Pear"},{"floor":44,"key":"Whetstone"},{"floor":47,"key":"Lantern"},{"floor":47,"key":"Smiling Mask"},{"floor":55,"key":"StrikeDummy"},{"floor":55,"key":"Bottled Lightning"}],"event_choices":[{"damage_healed":0,"gold_gain":0,"player_choice":"Paid Gold","damage_taken":0,"relics_obtained":["Mercury Hourglass"],"max_hp_gain":0,"max_hp_loss":0,"event_name":"WeMeetAgain","floor":2,"gold_loss":50},{"cards_removed":["Strike_G"],"damage_healed":0,"gold_gain":0,"player_choice":"Purged","damage_taken":0,"max_hp_gain":0,"max_hp_loss":0,"event_name":"Purifier","floor":10,"gold_loss":0},{"damage_healed":0,"gold_gain":50,"player_choice":"Stole From Cult","damage_taken":0,"max_hp_gain":0,"max_hp_loss":0,"event_name":"Nest","floor":22,"gold_loss":0},{"damage_healed":0,"gold_gain":0,"player_choice":"Fought Bandits","damage_taken":0,"max_hp_gain":0,"max_hp_loss":0,"event_name":"Masked Bandits","floor":31,"gold_loss":0},{"damage_healed":0,"gold_gain":0,"player_choice":"Damaged","damage_taken":10,"max_hp_gain":0,"max_hp_loss":0,"event_name":"Wheel of Change","floor":38,"gold_loss":0},{"damage_healed":0,"gold_gain":0,"player_choice":"Memory 3","damage_taken":10,"max_hp_gain":0,"max_hp_loss":0,"event_name":"SensoryStone","floor":48,"gold_loss":0}],"is_beta":false,"boss_relics":[{"not_picked":["Runic Dome","Philosopher\u0027s Stone"],"picked":"Black Star"},{"not_picked":["SlaversCollar","Fusion Hammer"],"picked":"HoveringKite"}],"items_purged_floors":[36,45,54],"is_endless":false,"potions_floor_spawned":[1,6,12,16,18,21,27,29,31,40,42,46,47,55],"ascension_level":20}}