{"host":"r7lw16gtaifltel5","time":1609414260,"event":{"mods":["Arknights The Spire","BaseMod","Hermit","Koishi","Minty Spire (QoL Compilation)","Replay The Spire","StSLib","The Bug Knight","The Cursed","The Gatherer","The Hierophant","The Jungle"],"gold_per_floor":[110,125,125,125,141,180,180],"floor_reached":6,"playtime":617,"items_purged":[],"score":46,"play_id":"c67a3bb1-3cfd-4c32-ab13-d9ee4a566ae3","local_time":"20201231203100","is_ascension_mode":false,"campfire_choices":[],"circlet_count":0,"master_deck":["ats:Strike C","ats:Strike G","ats:Strike S","ats:Strike V","ats:Armor Crushing Shot","ats:Defend","ats:Defend","ats:Defend","ats:Defend","ats:Emotion Absorption","ats:Powerful Strike","ats:Poison Spread","ats:Calcification","ats:Counter Healing Mode"],"relics":["ats:Sanity","Golden Idol","ats:Originium","Pocketwatch"],"acts_visited":["Exordium"],"potions_floor_usage":[6],"damage_taken":[{"damage":0,"enemies":"2 Louse","floor":1,"turns":6},{"damage":0,"enemies":"Cultist","floor":2,"turns":4},{"damage":1,"enemies":"Jaw Worm","floor":5,"turns":3},{"damage":18,"enemies":"3 Sentries","floor":6,"turns":5}],"seed_played":"-6560377567714899938","potions_obtained":[{"floor":1,"key":"PowerPotion"},{"floor":5,"key":"SpeedPotion"}],"is_trial":false,"path_per_floor":["M","M","$","?","M","E"],"character_chosen":"DOCTOR_CLASS","items_purchased":[],"campfire_rested":0,"item_purchase_floors":[],"current_hp_per_floor":[79,79,79,60,59,43,43],"gold":180,"neow_bonus":"TEN_PERCENT_HP_BONUS","is_daily":false,"chose_seed":false,"campfire_upgraded":0,"win_rate":0.0,"timestamp":1609414260,"path_taken":["M","M","$","?","M","E"],"items_purchased_type":[],"build_version":"2020-12-22","purchased_purges":0,"victory":false,"max_hp_per_floor":[79,79,79,79,79,79,79],"card_choices":[{"not_picked":["ats:Composite Medical Shells","ats:Consecutive Shot Auto"],"picked":"ats:Powerful Strike","floor":1},{"not_picked":["ats:Assault Order","ats:Collapsing Strike"],"picked":"ats:Poison Spread","floor":2},{"not_picked":["ats:Curse Doll","ats:Healing Strengthening"],"picked":"ats:Calcification","floor":5},{"not_picked":["ats:Charging Defense","ats:Chain Hook"],"picked":"ats:Counter Healing Mode","floor":6}],"player_experience":25602,"relics_obtained":[{"floor":6,"key":"ats:Originium"},{"floor":6,"key":"Pocketwatch"}],"event_choices":[{"damage_healed":0,"gold_gain":0,"player_choice":"Take Damage","damage_taken":19,"relics_obtained":["Golden Idol"],"max_hp_gain":0,"max_hp_loss":0,"event_name":"Golden Idol","floor":4,"gold_loss":0}],"is_beta":false,"boss_relics":[],"items_purged_floors":[],"is_endless":false,"potions_floor_spawned":[1,5],"killed_by":"3 Sentries","ascension_level":0}}