{"host":"tmf10eeko6je6wes","time":1609375369,"event":{"mods":["AchievementEnabler","BaseMod","Colored Map","Colored Powertips","DeckTracker","Highlight Path","Minty Spire (QoL Compilation)","Permanent Neow","Quick Restart","Relic Sorter","Relic Stats","Shop Mod","StSLib","SuperFastMode","Synergy Search"],"gold_per_floor":[110,285,285,300,311,311,325,339,339,339,351,37,53,27,27,27,27],"floor_reached":16,"playtime":3108,"items_purged":[],"score":94,"play_id":"de44f1fc-790c-4468-83e4-41b04a071107","local_time":"20201230194249","is_ascension_mode":false,"campfire_choices":[{"data":"Eruption","floor":6,"key":"SMITH"},{"data":"WindmillStrike","floor":10,"key":"SMITH"},{"data":"Tantrum","floor":15,"key":"SMITH"}],"circlet_count":0,"master_deck":["Strike_P","Strike_P","Strike_P","Strike_P","Defend_P","Defend_P","Defend_P","Defend_P","Eruption+1","Vigilance","Consecrate","EmptyFist","SignatureMove","EmptyMind","WindmillStrike+1","Tantrum+1","FlurryOfBlows","SpiritShield","WindmillStrike+1","LikeWater","JustLucky"],"relics":["PureWater","Omamori","Nunchaku","DollysMirror"],"acts_visited":["Exordium"],"potions_floor_usage":[11,16],"damage_taken":[{"damage":0,"enemies":"Small Slimes","floor":1,"turns":2},{"damage":1,"enemies":"Jaw Worm","floor":4,"turns":3},{"damage":0,"enemies":"Cultist","floor":5,"turns":2},{"damage":3,"enemies":"Gremlin Gang","floor":7,"turns":2},{"damage":3,"enemies":"Red Slaver","floor":8,"turns":3},{"damage":0,"enemies":"Exordium Thugs","floor":11,"turns":2},{"damage":5,"enemies":"Looter","floor":13,"turns":2},{"damage":67,"enemies":"Hexaghost","floor":16,"turns":2}],"seed_played":"-6910070821842986163","potions_obtained":[{"floor":1,"key":"Ambrosia"},{"floor":5,"key":"Explosive Potion"},{"floor":7,"key":"LiquidMemories"},{"floor":13,"key":"BottledMiracle"}],"is_trial":false,"path_per_floor":["M","?","?","M","M","R","M","M","T","R","M","$","M","$","R","B"],"character_chosen":"WATCHER","items_purchased":["FlurryOfBlows","SpiritShield","DollysMirror","JustLucky"],"campfire_rested":0,"item_purchase_floors":[12,12,12,14],"current_hp_per_floor":[72,72,72,71,71,71,68,65,65,65,65,65,60,60,60,0,0],"gold":27,"neow_bonus":"RANDOM_COMMON_RELIC","is_daily":false,"chose_seed":false,"campfire_upgraded":3,"win_rate":0.0,"timestamp":1609375369,"path_taken":["M","?","?","?","M","R","M","M","T","R","?","?","M","?","R","BOSS"],"items_purchased_type":["Card","Card","Relic","Card"],"build_version":"2020-12-22","purchased_purges":0,"victory":false,"max_hp_per_floor":[72,72,72,72,72,72,72,72,72,72,72,72,72,72,72,72,72],"relic_stats":{"Nunchaku":[1],"counters":[8,18],"obtain_stats":[{"Nunchaku":9,"DollysMirror":12,"Omamori":0,"PureWater":0},{"Nunchaku":5,"DollysMirror":6,"Omamori":0,"PureWater":0},{"Nunchaku":12,"DollysMirror":14,"Omamori":0,"PureWater":0}]},"card_choices":[{"not_picked":["Indignation","Evaluate"],"picked":"Consecrate","floor":1},{"not_picked":["ReachHeaven","Fasting2"],"picked":"EmptyFist","floor":4},{"not_picked":["CrushJoints","Fasting2"],"picked":"SignatureMove","floor":5},{"not_picked":["ClearTheMind","WaveOfTheHand"],"picked":"EmptyMind","floor":7},{"not_picked":["CarveReality","Halt"],"picked":"WindmillStrike","floor":8},{"not_picked":["Swivel","Pray"],"picked":"Tantrum","floor":11},{"not_picked":["Evaluate","Sanctity"],"picked":"LikeWater","floor":13}],"player_experience":30805,"relics_obtained":[{"floor":9,"key":"Nunchaku"}],"event_choices":[{"damage_healed":0,"gold_gain":175,"player_choice":"AGREE","damage_taken":0,"max_hp_gain":0,"max_hp_loss":0,"event_name":"Liars Game","floor":2,"gold_loss":0,"cards_obtained":["Doubt"]},{"damage_healed":0,"gold_gain":0,"player_choice":"Bought 0 Potions","damage_taken":0,"max_hp_gain":0,"max_hp_loss":0,"event_name":"The Woman in Blue","floor":3,"gold_loss":0}],"is_beta":false,"boss_relics":[],"items_purged_floors":[],"is_endless":false,"potions_floor_spawned":[1,5,7,13],"killed_by":"Hexaghost","ascension_level":0}}