{"host":"wonp23fsqqcu31ie","time":1609398866,"event":{"mods":["2.2 Compatiblity","AchievementEnabler","Aspiration","BaseMod","Bestiary","Better Altar","Better Match","Better Sensory Stone","Better Skull","Better Third Choice","BetterRewards","Block Reminder","Colored Map","Colored Powertips","Conspire","DeckTracker","Displayed Cursed Tome","Downfall","Hermit","Highlight Path","Hubris","Minty Spire (QoL Compilation)","Permanent Neow","Quick Restart","Rare Cards Sparkle","Relic Stats","Replay The Spire","Shade Mod","Shop Mod","StSLib","SuperFastMode","The Animator","The Cursed","The Gatherer","The Necromancer","The Runesmith","The Servant 0.9.4"],"gold_per_floor":[113,113,131,143,102,102,132,132,132,163,182,212,212,212,212,316,316,332,332,147,147,147],"floor_reached":22,"playtime":459,"items_purged":[],"score":220,"play_id":"9d448085-7c93-4561-bcbb-fb0460d4b24d","local_time":"20201231181426","is_ascension_mode":true,"campfire_choices":[{"floor":6.0,"key":"RECALL"},{"data":"Runesmith:GrandSlam","floor":8.0,"key":"SMITH"},{"floor":15.0,"key":"REST"}],"circlet_count":0,"master_deck":["Runesmith:Strike_RS","Runesmith:Strike_RS","Runesmith:Strike_RS","Runesmith:Strike_RS","Runesmith:Defend_RS","Runesmith:Defend_RS","Runesmith:Defend_RS","Runesmith:Defend_RS","Runesmith:CraftFirestone","Runesmith:Fortify","Runesmith:HammerThrow","Runesmith:HeatedChisel","Runesmith:ChargedHammer","Runesmith:GrandSlam+1","Runesmith:GoWithTheFlow+1","Runesmith:HammerThrow","Runesmith:EarthShield","Runesmith:CraftMedicinae","Runesmith:Grindstone+1","Runesmith:Reinforce","Runesmith:Permafrost","Runesmith:BackupBattery"],"relics":["Runesmith:UraniumAnvil","CultistMask","betterThird:SlimedRelic","Quantum Egg","aspiration:StickyExplosives_weak","Runesmith:Locket","PrismaticShard","MerchantsRug","Lee\u0027s Waffle"],"acts_visited":["Exordium","TheCity"],"potions_floor_usage":[],"damage_taken":[{"damage":6.0,"enemies":"Jaw Worm","floor":1.0,"turns":5.0},{"damage":0.0,"enemies":"Cultist","floor":3.0,"turns":4.0},{"damage":0.0,"enemies":"Small Slimes","floor":4.0,"turns":3.0},{"damage":14.0,"enemies":"3 Sentries","floor":7.0,"turns":8.0},{"damage":11.0,"enemies":"Gremlin Nob","floor":10.0,"turns":4.0},{"damage":6.0,"enemies":"Looter","floor":11.0,"turns":2.0},{"damage":11.0,"enemies":"Lagavulin","floor":12.0,"turns":4.0},{"damage":23.0,"enemies":"Hexaghost","floor":16.0,"turns":12.0},{"damage":4,"enemies":"Spheric Guardian","floor":18,"turns":5}],"seed_played":"646047698067322366","potions_obtained":[{"floor":4.0,"key":"Weak Potion"}],"is_trial":false,"path_per_floor":["M","?","M","M","?","R","E","R","T","E","M","E","?","?","R","B",null,"M","?","$","?"],"character_chosen":"RUNESMITH_CLASS","items_purchased":["MerchantsRug","Lee\u0027s Waffle","Runesmith:Permafrost","Runesmith:BackupBattery"],"campfire_rested":1,"item_purchase_floors":[21,21,21,21],"current_hp_per_floor":[64,64,64,64,53,53,39,39,39,28,22,11,11,11,32,9,70,66,54,77,77,77],"gold":147,"neow_bonus":"BOSS_RELIC","is_daily":false,"chose_seed":false,"campfire_upgraded":1,"win_rate":0.0,"timestamp":1609398866,"path_taken":["M","?","M","?","?","R","E","R","T","E","M","E","?","?","R","BOSS","M","?","$","?"],"items_purchased_type":["Relic","Relic","Card","Card"],"build_version":"2020-12-22","purchased_purges":0,"victory":false,"max_hp_per_floor":[70,70,70,70,70,70,70,70,70,70,70,70,70,70,70,70,70,70,70,77,77,77],"relic_stats":{"Lee\u0027s Waffle":23,"counters":[50,252],"obtain_stats":[{"Runesmith:Locket":10,"Sling":0,"Blood Vial":24,"Replay:Ringing Soul":17,"hubris:AstralHammer":17,"MealTicket":26,"Replay:Wax Seal":25,"conspire:Dentures":3,"MerchantsRug":13,"Runesmith:BrokenRuby":0,"hubris:Teleporter":12,"Happy Flower":13,"aspiration:Nostalgia":0,"ReplayTheSpireMod:CursedCoin":38,"ReplayTheSpireMod:Ring of Addiction":29,"Replay:Grab Bag":34,"Oddly Smooth Stone":13,"conspire:Boomerang":9,"Replay:Kaleidoscope":0,"aspiration:SeaSaltIceCream":5,"aspiration:FrozenJewel":10,"WarpedTongs":37,"SlaversCollar":34,"Bottled Flame":20,"aspiration:SilentSkillbook":17,"CultistMask":2,"aspiration:HatOfInfinitePower":24,"StrikeDummy":3,"ReplayTheSpireMod:DimensionalGlitch":17,"ReplayFunnel":44,"aspiration:Lifesprig":22,"Juzu Bracelet":6,"Cursed Key":34,"PrismaticShard":20,"aspiration:StickyExplosives_weak":9,"Dream Catcher":17,"Chameleon Ring":29,"aspiration:DefectSkillbook":34,"Tiny Chest":0,"Replay:Bottled Eggs":54,"Cracked Core":0,"hubris:GlazedTorus":43,"Ring of the Snake":0,"Potion Belt":19,"BargainBundle":0,"Lee\u0027s Waffle":21,"Golden Idol":8,"Quantum Egg":7,"aspiration:HummingbirdHeart":8,"White Beast Statue":29,"Calling Bell":17,"Anchor":41,"Ring of Misfortune":29,"Bloody Idol":24,"betterThird:SlimedRelic":5,"Runesmith:UraniumAnvil":0,"Turnip":38,"Membership Card":5,"hubris:CrackedHourglass":34,"ReplayTheSpireMod:Lightbulb":20},{"Runesmith:Locket":46,"Sling":24,"Blood Vial":33,"Replay:Ringing Soul":8,"hubris:AstralHammer":8,"MealTicket":13,"Replay:Wax Seal":34,"conspire:Dentures":1,"MerchantsRug":6,"Runesmith:BrokenRuby":0,"hubris:Teleporter":48,"Happy Flower":6,"aspiration:Nostalgia":0,"ReplayTheSpireMod:CursedCoin":17,"ReplayTheSpireMod:Ring of Addiction":14,"Replay:Grab Bag":15,"Oddly Smooth Stone":28,"conspire:Boomerang":26,"Replay:Kaleidoscope":24,"aspiration:SeaSaltIceCream":25,"aspiration:FrozenJewel":5,"WarpedTongs":17,"SlaversCollar":15,"Bottled Flame":31,"aspiration:SilentSkillbook":30,"CultistMask":42,"aspiration:HatOfInfinitePower":12,"StrikeDummy":38,"ReplayTheSpireMod:DimensionalGlitch":49,"ReplayFunnel":21,"aspiration:Lifesprig":10,"Juzu Bracelet":39,"Cursed Key":15,"PrismaticShard":50,"aspiration:StickyExplosives_weak":45,"Dream Catcher":8,"Chameleon Ring":14,"aspiration:DefectSkillbook":15,"Tiny Chest":24,"Replay:Bottled Eggs":23,"Cracked Core":0,"hubris:GlazedTorus":20,"Ring of the Snake":36,"Potion Belt":9,"BargainBundle":24,"Lee\u0027s Waffle":50,"Golden Idol":26,"Quantum Egg":45,"aspiration:HummingbirdHeart":4,"White Beast Statue":14,"Calling Bell":8,"Anchor":19,"Ring of Misfortune":14,"Bloody Idol":33,"betterThird:SlimedRelic":44,"Runesmith:UraniumAnvil":41,"Turnip":17,"Membership Card":25,"hubris:CrackedHourglass":15,"ReplayTheSpireMod:Lightbulb":9},{"Runesmith:Locket":229,"Sling":127,"Blood Vial":170,"Replay:Ringing Soul":37,"hubris:AstralHammer":37,"MealTicket":66,"Replay:Wax Seal":175,"conspire:Dentures":3,"MerchantsRug":22,"Runesmith:BrokenRuby":0,"hubris:Teleporter":235,"Happy Flower":22,"aspiration:Nostalgia":0,"ReplayTheSpireMod:CursedCoin":87,"ReplayTheSpireMod:Ring of Addiction":70,"Replay:Grab Bag":80,"Oddly Smooth Stone":141,"conspire:Boomerang":133,"Replay:Kaleidoscope":127,"aspiration:SeaSaltIceCream":131,"aspiration:FrozenJewel":19,"WarpedTongs":87,"SlaversCollar":80,"Bottled Flame":159,"aspiration:SilentSkillbook":154,"CultistMask":211,"aspiration:HatOfInfinitePower":62,"StrikeDummy":190,"ReplayTheSpireMod:DimensionalGlitch":247,"ReplayFunnel":104,"aspiration:Lifesprig":49,"Juzu Bracelet":197,"Cursed Key":80,"PrismaticShard":252,"aspiration:StickyExplosives_weak":226,"Dream Catcher":37,"Chameleon Ring":70,"aspiration:DefectSkillbook":80,"Tiny Chest":127,"Replay:Bottled Eggs":119,"Cracked Core":0,"hubris:GlazedTorus":97,"Ring of the Snake":184,"Potion Belt":42,"BargainBundle":127,"Lee\u0027s Waffle":252,"Golden Idol":133,"Quantum Egg":226,"aspiration:HummingbirdHeart":13,"White Beast Statue":70,"Calling Bell":37,"Anchor":93,"Ring of Misfortune":70,"Bloody Idol":170,"betterThird:SlimedRelic":218,"Runesmith:UraniumAnvil":206,"Turnip":87,"Membership Card":131,"hubris:CrackedHourglass":80,"ReplayTheSpireMod:Lightbulb":42}]},"card_choices":[{"not_picked":["Runesmith:Retool","Runesmith:Overpower"],"picked":"Runesmith:HammerThrow","floor":1.0},{"not_picked":["Runesmith:Repurpose","Runesmith:Overpower"],"picked":"Runesmith:HeatedChisel","floor":3.0},{"not_picked":["Runesmith:MakeshiftArmor","Runesmith:HammerThrow"],"picked":"Runesmith:ChargedHammer","floor":4.0},{"not_picked":["Runesmith:HeatExchange","Runesmith:CraftIndustria"],"picked":"Runesmith:GrandSlam","floor":7.0},{"not_picked":["Runesmith:Overpower","Runesmith:PerfectChisel"],"picked":"Runesmith:GoWithTheFlow","floor":10.0},{"not_picked":["Runesmith:ShiftingStrike","Runesmith:NegativeSpace"],"picked":"Runesmith:HammerThrow","floor":11.0},{"not_picked":["Runesmith:PoweredAnvil","Runesmith:Augment"],"picked":"Runesmith:EarthShield","floor":12.0},{"not_picked":["Runesmith:CreatorForm","Runesmith:LastStand"],"picked":"Runesmith:CraftMedicinae","floor":16.0},{"not_picked":["Runesmith:HammerThrow","Runesmith:EarthShield+1"],"picked":"Runesmith:Grindstone+1","floor":18},{"not_picked":["Runesmith:DoubleUp","Runesmith:Augment"],"picked":"Runesmith:Reinforce","floor":20}],"player_experience":416747,"relics_obtained":[{"floor":7.0,"key":"Quantum Egg"},{"floor":9.0,"key":"aspiration:StickyExplosives_weak"},{"floor":10.0,"key":"Runesmith:Locket"},{"floor":12.0,"key":"hubris:Teleporter"},{"floor":20,"key":"PrismaticShard"}],"event_choices":[{"damage_healed":0.0,"max_hp_gain":0.0,"max_hp_loss":0.0,"gold_gain":0.0,"event_name":"FaceTrader","player_choice":"Trade","floor":2.0,"gold_loss":0.0,"damage_taken":0.0,"relics_obtained":["CultistMask"]},{"damage_healed":0.0,"max_hp_gain":0.0,"max_hp_loss":0.0,"gold_gain":0.0,"event_name":"betterThird:BetterGoop","player_choice":"Slimed","floor":5.0,"gold_loss":41.0,"damage_taken":11.0},{"damage_healed":0.0,"max_hp_gain":0.0,"max_hp_loss":0.0,"gold_gain":0.0,"event_name":"conspire:Investor","player_choice":"Leave","floor":13.0,"gold_loss":0.0,"damage_taken":0.0},{"damage_healed":0.0,"max_hp_gain":0.0,"max_hp_loss":0.0,"gold_gain":0.0,"event_name":"Living Wall","player_choice":"Grow","floor":14.0,"gold_loss":0.0,"damage_taken":0.0,"cards_upgraded":["Runesmith:GoWithTheFlow"]}],"is_beta":false,"boss_relics":[{"not_picked":["Kintsugi","conspire:SeveredTorchhead"],"picked":"ReplayTheSpireMod:DimensionalGlitch"}],"items_purged_floors":[],"is_endless":false,"potions_floor_spawned":[4],"ascension_level":2}}