{"host":"gc9rk8b4vlc0bstx","time":1609435886,"event":{"mods":["Ascension Unlocker","BaseMod","Minty Spire (QoL Compilation)","Permanent Neow","Relic Stats","StSLib"],"gold_per_floor":[12,12,27,45,59,59,59,59],"floor_reached":7,"playtime":515,"items_purged":[],"score":86,"play_id":"9270e439-19b8-47bb-87a9-2c96ad7e3478","local_time":"20201231093126","is_ascension_mode":true,"campfire_choices":[{"data":"Loop","floor":6,"key":"SMITH"}],"circlet_count":0,"master_deck":["AscendersBane","Strike_B","Strike_B","Strike_B","Strike_B","Defend_B","Defend_B","Defend_B","Defend_B","Zap","Dualcast","Multi-Cast","Loop+1","Glacier","Consume","Sweeping Beam"],"relics":["Cracked Core","Golden Idol"],"acts_visited":["Exordium"],"potions_floor_usage":[5],"damage_taken":[{"damage":6,"enemies":"2 Louse","floor":1,"turns":3},{"damage":7,"enemies":"Small Slimes","floor":3,"turns":3},{"damage":1,"enemies":"Cultist","floor":4,"turns":4},{"damage":9,"enemies":"Red Slaver","floor":5,"turns":3},{"damage":46,"enemies":"Gremlin Nob","floor":7,"turns":4}],"seed_played":"-3488389154539255882","potions_obtained":[{"floor":3,"key":"AttackPotion"}],"is_trial":false,"path_per_floor":["M","?","M","M","M","R","E"],"character_chosen":"DEFECT","items_purchased":[],"campfire_rested":0,"item_purchase_floors":[],"current_hp_per_floor":[58,58,51,50,41,41,0,0],"gold":59,"neow_bonus":"THREE_RARE_CARDS","is_daily":false,"chose_seed":false,"campfire_upgraded":1,"win_rate":0.0,"timestamp":1609435886,"path_taken":["M","?","M","M","M","R","E"],"items_purchased_type":[],"build_version":"2020-12-22","purchased_purges":0,"victory":false,"max_hp_per_floor":[71,64,64,64,64,64,64,64],"relic_stats":{"counters":[5,17],"Golden Idol":10,"obtain_stats":[{"Golden Idol":2,"Cracked Core":0},{"Golden Idol":1,"Cracked Core":0},{"Golden Idol":3,"Cracked Core":0}]},"card_choices":[{"not_picked":["Fission","All For One"],"picked":"Multi-Cast","floor":0},{"not_picked":["Coolheaded","Go for the Eyes"],"picked":"Loop","floor":1},{"not_picked":["Redo","Cold Snap"],"picked":"Glacier","floor":3},{"not_picked":["Self Repair","Auto Shields"],"picked":"Consume","floor":4},{"not_picked":["Coolheaded","Redo"],"picked":"Sweeping Beam","floor":5}],"player_experience":833369,"relics_obtained":[],"event_choices":[{"damage_healed":0,"gold_gain":0,"player_choice":"Lose Max HP","damage_taken":0,"relics_obtained":["Golden Idol"],"max_hp_gain":0,"max_hp_loss":7,"event_name":"Golden Idol","floor":2,"gold_loss":0}],"is_beta":false,"boss_relics":[],"items_purged_floors":[],"is_endless":false,"potions_floor_spawned":[3],"killed_by":"Gremlin Nob","ascension_level":20}}