{"host":"hzinic87vu8p95wn","time":1609425321,"event":{"mods":["BaseMod","Minty Spire (QoL Compilation)"],"gold_per_floor":[114,114,127,127,202,202,249,249,322,351,351,365,387,421,421,421,421],"floor_reached":16,"playtime":326,"items_purged":[],"score":241,"play_id":"153b8ba6-d618-4796-b6a7-679687f411ee","local_time":"20210101013521","is_ascension_mode":true,"campfire_choices":[{"floor":11,"key":"REST"},{"floor":15,"key":"REST"}],"circlet_count":0,"master_deck":["AscendersBane","Strike_B","Strike_B","Strike_B","Defend_B","Defend_B","Defend_B","Defend_B","Zap","Dualcast","Defragment","Sweeping Beam","Melter","Creative AI","Cold Snap","Ball Lightning"],"relics":["Cracked Core","NeowsBlessing","Golden Idol","CeramicFish","Centennial Puzzle","Pear"],"acts_visited":["Exordium"],"potions_floor_usage":[],"damage_taken":[{"damage":0,"enemies":"Jaw Worm","floor":1,"turns":1},{"damage":0,"enemies":"2 Louse","floor":3,"turns":1},{"damage":0,"enemies":"Gremlin Nob","floor":7,"turns":1},{"damage":7,"enemies":"Small Slimes","floor":10,"turns":3},{"damage":8,"enemies":"3 Louse","floor":12,"turns":3},{"damage":16,"enemies":"Blue Slaver","floor":13,"turns":4},{"damage":38,"enemies":"Gremlin Gang","floor":14,"turns":4},{"damage":0,"enemies":"Slime Boss","floor":16,"turns":3}],"seed_played":"7129861846471351114","potions_obtained":[{"floor":3,"key":"PotionOfCapacity"},{"floor":7,"key":"FairyPotion"}],"is_trial":false,"path_per_floor":["M","?","M","?","?","?","E","?","T","M","R","M","M","M","R","B"],"character_chosen":"DEFECT","items_purchased":[],"campfire_rested":2,"item_purchase_floors":[],"current_hp_per_floor":[64,57,57,33,22,17,17,17,27,20,44,36,20,19,43,43,43],"gold":421,"neow_bonus":"THREE_ENEMY_KILL","is_daily":false,"chose_seed":false,"campfire_upgraded":0,"win_rate":0.0,"timestamp":1609425321,"path_taken":["M","?","M","?","?","?","E","?","T","M","R","M","M","M","R","BOSS"],"items_purchased_type":[],"build_version":"2020-12-22","purchased_purges":0,"victory":false,"max_hp_per_floor":[71,71,71,71,71,71,71,71,81,81,81,81,81,81,81,81,81],"card_choices":[{"not_picked":["Gash","Stack"],"picked":"Defragment","floor":1},{"not_picked":["Hello World","Heatsinks"],"picked":"Sweeping Beam","floor":3},{"not_picked":["BootSequence","Gash"],"picked":"Melter","floor":7},{"not_picked":["Gash","Beam Cell"],"picked":"Creative AI","floor":10},{"not_picked":["Genetic Algorithm","Undo","Sunder"],"picked":"SKIP","floor":12},{"not_picked":["Hologram","Gash"],"picked":"Cold Snap","floor":13},{"not_picked":["Darkness","Storm"],"picked":"Ball Lightning","floor":14}],"player_experience":1550452,"relics_obtained":[{"floor":7,"key":"Centennial Puzzle"},{"floor":9,"key":"Pear"}],"event_choices":[{"cards_removed":["Strike_B"],"damage_healed":0,"gold_gain":0,"player_choice":"Card Removal","damage_taken":7,"max_hp_gain":0,"max_hp_loss":0,"event_name":"Golden Wing","floor":2,"gold_loss":0},{"damage_healed":0,"gold_gain":0,"player_choice":"Take Damage","damage_taken":24,"relics_obtained":["Golden Idol"],"max_hp_gain":0,"max_hp_loss":0,"event_name":"Golden Idol","floor":4,"gold_loss":0},{"damage_healed":0,"gold_gain":75,"player_choice":"Gather Gold","damage_taken":11,"max_hp_gain":0,"max_hp_loss":0,"event_name":"World of Goop","floor":5,"gold_loss":0},{"damage_healed":0,"gold_gain":0,"player_choice":"Success","damage_taken":5,"relics_obtained":["CeramicFish"],"max_hp_gain":0,"max_hp_loss":0,"event_name":"Scrap Ooze","floor":6,"gold_loss":0},{"damage_healed":0,"gold_gain":0,"player_choice":"Ignored","damage_taken":0,"max_hp_gain":0,"max_hp_loss":0,"event_name":"Liars Game","floor":8,"gold_loss":0}],"is_beta":false,"boss_relics":[],"items_purged_floors":[],"is_endless":false,"potions_floor_spawned":[3,7,13],"killed_by":"Slime Boss","ascension_level":18}}