{"host":"q387i5o1hp66091u","time":1609405311,"event":{"mods":["2.2 Compatiblity","BaseMod","Minty Spire (QoL Compilation)","Rare Cards Sparkle"],"gold_per_floor":[11,11,21,41,51,51,83,103,103,133,133,143,143,154,154,249,249,263,275,302,302,321,321,338,338,419,446,458,458,487,500,500,500,500],"floor_reached":33,"playtime":2535,"items_purged":[],"score":361,"play_id":"1fdad7e4-2260-4028-9139-e02baa2a1139","local_time":"20201231180151","is_ascension_mode":true,"campfire_choices":[{"data":"Neutralize","floor":6.0,"key":"SMITH"},{"floor":13.0,"key":"REST"},{"data":"Prepared","floor":15.0,"key":"SMITH"},{"floor":23.0,"key":"REST"},{"floor":25.0,"key":"REST"},{"floor":29,"key":"REST"},{"floor":32,"key":"REST"}],"circlet_count":0,"master_deck":["Strike_G","Strike_G+1","Strike_G","Strike_G","Strike_G","Defend_G","Defend_G","Defend_G","Defend_G","Defend_G","Survivor","Neutralize+1","Blur","Poisoned Stab","Deadly Poison+1","Dash","Slice","Dagger Throw","Prepared","Prepared+1","Venomology","Footwork","Dodge and Roll","Poisoned Stab+1","Slice+1","Acrobatics","Cloak And Dagger","Die Die Die","Bouncing Flask+1","Bane+1"],"relics":["Ring of the Snake","Gremlin Horn","Anchor","Blue Candle","Runic Pyramid","Red Mask","Nloth\u0027s Gift","Ornamental Fan","Whetstone","Singing Bowl"],"acts_visited":["Exordium","TheCity"],"potions_floor_usage":[27,30,30,31,31,33],"damage_taken":[{"damage":0.0,"enemies":"Small Slimes","floor":1.0,"turns":4.0},{"damage":0.0,"enemies":"Cultist","floor":3.0,"turns":4.0},{"damage":0.0,"enemies":"Jaw Worm","floor":4.0,"turns":7.0},{"damage":4.0,"enemies":"Exordium Thugs","floor":5.0,"turns":5.0},{"damage":24.0,"enemies":"3 Sentries","floor":7.0,"turns":14.0},{"damage":1.0,"enemies":"Looter","floor":8.0,"turns":4.0},{"damage":25.0,"enemies":"Gremlin Nob","floor":10.0,"turns":5.0},{"damage":8.0,"enemies":"Gremlin Gang","floor":12.0,"turns":3.0},{"damage":0.0,"enemies":"Red Slaver","floor":14.0,"turns":2.0},{"damage":24.0,"enemies":"The Guardian","floor":16.0,"turns":11.0},{"damage":2.0,"enemies":"Chosen","floor":18.0,"turns":5.0},{"damage":3.0,"enemies":"3 Byrds","floor":19.0,"turns":6.0},{"damage":36.0,"enemies":"Masked Bandits","floor":20.0,"turns":8.0},{"damage":27.0,"enemies":"Sentry and Sphere","floor":22.0,"turns":10.0},{"damage":14.0,"enemies":"Centurion and Healer","floor":24.0,"turns":8.0},{"damage":46,"enemies":"Book of Stabbing","floor":27,"turns":10},{"damage":3,"enemies":"Snake Plant","floor":28,"turns":6},{"damage":5,"enemies":"Gremlin Leader","floor":30,"turns":7},{"damage":0,"enemies":"Chosen and Byrds","floor":31,"turns":6},{"damage":51,"enemies":"Champ","floor":33,"turns":10}],"seed_played":"-2222551578082726","potions_obtained":[{"floor":3.0,"key":"FearPotion"},{"floor":7.0,"key":"CunningPotion"},{"floor":8.0,"key":"Ancient Potion"},{"floor":14.0,"key":"Dexterity Potion"},{"floor":16.0,"key":"PowerPotion"},{"floor":27,"key":"PowerPotion"},{"floor":31,"key":"CunningPotion"}],"is_trial":false,"path_per_floor":["M","?","M","M","M","R","E","M","T","E","?","M","R","M","R","B",null,"M","M","?","?","M","R","M","R","T","E","M","R","E","M","R","B"],"character_chosen":"THE_SILENT","items_purchased":[],"campfire_rested":5,"item_purchase_floors":[],"current_hp_per_floor":[84,84,84,84,80,80,56,55,55,30,30,22,47,47,47,23,84,82,79,43,43,16,41,27,52,52,6,3,28,23,23,48,0,0],"gold":500,"neow_bonus":"TWENTY_PERCENT_HP_BONUS","is_daily":false,"chose_seed":false,"campfire_upgraded":2,"win_rate":0.0,"timestamp":1609405311,"path_taken":["M","?","?","M","M","R","E","M","T","E","?","M","R","M","R","BOSS","M","M","?","?","M","R","M","R","T","E","M","R","E","M","R","BOSS"],"items_purchased_type":[],"build_version":"2020-12-22","purchased_purges":0,"victory":false,"max_hp_per_floor":[84,84,84,84,84,84,84,84,84,84,84,84,84,84,84,84,84,84,84,84,84,84,84,84,84,84,84,84,84,84,84,84,84,84],"card_choices":[{"not_picked":["Quick Slash","Skewer"],"picked":"Deadly Poison","floor":1.0},{"not_picked":["Blade Dance","Escape Plan"],"picked":"Blur","floor":3.0},{"not_picked":["Flying Knee","Reflex"],"picked":"Poisoned Stab","floor":4.0},{"not_picked":["PiercingWail","Blur"],"picked":"Deadly Poison","floor":5.0},{"not_picked":["Predator","Tools of the Trade"],"picked":"Dash","floor":7.0},{"not_picked":["Flechettes","Reflex"],"picked":"Slice","floor":8.0},{"not_picked":["Underhanded Strike","Reflex"],"picked":"Dagger Throw","floor":10.0},{"not_picked":["Masterful Stab","Deflect"],"picked":"Prepared","floor":12.0},{"not_picked":["Flechettes","Blade Dance"],"picked":"Prepared","floor":14.0},{"not_picked":["Phantasmal Killer","Adrenaline"],"picked":"Venomology","floor":16.0},{"not_picked":["Backstab+1","Cloak And Dagger+1"],"picked":"Footwork","floor":18.0},{"not_picked":["Backstab+1","Choke+1"],"picked":"Dodge and Roll","floor":19.0},{"not_picked":["Leg Sweep","Flying Knee"],"picked":"Poisoned Stab","floor":20.0},{"not_picked":["Flying Knee","Riddle With Holes"],"picked":"Slice+1","floor":22.0},{"not_picked":["Cloak And Dagger+1","Endless Agony+1"],"picked":"Acrobatics","floor":24.0},{"not_picked":["Phantasmal Killer","Skewer"],"picked":"Cloak And Dagger","floor":27},{"not_picked":["Dodge and Roll","Reflex+1"],"picked":"Die Die Die","floor":28},{"not_picked":["Prepared","Sucker Punch"],"picked":"Bouncing Flask+1","floor":30},{"not_picked":["Acrobatics","Terror"],"picked":"Bane+1","floor":31}],"player_experience":570707,"relics_obtained":[{"floor":7.0,"key":"Anchor"},{"floor":9.0,"key":"InkBottle"},{"floor":10.0,"key":"Blue Candle"},{"floor":20.0,"key":"Red Mask"},{"floor":26.0,"key":"Ornamental Fan"},{"floor":27,"key":"Whetstone"},{"floor":30,"key":"Singing Bowl"}],"event_choices":[{"cards_removed":["Deadly Poison"],"damage_healed":0.0,"max_hp_gain":0.0,"max_hp_loss":0.0,"gold_gain":0.0,"event_name":"WeMeetAgain","player_choice":"Gave Card","floor":2.0,"gold_loss":0.0,"damage_taken":0.0,"relics_obtained":["Gremlin Horn"]},{"damage_healed":0.0,"max_hp_gain":0.0,"max_hp_loss":0.0,"gold_gain":0.0,"event_name":"Living Wall","player_choice":"Grow","floor":11.0,"gold_loss":0.0,"damage_taken":0.0,"cards_upgraded":["Deadly Poison"]},{"damage_healed":0.0,"max_hp_gain":0.0,"max_hp_loss":0.0,"gold_gain":0.0,"event_name":"Masked Bandits","player_choice":"Fought Bandits","floor":20.0,"gold_loss":0.0,"damage_taken":0.0},{"damage_healed":0.0,"max_hp_gain":0.0,"max_hp_loss":0.0,"gold_gain":0.0,"event_name":"N\u0027loth","player_choice":"Traded Relic","floor":21.0,"relics_lost":["InkBottle"],"gold_loss":0.0,"damage_taken":0.0,"relics_obtained":["Nloth\u0027s Gift"]}],"is_beta":false,"boss_relics":[{"not_picked":["Snecko Eye","Fusion Hammer"],"picked":"Runic Pyramid"}],"items_purged_floors":[],"is_endless":false,"potions_floor_spawned":[3,7,8,14,16,18,20,27,31],"killed_by":"Champ","ascension_level":4}}