{"host":"s6t38s6k4widkzbu","time":1609440573,"event":{"mods":["ATMod(°¢èªMod)","Aspiration","BaseMod","Conspire","Downfall","Googly Eyes","Hermit","Highlight Path","Hunter ÁÔÈË","KinomotoSakuraMod(Ä¾Ö®±¾Ó£)","KomeijiMod","Marisa£¨ìFÓê¡¡Ä§ÀíÉ³£©","Minty Spire (QoL Compilation)","Permanent Neow","Prisma Mod","Quick Restart","READ ME - Guardian Mod","Reimu£¨²©ÀöÁéÃÎ£©","Remilia£¨ÀÙÃ×ÀòÑÇ£©","Replay The Spire","RumiaBox-Â¶Ã×æ«µÄÉñÃØºÐ×Ó","StSLib","The Animator","The Bladedancer","The Bug Knight","The Cursed","The Gatherer","The Jungle","The Mystic","The Runesmith","The Servant 0.9.4","Youmu£¨»êÆÇÑýÃÎ£©","Yuyuko","¡¾ÒÅÎï¿¨ÅÆ¡¿REMEMod","óô»ðÖ¸ÄÏ"],"gold_per_floor":[115,40,40,0,17,17,17,17,56,79,79,79,97,120,132,9,9,107,107,117,136,136,154,167,201,201,270,296,296,360,560,560,560,699,699,699,907,907,1053,953,1060,330,393,393,434,284,331,395,395,395,169,232,232,272],"floor_reached":55,"playtime":5804,"items_purged":["sneckomod:DangerNoodle","Voices","Guardian:Aged","animator:Curse_Greed"],"score":653,"play_id":"031820e9-0e77-4ce1-aa13-1edab0ff39e8","local_time":"20210101024933","is_ascension_mode":false,"campfire_choices":[{"data":"PrismaMod:ChloeCaladbolg","floor":8.0,"key":"SMITH"},{"data":"PrismaMod:ChloeMordred","floor":12.0,"key":"SMITH"},{"data":"PrismaMod:ChloeRitsuka","floor":17.0,"key":"SMITH"},{"data":"PrismaMod:ChloeDevil","floor":26.0,"key":"SMITH"},{"data":"PrismaMod:ChloeDoubleRelicSpeed","floor":26.0,"key":"SMITH"},{"data":"PrismaMod:ChloeMaid","floor":29.0,"key":"SMITH"},{"data":"AT_ChampionKick","floor":29.0,"key":"SMITH"},{"data":"PrismaMod:ChloeRitsuka","floor":36,"key":"SMITH"},{"data":"PrismaMod:ChloeMordred","floor":36,"key":"SMITH"},{"floor":44,"key":"RECALL"},{"data":"PrismaMod:ChloeAnyPowerTrace","floor":50,"key":"SMITH"},{"data":"PrismaMod:ChloeBetterTracePools","floor":50,"key":"SMITH"},{"data":"PrismaMod:ChloeMaid","floor":53,"key":"SMITH"},{"data":"PrismaMod:ChloeGaeBolg","floor":53,"key":"SMITH"}],"circlet_count":0,"master_deck":["PrismaMod:ChloeCommonAttack","PrismaMod:ChloeCommonAttack","PrismaMod:ChloeCommonAttack","PrismaMod:ChloeCommonAttack","PrismaMod:ChloeCommonAttack","PrismaMod:ChloeCommonDefend+1","PrismaMod:ChloeCommonDefend","PrismaMod:ChloeCommonDefend+1","PrismaMod:ChloeCommonDefend","PrismaMod:ChloeCheapAttack","PrismaMod:ChloeCheapDefend","AT_ChampionKick+1","PrismaMod:ChloeCarnivalDefend","PrismaMod:ChloeRuleBreaker","PrismaMod:ChloeCheapAttack+1","PrismaMod:ChloeCaladbolg+1","PrismaMod:ChloeExcalibur","PrismaMod:ChloeMordred+1","PrismaMod:ChloeMaid+1","PrismaMod:ChloeRitsuka+1","PrismaMod:ChloeDoubleRelicSpeed+1","CommonCold","PrismaMod:ChloeUncommonAttack","PrismaMod:ChloeCaladbolg+1","PrismaMod:ChloeExcalibur","PrismaMod:ChloeCheapAttackTwo+1","PrismaMod:ChloeCheapAttackTwo+1","PrismaMod:ChloeDevil","PrismaMod:ChloeCheapDefend+1","PrismaMod:ChloeExhaustOne+1","PrismaMod:ChloeCheapDefendTwo+1","PrismaMod:ChloeMordred+1","PrismaMod:ChloeRitsuka+1","PrismaMod:ChloeDevil","PrismaMod:ChloeChristmas","PrismaMod:ChloeMaid+1","PrismaMod:ChloeMaid+1","PrismaMod:ChloeGaeBolg+1","PrismaMod:ChloeBetterTracePools+1","PrismaMod:ChloeRitsuka+1","PrismaMod:ChloeBetterTracePools+1","PrismaMod:ChloeMaid","PrismaMod:ChloeAnyPowerTrace+1","PrismaMod:ChloeRhongomyniad+1","PrismaMod:ChloeDiscardRecovery+1"],"relics":["PrismaMod:PrismaTraceOn","REME_ComplimentaryCards","AT_ATBox","aspiration:SeaSaltIceCream","aspiration:Nostalgia","PrismaMod:PrismaRuby","Odd Mushroom","AT_ImmortalShieldbow","Replay:Ancient Bell","Replay:Baseball","HollowMod:StagPassRelic","Replay:Arrowhead","Nloth\u0027s Gift","ReplayTheSpireMod:CursedCoin","AT_MibuBalloonWealth","Toy Ornithopter","Lizard Tail","REME_ArchaeologicalTools","AT_TrinityForce","War Paint","aspiration:ChemicalBlood","Lee\u0027s Waffle","AT_SunfireAegis","Ccalipers","AT_EbonyIvory","MagicDraw3"],"acts_visited":["Exordium","TheCity","TheBeyond"],"potions_floor_usage":[37,43,43,52],"damage_taken":[{"damage":0.0,"enemies":"Small Slimes","floor":1.0,"turns":4.0},{"damage":6.0,"enemies":"2 Louse","floor":5.0,"turns":3.0},{"damage":9.0,"enemies":"conspire:MimicChest","floor":9.0,"turns":6.0},{"damage":19.0,"enemies":"The Mushroom Lair","floor":10.0,"turns":3.0},{"damage":0.0,"enemies":"Jaw Worm","floor":13.0,"turns":1.0},{"damage":13.0,"enemies":"3 Louse","floor":15.0,"turns":4.0},{"damage":3.0,"enemies":"The Guardian","floor":18.0,"turns":6.0},{"damage":20.0,"enemies":"Chosen","floor":20.0,"turns":5.0},{"damage":29.0,"enemies":"2 Thieves","floor":21.0,"turns":3.0},{"damage":12.0,"enemies":"Snake Plant","floor":23.0,"turns":4.0},{"damage":2.0,"enemies":"REME_1_Revenger","floor":25.0,"turns":4.0},{"damage":0.0,"enemies":"Sentry and Sphere","floor":27.0,"turns":3.0},{"damage":2.0,"enemies":"Cultist and Chosen","floor":30.0,"turns":3.0},{"damage":20.0,"enemies":"Colosseum Slavers","floor":31.0,"turns":6.0},{"damage":45.0,"enemies":"Colosseum Nobs","floor":31.0,"turns":5.0},{"damage":3.0,"enemies":"Snake Plant","floor":34.0,"turns":4.0},{"damage":36,"enemies":"Automaton","floor":37,"turns":7},{"damage":0,"enemies":"3 Darklings","floor":39,"turns":4},{"damage":10,"enemies":"3 Shapes","floor":41,"turns":3},{"damage":16,"enemies":"Spire Growth","floor":43,"turns":5},{"damage":0,"enemies":"Writhing Mass","floor":45,"turns":2},{"damage":4,"enemies":"Giant Head","floor":52,"turns":4},{"damage":44,"enemies":"Replay:Hell Engine","floor":54,"turns":7}],"seed_played":"-2529769768960819672","potions_obtained":[{"floor":10.0,"key":"SkillPotion"},{"floor":13.0,"key":"BlessingOfTheForge"},{"floor":15.0,"key":"EntropicBrew"},{"floor":18.0,"key":"SteroidPotion"},{"floor":23.0,"key":"Elixir"},{"floor":25.0,"key":"Fire Potion"},{"floor":27.0,"key":"UndeadPotion"},{"floor":30.0,"key":"Languid Potion"},{"floor":39,"key":"CalmPotion"},{"floor":40,"key":"UndeadPotion"},{"floor":40,"key":"Death Potion"},{"floor":41,"key":"FairyPotion"},{"floor":41,"key":"Energy Potion"},{"floor":43,"key":"LiquidMemories"},{"floor":43,"key":"Energy Potion"},{"floor":48,"key":"Regen Potion"}],"is_trial":false,"path_per_floor":["M","$","?","$","M","PTL","PTL","R","?","?","T","R","M","T","M","?","R","B",null,"M","M","?","M","$","E","R","M","T","R","M","?","PTL","PTL","M","?","R","B",null,"M","?","M","$","M","R","M","R","T","?","?","R","$","E","R","B",null],"character_chosen":"CHLOE","items_purchased":["PrismaMod:ChloeCheapAttack+1","ReplayTheSpireMod:CursedCoin","PrismaMod:ChloeCheapAttackTwo","PrismaMod:ChloeRitsuka","PrismaMod:ChloeBetterTracePools","War Paint","aspiration:ChemicalBlood","Lee\u0027s Waffle","AT_EbonyIvory","PrismaMod:ChloeRhongomyniad"],"campfire_rested":0,"item_purchase_floors":[4,24,24,42,42,42,42,42,51,51],"current_hp_per_floor":[75,75,68,68,62,62,62,62,53,34,34,34,34,34,21,21,21,24,75,55,26,26,30,30,28,28,32,32,32,35,6,6,6,24,16,16,32,65,65,65,59,72,66,66,66,66,66,66,66,66,66,72,72,30],"gold":272,"neow_bonus":"ONE_RANDOM_RARE_CARD","is_daily":false,"chose_seed":false,"campfire_upgraded":13,"win_rate":0.0,"timestamp":1609440573,"path_taken":["M","$","?","$","M","PTL","PTL","R","?","?","T","R","M","?","M","?","R","BOSS","M","M","?","M","$","E","R","?","T","R","M","?","PTL","PTL","M","?","R","BOSS","M","?","M","$","M","R","?","R","T","?","?","R","$","E","R","BOSS"],"items_purchased_type":["Card","Relic","Card","Card","Card","Relic","Relic","Relic","Relic","Card"],"build_version":"2020-12-22","purchased_purges":4,"victory":true,"max_hp_per_floor":[75,75,75,75,75,75,75,75,75,75,75,75,75,75,75,75,75,75,75,75,75,75,75,75,75,75,75,75,75,75,65,65,65,65,65,65,65,65,65,65,65,72,72,72,72,72,72,72,72,72,72,72,72,72],"card_choices":[{"not_picked":["PrismaMod:ChloeCheapAttackTwo","PrismaMod:ChloeExcalibur"],"picked":"PrismaMod:ChloeRuleBreaker","floor":1.0},{"not_picked":["PrismaMod:ChloeDemonicTutor","PrismaMod:ChloeChristmas"],"picked":"PrismaMod:ChloeCaladbolg","floor":5.0},{"not_picked":["PrismaMod:ChloeRuleBreaker","PrismaMod:ChloeCheapDefendTwo"],"picked":"PrismaMod:ChloeExcalibur","floor":9.0},{"not_picked":["PrismaMod:ChloeRuleBreaker","PrismaMod:ChloeDiscardRecovery"],"picked":"PrismaMod:ChloeMordred","floor":10.0},{"not_picked":["PrismaMod:ChloeGaeBolg","PrismaMod:ChloeCheapAttack"],"picked":"PrismaMod:ChloeMaid","floor":13.0},{"not_picked":["PrismaMod:ChloeExhaustTwo","PrismaMod:ChloeExhaustOne"],"picked":"PrismaMod:ChloeRitsuka","floor":15.0},{"not_picked":["PrismaMod:ChloeAnyRareTrace","PrismaMod:ChloeExhaustThree"],"picked":"PrismaMod:ChloeDoubleRelicSpeed","floor":18.0},{"not_picked":["Lust_TH","Overencumbered"],"picked":"Guardian:Aged","floor":19.0},{"not_picked":["Lonely","Clumsy"],"picked":"CommonCold","floor":19.0},{"not_picked":["Gluttony_TH","animator:Curse_Dizziness"],"picked":"Voices","floor":19.0},{"not_picked":["PrismaMod:ChloeCheapDefendTwo","PrismaMod:ChloeCheapAttack"],"picked":"PrismaMod:ChloeUncommonAttack","floor":20.0},{"not_picked":["PrismaMod:ChloeCheapAttackTwo","PrismaMod:ChloeEyeOfTheEuryale"],"picked":"PrismaMod:ChloeCaladbolg+1","floor":21.0},{"not_picked":["PrismaMod:ChloeChristmas","PrismaMod:ChloeDemonicTutor"],"picked":"PrismaMod:ChloeExcalibur","floor":23.0},{"not_picked":["PrismaMod:ChloeCommonAOEAttack","PrismaMod:ChloeExhaustOne+1"],"picked":"PrismaMod:ChloeDevil","floor":25.0},{"not_picked":["PrismaMod:ChloeBetterTracePools","PrismaMod:ChloeDoubleRelicSpeed"],"picked":"PrismaMod:ChloeCheapDefend+1","floor":27.0},{"not_picked":["PrismaMod:ChloeDoubleRelicSpeed","PrismaMod:ChloeAnyUncommonTrace"],"picked":"PrismaMod:ChloeExhaustOne+1","floor":30.0},{"not_picked":["PrismaMod:ChloeCheapDefend","PrismaMod:ChloeDiscardRecovery"],"picked":"PrismaMod:ChloeCheapDefendTwo+1","floor":31.0},{"not_picked":["PrismaMod:ChloeDiscardRecovery","PrismaMod:ChloeCommonAOEAttack"],"picked":"PrismaMod:ChloeMordred","floor":34.0},{"not_picked":["PrismaMod:ChloeCheapDefendTwo+1","PrismaMod:ChloeChristmas"],"picked":"PrismaMod:ChloeRitsuka","floor":35},{"not_picked":["PrismaMod:ChloeReshuffleDiscard","PrismaMod:ChloeCarnivalAOEAttack"],"picked":"PrismaMod:ChloeDevil","floor":37},{"not_picked":["PrismaMod:ChloeCheapDefend","PrismaMod:ChloeCheapAttackTwo"],"picked":"PrismaMod:ChloeChristmas","floor":39},{"not_picked":["PrismaMod:ChloeCommonAOEAttack+1","PrismaMod:ChloeDiscardRecovery+1"],"picked":"PrismaMod:ChloeMaid+1","floor":40},{"not_picked":["PrismaMod:ChloeCheapDefendTwo+1","PrismaMod:ChloeUncommonAOEAttack+1"],"picked":"PrismaMod:ChloeMaid","floor":40},{"not_picked":["PrismaMod:ChloeExcalibur+1","PrismaMod:ChloeCheapAttack"],"picked":"PrismaMod:ChloeGaeBolg","floor":40},{"not_picked":["PrismaMod:ChloeUncommonAOEAttack","PrismaMod:ChloeCheapDefendTwo"],"picked":"PrismaMod:ChloeBetterTracePools","floor":41},{"not_picked":["PrismaMod:ChloeCheapAttackTwo","PrismaMod:ChloeCheapDefend","PrismaMod:ChloeCommonAOEAttack"],"picked":"SKIP","floor":43},{"not_picked":["PrismaMod:ChloeCheapAttackTwo","PrismaMod:ChloeCheapAttack"],"picked":"PrismaMod:ChloeMaid","floor":45},{"not_picked":["PrismaMod:ChloeEyeOfTheEuryale","PrismaMod:ChloeCheapDefendTwo+1"],"picked":"PrismaMod:ChloeAnyPowerTrace","floor":48},{"not_picked":["PrismaMod:ChloeDevil","PrismaMod:ChloeExhaustOne"],"picked":"PrismaMod:ChloeDiscardRecovery+1","floor":52}],"player_experience":315660,"relics_obtained":[{"floor":9.0,"key":"aspiration:SeaSaltIceCream"},{"floor":10.0,"key":"Odd Mushroom"},{"floor":11.0,"key":"AT_ImmortalShieldbow"},{"floor":25.0,"key":"AT_MibuBalloonWealth"},{"floor":28.0,"key":"Toy Ornithopter"},{"floor":31.0,"key":"Lizard Tail"},{"floor":31.0,"key":"REME_ArchaeologicalTools"},{"floor":47,"key":"AT_SunfireAegis"},{"floor":48,"key":"Ccalipers"},{"floor":52,"key":"MagicDraw3"}],"event_choices":[{"cards_removed":["PrismaMod:ChloeCommonDefend"],"damage_healed":0.0,"max_hp_gain":0.0,"max_hp_loss":0.0,"gold_gain":0.0,"event_name":"Golden Wing","player_choice":"Card Removal","floor":3.0,"gold_loss":0.0,"damage_taken":7.0},{"damage_healed":0.0,"max_hp_gain":0.0,"max_hp_loss":0.0,"gold_gain":0.0,"event_name":"Mushrooms","player_choice":"Fought Mushrooms","floor":10.0,"gold_loss":0.0,"damage_taken":0.0},{"damage_healed":0.0,"max_hp_gain":0.0,"max_hp_loss":0.0,"gold_gain":0.0,"event_name":"N\u0027loth","player_choice":"Traded Relic","floor":22.0,"relics_lost":["GoodDreamPillow"],"gold_loss":0.0,"damage_taken":0.0,"relics_obtained":["Nloth\u0027s Gift"]},{"damage_healed":0.0,"max_hp_gain":0.0,"max_hp_loss":0.0,"gold_gain":0.0,"event_name":"Colosseum","player_choice":"Fight","floor":31.0,"gold_loss":0.0,"damage_taken":0.0},{"damage_healed":0.0,"max_hp_gain":0.0,"max_hp_loss":0.0,"gold_gain":0.0,"event_name":"Colosseum","player_choice":"Fought Nobs","floor":31.0,"gold_loss":0.0,"damage_taken":0.0},{"damage_healed":0,"gold_gain":0,"player_choice":"Ignored","damage_taken":0,"max_hp_gain":0,"max_hp_loss":0,"event_name":"Tomb of Lord Red Mask","floor":49,"gold_loss":0}],"is_beta":false,"boss_relics":[{"not_picked":["aspiration:DefectSkillbook","Pandora\u0027s Box"],"picked":"Replay:Ancient Bell"},{"not_picked":["Orichalcum","Replay:Rubber Ducky"],"picked":"Replay:Baseball"},{"not_picked":["conspire:DecoderRing","AT_TimeSand"],"picked":"HollowMod:StagPassRelic"},{"not_picked":["PureWhite:ReiMu","AT_Kusabimaru"],"picked":"Replay:Arrowhead"},{"not_picked":["EasyGame_NEW","REME_DuelDisc"],"picked":"AT_TrinityForce"}],"items_purged_floors":[2,24,42,46],"is_endless":false,"potions_floor_spawned":[10,13,15,18,23,25,27,30,39,41,43],"ascension_level":0}}