{"host":"kpyoctgc7jne3jiy","time":1609374998,"event":{"mods":["AchievementEnabler","BaseMod","Minty Spire (QoL Compilation)","Relic Stats"],"gold_per_floor":[112,112,43,64,64,64,405,405,405,420,451,451,469,488,488,617,617,630,83,83,108,124,124,167,167,167,167,183,183,207,221,221,342,342,360,360,385,405,131,131,131],"floor_reached":40,"playtime":2331,"items_purged":["Strike_B"],"score":567,"play_id":"a067fc8b-579c-4b6e-a944-f1321803a5ed","local_time":"20201231013638","is_ascension_mode":true,"campfire_choices":[{"data":"Zap","floor":6,"key":"SMITH"},{"data":"Go for the Eyes","floor":8,"key":"SMITH"},{"data":"Streamline","floor":12,"key":"SMITH"},{"data":"Dualcast","floor":15,"key":"SMITH"},{"data":"Fusion","floor":23,"key":"SMITH"},{"floor":25,"key":"REST"},{"floor":32,"key":"REST"}],"circlet_count":0,"master_deck":["Strike_B","Defend_B","Defend_B","Zap+1","Dualcast+1","Capacitor+1","Blizzard+1","Buffer+1","Ball Lightning+1","Self Repair","Go for the Eyes+1","Conserve Battery","Streamline+1","White Noise","Sweeping Beam","Rainbow","Leap","Fusion+1","Loop","Coolheaded","Defragment","White Noise","Turbo+1","Cold Snap","Buffer","Echo Form","Consume","Zap","Panacea","Steam Power+1","Leap+1","Stack"],"relics":["Astrolabe","Golden Idol","Old Coin","Bronze Scales","Omamori","Runic Pyramid","StoneCalendar","Centennial Puzzle","Toy Ornithopter","White Beast Statue","SlaversCollar","MealTicket"],"acts_visited":["Exordium","TheCity","TheBeyond"],"potions_floor_usage":[18,24,28,31,33,33,37,38,40],"damage_taken":[{"damage":8,"enemies":"2 Louse","floor":1,"turns":4},{"damage":2,"enemies":"Jaw Worm","floor":4,"turns":5},{"damage":0,"enemies":"Lagavulin","floor":7,"turns":6},{"damage":0,"enemies":"Small Slimes","floor":10,"turns":3},{"damage":11,"enemies":"Gremlin Nob","floor":11,"turns":5},{"damage":2,"enemies":"Exordium Wildlife","floor":13,"turns":4},{"damage":9,"enemies":"Red Slaver","floor":14,"turns":5},{"damage":24,"enemies":"Slime Boss","floor":16,"turns":8},{"damage":21,"enemies":"3 Byrds","floor":18,"turns":3},{"damage":14,"enemies":"Spheric Guardian","floor":21,"turns":5},{"damage":0,"enemies":"Snecko","floor":22,"turns":5},{"damage":46,"enemies":"Gremlin Leader","floor":24,"turns":7},{"damage":24,"enemies":"Snake Plant","floor":28,"turns":5},{"damage":6,"enemies":"3 Cultists","floor":30,"turns":5},{"damage":19,"enemies":"Centurion and Healer","floor":31,"turns":7},{"damage":0,"enemies":"Champ","floor":33,"turns":7},{"damage":0,"enemies":"Orb Walker","floor":35,"turns":5},{"damage":30,"enemies":"3 Darklings","floor":37,"turns":6},{"damage":28,"enemies":"Sphere and 2 Shapes","floor":38,"turns":7},{"damage":54,"enemies":"Reptomancer","floor":40,"turns":3}],"seed_played":"-3761774516319832635","potions_obtained":[{"floor":4,"key":"EssenceOfSteel"},{"floor":11,"key":"Ancient Potion"},{"floor":13,"key":"Weak Potion"},{"floor":16,"key":"BlessingOfTheForge"},{"floor":18,"key":"GamblersBrew"},{"floor":28,"key":"FocusPotion"},{"floor":30,"key":"DuplicationPotion"},{"floor":31,"key":"FocusPotion"},{"floor":33,"key":"EssenceOfSteel"},{"floor":35,"key":"Energy Potion"},{"floor":37,"key":"SneckoOil"},{"floor":38,"key":"SkillPotion"}],"is_trial":false,"path_per_floor":["M","?","$","M","?","R","E","R","T","M","E","R","M","M","R","B",null,"M","$","?","M","M","R","E","R","T","?","M","?","M","M","R","B",null,"M","?","M","M","$","E"],"character_chosen":"DEFECT","items_purchased":["Self Repair","Fusion","Loop","StoneCalendar","Centennial Puzzle","MealTicket","Stack"],"campfire_rested":2,"item_purchase_floors":[3,19,19,19,19,39,39],"current_hp_per_floor":[67,49,49,54,54,54,61,61,61,68,64,64,69,67,67,50,75,61,61,61,54,61,61,25,47,47,47,35,35,36,36,58,75,75,75,75,52,36,36,0,0],"gold":131,"neow_bonus":"BOSS_RELIC","is_daily":false,"chose_seed":false,"campfire_upgraded":5,"win_rate":0.0,"timestamp":1609374998,"path_taken":["M","?","$","M","?","R","E","R","T","M","E","R","M","M","R","BOSS","M","$","?","M","M","R","E","R","T","?","?","?","M","M","R","BOSS","M","?","M","M","$","E"],"items_purchased_type":["Card","Card","Card","Relic","Relic","Relic","Card"],"build_version":"2020-12-22","purchased_purges":1,"victory":false,"max_hp_per_floor":[75,75,75,75,75,75,75,75,75,75,75,75,75,75,75,75,75,75,75,75,75,75,75,75,75,75,75,75,75,75,75,75,75,75,75,75,75,75,75,75,75],"relic_stats":{"Centennial Puzzle":[23],"counters":[20,105],"Golden Idol":123,"Astrolabe":["Capacitor","Blizzard","Buffer"],"Bronze Scales":[257],"StoneCalendar":[146],"MealTicket":0,"obtain_stats":[{"Golden Idol":2,"Astrolabe":0,"StoneCalendar":19,"Omamori":11,"White Beast Statue":26,"Old Coin":7,"SlaversCollar":34,"Centennial Puzzle":19,"Bronze Scales":9,"MealTicket":39,"Cracked Core":0,"Toy Ornithopter":24,"Runic Pyramid":17},{"Golden Idol":1,"Astrolabe":0,"StoneCalendar":9,"Omamori":5,"White Beast Statue":12,"Old Coin":3,"SlaversCollar":16,"Centennial Puzzle":9,"Bronze Scales":3,"MealTicket":19,"Cracked Core":0,"Toy Ornithopter":12,"Runic Pyramid":8},{"Golden Idol":4,"Astrolabe":0,"StoneCalendar":43,"Omamori":23,"White Beast Statue":60,"Old Coin":15,"SlaversCollar":84,"Centennial Puzzle":43,"Bronze Scales":15,"MealTicket":102,"Cracked Core":0,"Toy Ornithopter":60,"Runic Pyramid":40}],"Toy Ornithopter":30},"card_choices":[{"not_picked":["Leap","Coolheaded"],"picked":"Ball Lightning","floor":1},{"not_picked":["Compile Driver","Ball Lightning"],"picked":"Go for the Eyes","floor":4},{"not_picked":["Rip and Tear","Ball Lightning"],"picked":"Conserve Battery","floor":7},{"not_picked":["Hologram","Steam"],"picked":"Streamline","floor":10},{"not_picked":["Rebound","Steam"],"picked":"White Noise","floor":11},{"not_picked":["Go for the Eyes","Barrage"],"picked":"Lockon","floor":13},{"not_picked":["Echo Form","Rebound"],"picked":"Sweeping Beam","floor":14},{"not_picked":["Thunder Strike","Biased Cognition"],"picked":"Rainbow","floor":16},{"not_picked":["Rebound+1","White Noise"],"picked":"Leap","floor":18},{"not_picked":["Coolheaded","Conserve Battery","Redo+1"],"picked":"SKIP","floor":21},{"not_picked":["Loop","Coolheaded+1","Barrage"],"picked":"SKIP","floor":22},{"not_picked":["Steam","Coolheaded"],"picked":"Defragment","floor":24},{"not_picked":["Undo","Beam Cell"],"picked":"Turbo+1","floor":28},{"not_picked":["Double Energy+1","Compile Driver"],"picked":"Cold Snap","floor":30},{"not_picked":["Barrage+1","Beam Cell"],"picked":"Buffer","floor":31},{"not_picked":["Amplify","Biased Cognition"],"picked":"Echo Form","floor":33},{"not_picked":["Turbo+1","Streamline+1","Recycle"],"picked":"SKIP","floor":35},{"not_picked":["Melter","Beam Cell"],"picked":"Steam Power+1","floor":37},{"not_picked":["Streamline","Rebound+1"],"picked":"Leap+1","floor":38}],"player_experience":270078,"relics_obtained":[{"floor":7,"key":"Old Coin"},{"floor":9,"key":"Bronze Scales"},{"floor":11,"key":"Omamori"},{"floor":24,"key":"Toy Ornithopter"},{"floor":26,"key":"White Beast Statue"}],"event_choices":[{"damage_healed":0,"gold_gain":0,"player_choice":"Take Damage","damage_taken":18,"relics_obtained":["Golden Idol"],"max_hp_gain":0,"max_hp_loss":0,"event_name":"Golden Idol","floor":2,"gold_loss":0},{"damage_healed":0,"gold_gain":0,"player_choice":"Grow","damage_taken":0,"max_hp_gain":0,"max_hp_loss":0,"event_name":"Living Wall","floor":5,"gold_loss":0,"cards_upgraded":["Ball Lightning"]},{"damage_healed":0,"gold_gain":0,"player_choice":"Read","damage_taken":0,"max_hp_gain":0,"max_hp_loss":0,"event_name":"The Library","floor":20,"gold_loss":0,"cards_obtained":["Coolheaded"]},{"damage_healed":0,"gold_gain":0,"cards_transformed":["Defend_B"],"player_choice":"Transformed","damage_taken":0,"max_hp_gain":0,"max_hp_loss":0,"event_name":"Transmorgrifier","floor":27,"gold_loss":0,"cards_obtained":["White Noise"]},{"cards_removed":["Lockon"],"damage_healed":0,"gold_gain":0,"player_choice":"Purged","damage_taken":0,"max_hp_gain":0,"max_hp_loss":0,"event_name":"Purifier","floor":29,"gold_loss":0},{"damage_healed":0,"gold_gain":0,"player_choice":"3 cards matched","damage_taken":0,"max_hp_gain":0,"max_hp_loss":0,"event_name":"Match and Keep!","floor":36,"gold_loss":0,"cards_obtained":["Consume","Zap","Panacea"]}],"is_beta":false,"boss_relics":[{"not_picked":["Busted Crown","Inserter"],"picked":"Runic Pyramid"},{"not_picked":["Calling Bell","SacredBark"],"picked":"SlaversCollar"}],"items_purged_floors":[39],"is_endless":false,"potions_floor_spawned":[4,11,13,16,18,28,30,31,33,35,37,38],"killed_by":"Reptomancer","ascension_level":3}}