{"host":"i0avyit1s6jb1siw","time":1609455300,"event":{"mods":["BaseMod","DeckTracker","Dota2Spire","Highlight Path","Minty Spire (QoL Compilation)","Quick Restart","Replay The Spire","StSLib","SuperFastMode"],"gold_per_floor":[215,215,185,17,35,35,53,71,71,71,14,29,29,58,58,131,131,148,160,174,174,174],"floor_reached":21,"playtime":472,"items_purged":[],"score":362,"play_id":"b3e4d886-f517-4927-8daf-db5c4574c7f8","local_time":"20201231235500","is_ascension_mode":true,"campfire_choices":[{"data":"Cloak And Dagger","floor":6,"key":"SMITH"},{"data":"Well Laid Plans","floor":10,"key":"SMITH"},{"floor":15,"key":"REST"}],"circlet_count":0,"master_deck":["AscendersBane","Strike_G","Strike_G","Strike_G","Strike_G","Defend_G","Defend_G","Defend_G","Defend_G","Defend_G+1","Survivor","Neutralize","Footwork","Cloak And Dagger+1","Dash","Well Laid Plans+1","Crippling Poison+1","Replay:Poison Smokescreen","Replay:Bag of Tricks","Footwork+1"],"relics":["Ring of the Snake","Chemical X","Dota2Spire:Dagon","Unceasing Top","Ring of Chaos"],"acts_visited":["TheCity"],"potions_floor_usage":[14,15,16,21],"damage_taken":[{"damage":7,"enemies":"Jaw Worm","floor":1,"turns":5},{"damage":0,"enemies":"2 Louse","floor":5,"turns":3},{"damage":1,"enemies":"Cultist","floor":7,"turns":5},{"damage":4,"enemies":"Blue Slaver","floor":8,"turns":5},{"damage":0,"enemies":"2 Fungi Beasts","floor":12,"turns":3},{"damage":38,"enemies":"Gremlin Nob","floor":14,"turns":6},{"damage":23,"enemies":"Hexaghost","floor":16,"turns":11},{"damage":5,"enemies":"Chosen","floor":18,"turns":5},{"damage":0,"enemies":"3 Byrds","floor":19,"turns":4},{"damage":38,"enemies":"Snake Plant","floor":20,"turns":5},{"damage":20,"enemies":"Cultist and Chosen","floor":21,"turns":3}],"seed_played":"6424489916293736505","potions_obtained":[{"floor":1,"key":"EssenceOfSteel"},{"floor":3,"key":"Doom Potion"},{"floor":3,"key":"Fruit Juice"},{"floor":14,"key":"Flashbang"},{"floor":16,"key":"Fruit Juice"}],"is_trial":false,"path_per_floor":["M","?","?","$","M","R","M","M","T","R","$","M","?","E","R","B",null,"M","M","M","M"],"character_chosen":"THE_SILENT","items_purchased":["Chemical X","Crippling Poison+1"],"campfire_rested":1,"item_purchase_floors":[4,11],"current_hp_per_floor":[52,52,52,52,52,52,51,47,47,47,47,47,40,2,28,5,55,50,50,12,0,0],"gold":174,"neow_bonus":"HUNDRED_GOLD","is_daily":false,"chose_seed":false,"campfire_upgraded":2,"win_rate":0.0,"timestamp":1609455300,"path_taken":["M","?","?","$","M","R","?","M","T","R","$","M","?","E","R","BOSS","M","M","M","M"],"items_purchased_type":["Relic","Card"],"build_version":"2020-12-22","purchased_purges":0,"victory":false,"max_hp_per_floor":[66,66,66,66,66,66,66,66,66,66,66,66,66,66,71,71,71,71,71,71,76,76],"card_choices":[{"not_picked":["Infinite Blades","Hidden Blade"],"picked":"Footwork","floor":1},{"not_picked":["Accuracy","Sucker Punch"],"picked":"Cloak And Dagger","floor":5},{"not_picked":["Concentrate","Calculated Gamble"],"picked":"Dash","floor":7},{"not_picked":["Dash","Hidden Blade"],"picked":"Well Laid Plans","floor":8},{"not_picked":["Sucker Punch","Dash"],"picked":"Replay:Poison Smokescreen","floor":12},{"not_picked":["Footwork","Reflex","Cloak And Dagger"],"picked":"SKIP","floor":14},{"not_picked":["Wraith Form v2","Envenom"],"picked":"Replay:Bag of Tricks","floor":16},{"not_picked":["Terror","Blur","Toxin Wave"],"picked":"SKIP","floor":18},{"not_picked":["Hidden Blade","Dodge and Roll","Well Laid Plans"],"picked":"SKIP","floor":19},{"not_picked":["Finisher","Underhanded Strike"],"picked":"Footwork+1","floor":20}],"player_experience":2150368,"relics_obtained":[{"floor":9,"key":"Dota2Spire:Dagon"},{"floor":14,"key":"Unceasing Top"}],"event_choices":[{"damage_healed":0,"gold_gain":0,"player_choice":"Bought 2 Potions","damage_taken":0,"max_hp_gain":0,"max_hp_loss":0,"event_name":"The Woman in Blue","floor":3,"gold_loss":0},{"cards_removed":["Strike_G"],"damage_healed":0,"gold_gain":0,"player_choice":"Card Removal","damage_taken":7,"max_hp_gain":0,"max_hp_loss":0,"event_name":"Golden Wing","floor":13,"gold_loss":0}],"is_beta":false,"boss_relics":[{"not_picked":["Runic Dome","Snecko Scales"],"picked":"Ring of Chaos"}],"items_purged_floors":[],"is_endless":false,"potions_floor_spawned":[1,14,16],"killed_by":"Cultist and Chosen","ascension_level":20}}