{"host":"g1wmg2w41xhsnw8g","time":1609389699,"event":{"mods":["2.2 Compatiblity","Act Like it!","Aspiration","Bard","BaseMod","Better Altar","Better Match","Better Note","Better Sensory Stone","Better Skull","Better Third Choice","BetterRewards","Booster Modes","CapriCore","CatGirl Mod","Colored Map","Colored Powertips","Curses Come First","Defuse TimeMaze Blight","Displayed Cursed Tome","Evolution","Friendly Minions","GifTheSpireLib","Googly Eyes","Infinite Spire","Minty Spire (QoL Compilation)","Red Circlet Mod","Relic Sorter","SCP261 Mod","Shop Mod","Spicy Shops","StSLib","The Sage","Transform Curses","Wandering Minibosses","????"],"gold_per_floor":[119,139,139,155,169,198,218,218,241,241,221,66,99,99,99,196,196,216,216,235,235,235,235],"floor_reached":22,"playtime":1124,"items_purged":[],"score":204,"play_id":"ba339511-949b-494a-b442-af60b6955914","local_time":"20201230234139","is_ascension_mode":true,"campfire_choices":[{"data":"Consecrate","floor":8,"key":"SMITH"},{"floor":10,"key":"REST"},{"data":"SandsOfTime","floor":15,"key":"SMITH"}],"circlet_count":0,"master_deck":["theCatGirl:Strike","theCatGirl:Strike","theCatGirl:Strike","theCatGirl:Strike","theCatGirl:Defend","theCatGirl:Defend","theCatGirl:Defend","theCatGirl:ClawStrike","theCatGirl:Evasion","Consecrate+1","theCatGirl:SpinningStrike","Judgement","SandsOfTime+1","theCatGirl:SpinningStrike","FearNoEvil","theCatGirl:BloodyClaws+1","Devotion","CarveReality+1"],"relics":["EVO:Axolotl","aspiration:WatcherSkillbook","aspiration:FetidBarrel","Regal Pillow","Lee\u0027s Waffle","infinitespire:Beetle Shell","Black Star"],"acts_visited":["Exordium","TheCity"],"potions_floor_usage":[5,7,13,16,18,22],"damage_taken":[{"damage":1,"enemies":"Small Slimes","floor":1,"turns":5},{"damage":0,"enemies":"Cultist","floor":2,"turns":4},{"damage":7,"enemies":"Jaw Worm","floor":4,"turns":5},{"damage":17,"enemies":"Exordium Wildlife","floor":5,"turns":5},{"damage":13,"enemies":"3 Sentries","floor":6,"turns":5},{"damage":14,"enemies":"Red Slaver","floor":7,"turns":4},{"damage":6,"enemies":"Gremlin Nob","floor":13,"turns":3},{"damage":43,"enemies":"Slime Boss","floor":16,"turns":9},{"damage":64,"enemies":"2 Thieves","floor":18,"turns":5},{"damage":28,"enemies":"3 Byrds","floor":20,"turns":5},{"damage":30,"enemies":"Shelled Parasite and Fungi","floor":22,"turns":2}],"seed_played":"-7834457175284719647","potions_obtained":[{"floor":4,"key":"PowerPotion"},{"floor":5,"key":"FearPotion"},{"floor":6,"key":"SkillPotion"},{"floor":11,"key":"BlessingOfTheForge"},{"floor":13,"key":"SkillPotion"},{"floor":16,"key":"DuplicationPotion"},{"floor":20,"key":"SmokeBomb"}],"is_trial":false,"path_per_floor":["M","M","?","M","M","E","M","R","T","R","?","$","E","$","R","B",null,"M","?","M","?","M"],"character_chosen":"THE_CATGIRL","items_purchased":["Lee\u0027s Waffle"],"campfire_rested":1,"item_purchase_floors":[12],"current_hp_per_floor":[69,69,69,62,45,32,18,18,18,54,54,77,71,71,71,28,77,37,37,15,15,0,0],"gold":235,"neow_bonus":"BOSS_RELIC","is_daily":false,"chose_seed":false,"campfire_upgraded":2,"win_rate":0.0,"timestamp":1609389699,"path_taken":["M","M","?","?","M","E","M","R","T","R","?","?","E","?","R","BOSS","M","?","M","?","M"],"items_purchased_type":["Relic"],"build_version":"2020-12-22","purchased_purges":0,"victory":false,"max_hp_per_floor":[70,70,70,70,70,70,70,70,70,70,70,77,77,77,77,77,77,77,77,77,77,77,77],"card_choices":[{"not_picked":["theCatGirl:TripLunge","theCatGirl:ChangeOfPlans","ForeignInfluence"],"picked":"Consecrate","floor":1},{"not_picked":["theCatGirl:PlayAround","JustLucky","theCatGirl:RecoveryBlow","theCatGirl:ClawScratch"],"picked":"SKIP","floor":2},{"not_picked":["WheelKick","theCatGirl:ShockedWitness","BowlingBash"],"picked":"theCatGirl:SpinningStrike","floor":4},{"not_picked":["ClearTheMind","theCatGirl:SpinningStrike","ThirdEye"],"picked":"Judgement","floor":5},{"not_picked":["InnerPeace","CarveReality","theCatGirl:LearnByMistake"],"picked":"SandsOfTime","floor":6},{"not_picked":["Vengeance","LikeWater","BattleHymn"],"picked":"theCatGirl:SpinningStrike","floor":7},{"not_picked":["theCatGirl:FocusedStrike","SignatureMove","Fasting2"],"picked":"FearNoEvil","floor":13},{"not_picked":["theCatGirl:Beastification","Vault","ConjureBlade"],"picked":"theCatGirl:BloodyClaws","floor":16},{"not_picked":["theCatGirl:LostTrinket","Consecrate+1","theCatGirl:SpinningStrike","Wireheading+1"],"picked":"SKIP","floor":18},{"not_picked":["EmptyFist","Fasting2","BowlingBash+1"],"picked":"CarveReality+1","floor":20}],"player_experience":1102068,"relics_obtained":[{"floor":6,"key":"aspiration:FetidBarrel"},{"floor":9,"key":"Regal Pillow"},{"floor":13,"key":"infinitespire:Beetle Shell"}],"event_choices":[{"cards_removed":["theCatGirl:Defend"],"damage_healed":0,"gold_gain":0,"player_choice":"Purged","damage_taken":0,"max_hp_gain":0,"max_hp_loss":0,"event_name":"Purifier","floor":3,"gold_loss":0},{"damage_healed":0,"gold_gain":0,"player_choice":"Bought 1 Potion","damage_taken":0,"max_hp_gain":0,"max_hp_loss":0,"event_name":"The Woman in Blue","floor":11,"gold_loss":0},{"cards_removed":["theCatGirl:BloodyClaws"],"damage_healed":0,"gold_gain":0,"player_choice":"Take \u0026 Give","damage_taken":0,"max_hp_gain":0,"max_hp_loss":0,"event_name":"betterNote:BetterNote","floor":19,"gold_loss":0,"cards_obtained":["Devotion"]},{"damage_healed":0,"gold_gain":0,"player_choice":"Upgraded","damage_taken":0,"max_hp_gain":0,"max_hp_loss":0,"event_name":"Upgrade Shrine","floor":21,"gold_loss":0,"cards_upgraded":["theCatGirl:BloodyClaws"]}],"is_beta":false,"boss_relics":[{"not_picked":["Runic Pyramid","Busted Crown"],"picked":"Black Star"}],"items_purged_floors":[],"is_endless":false,"potions_floor_spawned":[4,5,6,13,16,20],"killed_by":"Shelled Parasite and Fungi","ascension_level":1}}