{"host":"5jn3rki867005t18","time":1609389586,"event":{"mods":["AchievementEnabler","BaseMod","Colored Map","DeckTracker","Highlight Path","Minty Spire (QoL Compilation)","Permanent Neow","Quick Restart","StSLib","SuperFastMode"],"gold_per_floor":[118,138,152,152,227,227,255,255,255,430,448,466,496,161,161,262,262,278,253,153,153,153,179,179,197,197,197,197],"floor_reached":27,"playtime":971,"items_purged":["Strike_R","Clash"],"score":253,"play_id":"db59cb41-4fd4-4a83-aa96-f6bbfc737d04","local_time":"20201231133946","is_ascension_mode":true,"campfire_choices":[{"data":"Body Slam","floor":6.0,"key":"SMITH"},{"floor":8.0,"key":"REST"},{"floor":15.0,"key":"REST"},{"floor":24,"key":"REST"}],"circlet_count":0,"master_deck":["Strike_R","Strike_R","Defend_R","Defend_R","Defend_R","Defend_R","Bash","Clothesline","Body Slam+1","Power Through","Fire Breathing","Flame Barrier","Juggernaut","True Grit","Inflame","Dual Wield","Finesse","Flame Barrier"],"relics":["Burning Blood","White Beast Statue","Art of War","Sundial","Vajra","Matryoshka","Empty Cage","Orichalcum","Bottled Tornado"],"acts_visited":["Exordium","TheCity"],"potions_floor_usage":[23],"damage_taken":[{"damage":10.0,"enemies":"Jaw Worm","floor":1.0,"turns":5.0},{"damage":5.0,"enemies":"Small Slimes","floor":2.0,"turns":4.0},{"damage":9.0,"enemies":"2 Louse","floor":3.0,"turns":3.0},{"damage":44.0,"enemies":"3 Sentries","floor":7.0,"turns":11.0},{"damage":5.0,"enemies":"Blue Slaver","floor":11.0,"turns":4.0},{"damage":3.0,"enemies":"2 Fungi Beasts","floor":12.0,"turns":4.0},{"damage":29.0,"enemies":"Lagavulin","floor":13.0,"turns":6.0},{"damage":47.0,"enemies":"The Guardian","floor":16.0,"turns":12.0},{"damage":15.0,"enemies":"Shell Parasite","floor":18.0,"turns":6.0},{"damage":23.0,"enemies":"2 Thieves","floor":19.0,"turns":5.0},{"damage":74,"enemies":"Book of Stabbing","floor":23,"turns":9},{"damage":28,"enemies":"Snake Plant","floor":25,"turns":5},{"damage":12,"enemies":"Centurion and Healer","floor":27,"turns":7}],"seed_played":"-1865960914109083161","potions_obtained":[{"floor":3.0,"key":"SpeedPotion"},{"floor":7.0,"key":"Energy Potion"},{"floor":11.0,"key":"GamblersBrew"},{"floor":12.0,"key":"Dexterity Potion"},{"floor":13.0,"key":"LiquidMemories"},{"floor":16.0,"key":"SteroidPotion"},{"floor":18.0,"key":"FairyPotion"},{"floor":19.0,"key":"Strength Potion"},{"floor":23,"key":"GamblersBrew"},{"floor":25,"key":"DistilledChaos"}],"is_trial":false,"path_per_floor":["M","M","M","?","?","R","E","R","T","?","M","M","E","$","R","B",null,"M","M","$","?","?","E","R","M","T","M"],"character_chosen":"IRONCLAD","items_purchased":["Matryoshka"],"campfire_rested":3,"item_purchase_floors":[14],"current_hp_per_floor":[84,85,82,75,64,64,26,52,52,52,53,56,33,33,59,18,88,79,62,62,62,50,10,36,14,14,2,2],"gold":197,"neow_bonus":"TEN_PERCENT_HP_BONUS","is_daily":false,"chose_seed":false,"campfire_upgraded":1,"win_rate":0.0,"timestamp":1609389586,"path_taken":["M","M","M","?","?","R","E","R","T","?","M","M","E","?","R","BOSS","M","M","$","?","?","E","R","M","T","M"],"items_purchased_type":["Relic"],"build_version":"2020-12-22","purchased_purges":2,"victory":false,"max_hp_per_floor":[88,88,88,88,88,88,88,88,88,88,88,88,88,88,88,88,88,88,88,88,88,88,88,88,88,88,88,88],"card_choices":[{"not_picked":["Disarm","Perfected Strike"],"picked":"Clothesline","floor":1.0},{"not_picked":["Entrench","Ghostly Armor"],"picked":"Body Slam","floor":2.0},{"not_picked":["Anger","Whirlwind"],"picked":"Power Through","floor":3.0},{"not_picked":["Armaments","Clothesline"],"picked":"Fire Breathing","floor":7.0},{"not_picked":["Burning Pact","Clash"],"picked":"Flame Barrier","floor":11.0},{"not_picked":["Seeing Red","Pummel"],"picked":"Clash","floor":12.0},{"not_picked":["Shrug It Off","Pommel Strike"],"picked":"Demon Form","floor":13.0},{"not_picked":["Fiend Fire","Corruption"],"picked":"Juggernaut","floor":16.0},{"not_picked":["Havoc","Warcry","Anger"],"picked":"SKIP","floor":18.0},{"not_picked":["Searing Blow","Cleave"],"picked":"True Grit","floor":19.0},{"not_picked":["Dark Embrace","Brutality"],"picked":"Flame Barrier","floor":23},{"not_picked":["Wild Strike+1","Thunderclap","Uppercut+1"],"picked":"SKIP","floor":25}],"player_experience":149064,"relics_obtained":[{"floor":7.0,"key":"Art of War"},{"floor":9.0,"key":"Sundial"},{"floor":13.0,"key":"Vajra"},{"floor":23,"key":"Orichalcum"},{"floor":26,"key":"Bottled Tornado"}],"event_choices":[{"damage_healed":0.0,"max_hp_gain":0.0,"max_hp_loss":0.0,"gold_gain":0.0,"event_name":"Scrap Ooze","player_choice":"Success","floor":4.0,"gold_loss":0.0,"damage_taken":7.0,"relics_obtained":["White Beast Statue"]},{"damage_healed":0.0,"max_hp_gain":0.0,"max_hp_loss":0.0,"gold_gain":75.0,"event_name":"World of Goop","player_choice":"Gather Gold","floor":5.0,"gold_loss":0.0,"damage_taken":11.0},{"damage_healed":0.0,"max_hp_gain":0.0,"max_hp_loss":0.0,"gold_gain":175.0,"event_name":"Liars Game","player_choice":"AGREE","floor":10.0,"gold_loss":0.0,"damage_taken":0.0,"cards_obtained":["Doubt"]},{"damage_healed":0,"gold_gain":0,"cards_transformed":["Demon Form","Strike_R"],"player_choice":"Became Test Subject","damage_taken":0,"max_hp_gain":0,"max_hp_loss":0,"event_name":"Drug Dealer","floor":21,"gold_loss":0,"cards_obtained":["Inflame","Dual Wield"]},{"damage_healed":0,"gold_gain":0,"player_choice":"CARD ","damage_taken":12,"max_hp_gain":0,"max_hp_loss":0,"event_name":"Knowing Skull","floor":22,"potions_obtained":[],"gold_loss":0,"cards_obtained":["Finesse"]}],"is_beta":false,"boss_relics":[{"not_picked":["Pandora\u0027s Box","Calling Bell"],"picked":"Empty Cage"}],"items_purged_floors":[14,20],"is_endless":false,"potions_floor_spawned":[3,7,11,12,13,16,18,19,23,25],"killed_by":"Centurion and Healer","ascension_level":1}}