{"host":"wvaiab5ya9pyia0u","time":1609436517,"event":{"mods":["2.2 Compatiblity","Act Like it!","Aspiration","Bard","BaseMod","Bestiary","BetterRewards","Challenge The Spire","Colored Powertips","Conspire","Custom Start","DeckTracker","Hermit","Highlight Path","Hubris","Humility","Infinite Spire","Lobotomy","Mimic Mod","Minty Spire (QoL Compilation)","Pale of the Ancients","Practice Mode","Quarter Circle Forward PUNCH!","Quick Restart","Rare Cards Sparkle","Replay The Spire","Reworked Bosses","SacredBarkPlus","Shop Mod","Spicy Shops","StSLib","The Blue Laboratory","The Construct","The Cursed","The Disciple","The Factory","The Hierophant","The Jungle","The Marked","The Mystic","The Runesmith","The Servant 0.9.4","TheBandit","Thieving Mod","Wandering Minibosses","everything is the same but u backflip on backflip","slay the spire mod where everything is the same but ironclad has a cowboy hat"],"gold_per_floor":[115,134,151,151,151,181,181,181,181,193,209,222,222,236,236,338,338,355,370,50,62,62,62,62,72,106,7,40,40,40],"floor_reached":29,"playtime":2630,"items_purged":["theMarked:Strike"],"score":272,"play_id":"90fcf334-ba14-4553-8a6b-2df96b2e29e6","local_time":"20201231184157","is_ascension_mode":false,"campfire_choices":[{"floor":8.0,"key":"REST"},{"floor":15,"key":"REST"},{"data":"theMarked:MagicAdept","floor":23,"key":"SMITH"}],"circlet_count":0,"master_deck":["theMarked:Strike+1","theMarked:Defend+1","theMarked:Defend+1","theMarked:Defend+1","theMarked:SoldierOfQuellstein","Bloodbath","theMarked:EnhancedHearing","BeautyBeast","theMarked:RepellingDischarge","LittleHelper","theMarked:PowerFlow","Predator","Backstab","Eviscerate","theMarked:Improvise","VoidDream","theMarked:EnhancedHearing+1","theMarked:HeightenedSenses","theMarked:Static","Parasite","theMarked:ChainLightning","LongBird","theMarked:MagicAdept+1","FairyFestival","theMarked:HeritageOfTheMarked+1","MHz","theMarked:Opportunist","PanicButton","QueenBee","theMarked:BanishingStrike+1","theMarked:SwordAndMagic","DreamingCurrent","theMarked:RepellingDischarge+1","theMarked:EnhancedHearing+1","theMarked:Improvise","Freischutz","theMarked:Levitate"],"relics":["theMarked:ArtifactOfAir","CogitoBucket","hubris:Icosahedron","Bottled Lightning","hubris:BundleOfHerbs","AdjustmentMirror","Honey Jar","ResearcherNote","Lee\u0027s Waffle","Garlic","infinitespire:Broken Mirror"],"acts_visited":["Exordium","TheCity"],"potions_floor_usage":[16,18,25],"damage_taken":[{"damage":2.0,"enemies":"Small Slimes","floor":1.0,"turns":3.0},{"damage":0.0,"enemies":"Jaw Worm","floor":2.0,"turns":6.0},{"damage":2.0,"enemies":"2 Louse","floor":3.0,"turns":4.0},{"damage":41.0,"enemies":"Lagavulin","floor":6.0,"turns":11.0},{"damage":0.0,"enemies":"2 Fungi Beasts","floor":10.0,"turns":3.0},{"damage":21.0,"enemies":"Looter","floor":11.0,"turns":4.0},{"damage":8,"enemies":"Gremlin Gang","floor":12,"turns":9},{"damage":0,"enemies":"2 Fungi Beasts","floor":14,"turns":4},{"damage":18,"enemies":"The Guardian","floor":16,"turns":5},{"damage":25,"enemies":"Chosen","floor":18,"turns":5},{"damage":68,"enemies":"Spheric Guardian","floor":19,"turns":7},{"damage":14,"enemies":"conspire:HollyBat","floor":21,"turns":8},{"damage":42,"enemies":"Shelled Parasite and Fungi","floor":25,"turns":4},{"damage":7,"enemies":"Sentry and Sphere","floor":26,"turns":5},{"damage":1,"enemies":"Replay:Snechameleon","floor":28,"turns":8},{"damage":56,"enemies":"Sentry and Sphere","floor":29,"turns":12}],"seed_played":"4743381999349930191","potions_obtained":[{"floor":1.0,"key":"Weak Potion"},{"floor":10.0,"key":"blueLaboratory:BottleOfVodka"},{"floor":11.0,"key":"Energy Potion"},{"floor":18,"key":"blueLaboratory:SavagePotion"},{"floor":28,"key":"blueLaboratory:EnragingPotion"}],"is_trial":false,"path_per_floor":["M","M","M","?","?","E","?","R","T","M","M","M","?","M","R","B",null,"M","M","$","M","?","R","?","M","MIM","$","E","M"],"character_chosen":"THE_DEFAULT","items_purchased":["Lee\u0027s Waffle","PanicButton","theMarked:EnhancedHearing+1","theMarked:Improvise"],"campfire_rested":2,"item_purchase_floors":[20,20,27,27],"current_hp_per_floor":[68,69,68,68,68,31,31,52,52,58,38,34,51,51,70,5,70,46,5,77,63,63,63,63,27,28,28,72,66,66],"gold":40,"neow_bonus":"","is_daily":false,"chose_seed":false,"campfire_upgraded":1,"win_rate":0.0,"timestamp":1609436517,"path_taken":["M","M","M","?","?","E","?","R","T","M","M","M","?","M","R","BOSS","M","M","$","M","?","R","?","?","MIM","?","E","M"],"items_purchased_type":["Relic","Card","Card","Card"],"build_version":"2020-12-22","purchased_purges":1,"victory":false,"max_hp_per_floor":[70,70,70,70,70,70,70,70,70,70,70,70,70,70,70,70,70,70,70,77,77,77,77,77,77,77,77,77,77,77],"card_choices":[{"not_picked":["SpiderBud","Alriune"],"picked":"Bloodbath","floor":1.0},{"not_picked":["theMarked:Static","theMarked:ResourceFulStrike"],"picked":"theMarked:EnhancedHearing","floor":1.0},{"not_picked":["Variant","HeroicMonk"],"picked":"BeautyBeast","floor":2.0},{"not_picked":["theMarked:LightningStrikesTwice","theMarked:Generate"],"picked":"theMarked:RepellingDischarge","floor":2.0},{"not_picked":["ShyLook","DespairKnight"],"picked":"LittleHelper","floor":3.0},{"not_picked":["theMarked:Seal","theMarked:EmpowerWeapon"],"picked":"theMarked:PowerFlow","floor":3.0},{"not_picked":["theMarked:WastefulDefense","theMarked:TwofoldDefense"],"picked":"theMarked:Improvise","floor":6.0},{"not_picked":["CherryBlossoms","FairyFestival"],"picked":"VoidDream","floor":10.0},{"not_picked":["theMarked:Aftermath","theMarked:WardOff"],"picked":"theMarked:EnhancedHearing","floor":10.0},{"not_picked":["theMarked:TakeCover","theMarked:WardOff"],"picked":"theMarked:HeightenedSenses","floor":11.0},{"not_picked":["UniverseFragment","Murderer"],"picked":"Yin","floor":12},{"not_picked":["theMarked:Frustration","theMarked:HeightenedSenses"],"picked":"theMarked:Static","floor":12},{"not_picked":["theMarked:Electrify","theMarked:WastefulAttack"],"picked":"theMarked:ChainLightning","floor":14},{"not_picked":["UniverseFragment","PunishingBird"],"picked":"LongBird","floor":16},{"not_picked":["theMarked:Defy","theMarked:FavorableWinds"],"picked":"theMarked:MagicAdept","floor":16},{"not_picked":["LaLuna","Wellcheers"],"picked":"FairyFestival","floor":18},{"not_picked":["theMarked:MaelstromOfLightning","theMarked:WastefulDefense+1","theMarked:ResourceFulStrike"],"picked":"theMarked:HeritageOfTheMarked+1","floor":18},{"not_picked":["OSAHOGD","Scarecrow"],"picked":"MHz","floor":19},{"not_picked":["theMarked:Panic","theMarked:Parkour","theMarked:Convert"],"picked":"theMarked:Opportunist","floor":19},{"not_picked":["Murderer","OldLady"],"picked":"QueenBee","floor":21},{"not_picked":["theMarked:ResourceFulStrike","theMarked:Polarize+1","theMarked:Electrocute"],"picked":"theMarked:BanishingStrike+1","floor":21},{"not_picked":["theMarked:Improvise","theMarked:HeightenedSenses","theMarked:TwofoldDefense"],"picked":"theMarked:SwordAndMagic","floor":25},{"not_picked":["GreedKing","Scorched"],"picked":"DreamingCurrent","floor":26},{"not_picked":["theMarked:ShockingTouch","theMarked:ChainLightning","theMarked:Frustration"],"picked":"theMarked:RepellingDischarge+1","floor":26},{"not_picked":["Wellcheers","BigBadWolf"],"picked":"Freischutz","floor":28},{"not_picked":["theMarked:TwofoldDefense","theMarked:TakeCover","theMarked:ResourceFulStrike"],"picked":"theMarked:Levitate","floor":28}],"player_experience":219165,"relics_obtained":[{"floor":6.0,"key":"Bottled Lightning"},{"floor":9.0,"key":"hubris:BundleOfHerbs"},{"floor":26,"key":"Garlic"},{"floor":28,"key":"infinitespire:Broken Mirror"}],"event_choices":[{"damage_healed":17,"gold_gain":0,"player_choice":"Healed and dodged fight","damage_taken":0,"max_hp_gain":0,"max_hp_loss":0,"event_name":"Mushrooms","floor":13,"gold_loss":0,"cards_obtained":["Parasite"]},{"damage_healed":0,"gold_gain":0,"player_choice":"Simplicity","damage_taken":0,"max_hp_gain":0,"max_hp_loss":0,"event_name":"Back to Basics","floor":22,"gold_loss":0,"cards_upgraded":["theMarked:Strike","theMarked:Defend","theMarked:Defend"]},{"damage_healed":0,"gold_gain":0,"player_choice":"Upgraded","damage_taken":0,"max_hp_gain":0,"max_hp_loss":0,"event_name":"Upgrade Shrine","floor":24,"gold_loss":0,"cards_upgraded":["theMarked:EnhancedHearing"]}],"is_beta":false,"boss_relics":[{"not_picked":["qcfpunch:Dark_Gi","Runesmith:UraniumAnvil"],"picked":"Honey Jar"}],"items_purged_floors":[20],"is_endless":false,"potions_floor_spawned":[1,10,11,14,18,28],"killed_by":"Sentry and Sphere","ascension_level":0}}