{"host":"pzqkpx9vzgz8he4w","time":1609388600,"event":{"mods":["2.2 Compatiblity","BaseMod","Better Third Choice","Better Vampires","DeckTracker","Gold Saver","Googly Eyes","Kratos Character Expansion","Minty Spire (QoL Compilation)","StSLib"],"gold_per_floor":[616,629,704,720,13,13,13,13,13,13,33,49,49,79,79,184,184,165,165,165,176,191,191,191,191,215,225,150,162,217,236,236,332,332,348,348,361,379,398,428,428,454,454,29,44,44,54,70,70,70],"floor_reached":51,"playtime":4636,"items_purged":["KratosMod:Defend_K"],"score":781,"play_id":"8b4739f9-cd3e-45c9-bf6a-1426310825d4","local_time":"20201230232320","is_ascension_mode":false,"campfire_choices":[{"data":"KratosMod:conjuresoul","floor":6,"key":"SMITH"},{"data":"KratosMod:clawsofhades","floor":10,"key":"SMITH"},{"data":"KratosMod:Defend_K","floor":13,"key":"PURGE"},{"data":"KratosMod:Strike_K","floor":15,"key":"PURGE"},{"data":"KratosMod:clawsofhades","floor":23,"key":"SMITH"},{"data":"KratosMod:Defend_K","floor":25,"key":"PURGE"},{"data":"KratosMod:Strike_K","floor":32,"key":"PURGE"},{"data":"KratosMod:Defend_K","floor":41,"key":"PURGE"},{"data":"KratosMod:tartarusrage","floor":46,"key":"SMITH"},{"data":"KratosMod:BladeWhip","floor":49,"key":"SMITH"}],"circlet_count":0,"master_deck":["KratosMod:cyclone","KratosMod:AthenaBane","KratosMod:rattle","KratosMod:conjuresoul+1","KratosMod:clawsofhades+1","KratosMod:Endure","KratosMod:rattle+1","KratosMod:Tempor","Flash of Steel","KratosMod:Endure","KratosMod:BladeWhip","KratosMod:SmashStone","KratosMod:Revenge","KratosMod:BladeWhip+1","Ghostly","Ghostly","Ghostly","Ghostly","Ghostly","KratosMod:ShieldBash","KratosMod:clawsofhades+1","J.A.X.","KratosMod:clawsofhades+1","KratosMod:BladeWhip+1","KratosMod:ShieldBash+1","KratosMod:Revenge","KratosMod:Endure+1","KratosMod:SmashStone","KratosMod:ShieldBash+1","KratosMod:tartarusrage+1","KratosMod:clawsofhades","KratosMod:clawsofhades","KratosMod:BladeWhip+1","KratosMod:BladeWhip+1","KratosMod:ShieldBash","KratosMod:Tempor"],"relics":["KratosMod:eagle","HandDrill","Frozen Egg 2","Peace Pipe","Meat on the Bone","Gambling Chip","Coffee Dripper","Enchiridion","Happy Flower","Nunchaku","Velvet Choker","Vajra","Bag of Preparation","Omamori","Blue Candle"],"acts_visited":["Exordium","TheCity","TheBeyond"],"potions_floor_usage":[12,18,21,27,33,35,48,50],"damage_taken":[{"damage":1,"enemies":"2 Louse","floor":1,"turns":4},{"damage":0,"enemies":"Small Slimes","floor":2,"turns":3},{"damage":1,"enemies":"Jaw Worm","floor":4,"turns":4},{"damage":15,"enemies":"Blue Slaver","floor":11,"turns":6},{"damage":0,"enemies":"Large Slime","floor":12,"turns":4},{"damage":41,"enemies":"3 Sentries","floor":14,"turns":8},{"damage":51,"enemies":"Hexaghost","floor":16,"turns":13},{"damage":18,"enemies":"2 Thieves","floor":18,"turns":4},{"damage":0,"enemies":"3 Byrds","floor":21,"turns":6},{"damage":11,"enemies":"Snecko","floor":22,"turns":9},{"damage":8,"enemies":"Snake Plant","floor":27,"turns":4},{"damage":18,"enemies":"Centurion and Healer","floor":29,"turns":7},{"damage":13,"enemies":"Cultist and Chosen","floor":31,"turns":7},{"damage":11,"enemies":"Automaton","floor":33,"turns":7},{"damage":4,"enemies":"3 Darklings","floor":35,"turns":3},{"damage":6,"enemies":"3 Shapes","floor":37,"turns":3},{"damage":9,"enemies":"Writhing Mass","floor":38,"turns":5},{"damage":11,"enemies":"Jaw Worm Horde","floor":39,"turns":5},{"damage":9,"enemies":"Giant Head","floor":40,"turns":5},{"damage":2,"enemies":"Transient","floor":45,"turns":4},{"damage":1,"enemies":"3 Darklings","floor":47,"turns":2},{"damage":4,"enemies":"Spire Growth","floor":48,"turns":2},{"damage":4,"enemies":"Donu and Deca","floor":50,"turns":5}],"seed_played":"3048590395104778410","potions_obtained":[{"floor":1,"key":"Explosive Potion"},{"floor":11,"key":"BlessingOfTheForge"},{"floor":14,"key":"Swift Potion"},{"floor":16,"key":"Explosive Potion"},{"floor":18,"key":"EssenceOfSteel"},{"floor":22,"key":"EssenceOfSteel"},{"floor":29,"key":"SmokeBomb"},{"floor":39,"key":"Block Potion"},{"floor":40,"key":"Explosive Potion"},{"floor":48,"key":"Swift Potion"}],"is_trial":false,"path_per_floor":["M","M","?","M","$","R","?","?","T","R","M","M","R","E","R","B",null,"M","?","?","M","M","R","?","R","T","M","?","M","T","M","R","B",null,"M","?","M","M","M","E","R","T","T","$","M","R","M","M","R","B",null],"character_chosen":"KRATOS","items_purchased":["KratosMod:clawsofhades","KratosMod:Endure","HandDrill","Frozen Egg 2","KratosMod:rattle+1","KratosMod:Tempor","Flash of Steel","Blue Candle","KratosMod:clawsofhades","KratosMod:BladeWhip"],"campfire_rested":0,"item_purchase_floors":[5,5,5,5,5,5,5,44,44,44],"current_hp_per_floor":[65,65,54,53,53,53,46,43,43,43,55,63,63,50,50,51,66,61,45,33,33,33,33,33,33,33,31,31,24,24,28,28,33,33,33,33,33,33,33,32,32,32,32,32,33,33,33,31,31,31],"gold":70,"neow_bonus":"TEN_PERCENT_HP_BONUS","is_daily":false,"chose_seed":false,"campfire_upgraded":5,"win_rate":0.0,"timestamp":1609388600,"path_taken":["M","M","?","M","$","R","?","?","T","R","?","M","R","E","R","BOSS","M","?","?","M","M","R","?","R","T","M","?","M","?","?","R","BOSS","M","?","M","M","M","E","R","?","T","?","M","R","M","M","R","BOSS"],"items_purchased_type":["Card","Card","Relic","Relic","Card","Card","Card","Relic","Card","Card"],"build_version":"2020-12-22","purchased_purges":1,"victory":true,"max_hp_per_floor":[66,66,66,66,66,66,66,66,66,66,66,66,66,66,66,66,66,66,66,33,33,33,33,33,33,33,33,33,33,33,33,33,33,33,33,33,33,33,33,33,33,33,33,33,33,33,33,33,33,33],"card_choices":[{"not_picked":["KratosMod:SmashStone","KratosMod:Roll"],"picked":"KratosMod:rattle","floor":1},{"not_picked":["KratosMod:Tempor","KratosMod:settle"],"picked":"KratosMod:ShieldBash","floor":2},{"not_picked":["KratosMod:Roll","KratosMod:ablockalypse"],"picked":"KratosMod:conjuresoul","floor":4},{"not_picked":["KratosMod:ShieldBash","KratosMod:Tempor"],"picked":"KratosMod:Endure","floor":11},{"not_picked":["KratosMod:Endure","KratosMod:Roll"],"picked":"KratosMod:BladeWhip","floor":12},{"not_picked":["KratosMod:BladeWhip","KratosMod:conjuresoul+1"],"picked":"KratosMod:SmashStone","floor":14},{"not_picked":["KratosMod:tartarusrage","KratosMod:styx"],"picked":"KratosMod:Revenge","floor":16},{"not_picked":["KratosMod:Endure+1","KratosMod:Roll+1"],"picked":"KratosMod:BladeWhip+1","floor":18},{"not_picked":["KratosMod:settle","KratosMod:Tempor"],"picked":"KratosMod:ShieldBash","floor":21},{"not_picked":["KratosMod:settle","KratosMod:SmashStone"],"picked":"KratosMod:clawsofhades","floor":22},{"not_picked":["KratosMod:ShieldBash","KratosMod:settle"],"picked":"KratosMod:clawsofhades+1","floor":27},{"not_picked":["KratosMod:ShieldBash+1","KratosMod:Roll+1"],"picked":"KratosMod:BladeWhip+1","floor":29},{"not_picked":["KratosMod:Tempor","KratosMod:BladeWhip"],"picked":"KratosMod:ShieldBash+1","floor":31},{"not_picked":["KratosMod:kBerserk+1","KratosMod:styx"],"picked":"KratosMod:Revenge","floor":33},{"not_picked":["KratosMod:Tempor","KratosMod:SmashStone"],"picked":"KratosMod:Endure+1","floor":35},{"not_picked":["KratosMod:Endure","KratosMod:conjuresoul+1"],"picked":"KratosMod:SmashStone","floor":37},{"not_picked":["KratosMod:BladeWhip","KratosMod:Roll"],"picked":"KratosMod:ShieldBash+1","floor":38},{"not_picked":["KratosMod:Roll+1","KratosMod:Endure+1"],"picked":"KratosMod:tartarusrage","floor":39},{"not_picked":["KratosMod:rattle+1","KratosMod:Endure+1"],"picked":"KratosMod:clawsofhades","floor":40},{"not_picked":["KratosMod:Tempor+1","KratosMod:conjuresoul+1"],"picked":"KratosMod:BladeWhip+1","floor":45},{"not_picked":["KratosMod:Tempor","KratosMod:conjuresoul+1"],"picked":"KratosMod:ShieldBash","floor":47},{"not_picked":["KratosMod:conjuresoul+1","KratosMod:settle"],"picked":"KratosMod:Tempor","floor":48}],"player_experience":128995,"relics_obtained":[{"floor":9,"key":"Meat on the Bone"},{"floor":14,"key":"Gambling Chip"},{"floor":19,"key":"Enchiridion"},{"floor":26,"key":"Happy Flower"},{"floor":30,"key":"Nunchaku"},{"floor":40,"key":"Vajra"},{"floor":42,"key":"Bag of Preparation"},{"floor":43,"key":"Omamori"}],"event_choices":[{"damage_healed":0,"gold_gain":75,"player_choice":"Gold","damage_taken":11,"max_hp_gain":0,"max_hp_loss":0,"event_name":"betterThird:BetterGoop","floor":3,"gold_loss":0},{"cards_removed":["KratosMod:Strike_K"],"damage_healed":0,"gold_gain":0,"player_choice":"Card Removal","damage_taken":7,"max_hp_gain":0,"max_hp_loss":0,"event_name":"Golden Wing","floor":7,"gold_loss":0},{"damage_healed":0,"gold_gain":0,"player_choice":"Relic ","damage_taken":3,"max_hp_gain":0,"max_hp_loss":0,"event_name":"betterThird:BetterScrap","floor":8,"gold_loss":0,"cards_obtained":["Seeing Red"]},{"damage_healed":0,"gold_gain":0,"player_choice":"Obtained Book","damage_taken":16,"max_hp_gain":0,"max_hp_loss":0,"event_name":"Cursed Tome","floor":19,"gold_loss":0},{"damage_healed":0,"gold_gain":0,"player_choice":"Became a Ghost","damage_taken":0,"max_hp_gain":0,"max_hp_loss":33,"event_name":"Ghosts","floor":20,"gold_loss":0,"cards_obtained":["Ghostly","Ghostly","Ghostly","Ghostly","Ghostly"]},{"damage_healed":0,"gold_gain":0,"player_choice":"Obtain J.A.X.","damage_taken":0,"max_hp_gain":0,"max_hp_loss":0,"event_name":"Drug Dealer","floor":24,"gold_loss":0,"cards_obtained":["J.A.X."]},{"cards_removed":["KratosMod:Strike_K"],"damage_healed":0,"gold_gain":0,"player_choice":"Gave Gold","damage_taken":0,"max_hp_gain":0,"max_hp_loss":0,"event_name":"Beggar","floor":28,"gold_loss":75},{"cards_removed":["KratosMod:ShieldBash"],"damage_healed":0,"gold_gain":0,"player_choice":"Removed Attack","damage_taken":0,"max_hp_gain":0,"max_hp_loss":0,"event_name":"Falling","floor":36,"gold_loss":0}],"is_beta":false,"boss_relics":[{"not_picked":["Runic Dome","Tiny House"],"picked":"Coffee Dripper"},{"not_picked":["SacredBark","Calling Bell"],"picked":"Velvet Choker"}],"items_purged_floors":[44],"is_endless":false,"potions_floor_spawned":[1,11,14,16,18,22,29,39,40,48],"ascension_level":0}}