{"host":"r5d2dd2phecx262s","time":1609446942,"event":{"mods":["2.2 Compatiblity","AchievementEnabler","BaseMod","Curses Come First","Minty Spire (QoL Compilation)","StSLib"],"gold_per_floor":[114,74,74,84,84,111,111,10,10,10,29,43,70,102,102,207,207,222,222,65,76,175,175,201,201,201,216,235,245,3,23,23,125,125,145,163,17,17,17,17,17],"floor_reached":40,"playtime":1671,"items_purged":["Doubt"],"score":552,"play_id":"a9439e22-eb51-436a-8168-b7c7bbf6ebd2","local_time":"20201231173542","is_ascension_mode":true,"campfire_choices":[{"floor":7,"key":"REST"},{"floor":15,"key":"REST"},{"data":"Armaments","floor":23,"key":"SMITH"},{"floor":25,"key":"REST"},{"floor":32,"key":"REST"}],"circlet_count":0,"master_deck":["Strike_R+1","Strike_R+1","Strike_R+1","Strike_R+1","Defend_R+1","Defend_R+1","Defend_R+1","Defend_R+1","Bash","Ghostly Armor","Rage+1","Blood for Blood","Metallicize","Dark Embrace","Havoc","Blood for Blood","Sword Boomerang","Rupture","Armaments+1","Demon Form","Shrug It Off","Wild Strike+1","Iron Wave","Cleave","Fire Breathing+1","Corruption","Headbutt+1","Rampage","Limit Break+1"],"relics":["Black Blood","Art of War","FossilizedHelix","Turnip","Darkstone Periapt","Odd Mushroom","Lantern","Cursed Key","Pen Nib","Red Mask","PreservedInsect","Eternal Feather"],"acts_visited":["Exordium","TheCity","TheBeyond"],"potions_floor_usage":[14,16,18,24,40,40],"damage_taken":[{"damage":3,"enemies":"Small Slimes","floor":1,"turns":3},{"damage":8,"enemies":"2 Louse","floor":4,"turns":3},{"damage":35,"enemies":"3 Sentries","floor":6,"turns":14},{"damage":0,"enemies":"Jaw Worm","floor":11,"turns":2},{"damage":0,"enemies":"Exordium Wildlife","floor":12,"turns":6},{"damage":27,"enemies":"The Mushroom Lair","floor":13,"turns":5},{"damage":18,"enemies":"Lagavulin","floor":14,"turns":8},{"damage":46,"enemies":"Hexaghost","floor":16,"turns":13},{"damage":8,"enemies":"Shell Parasite","floor":18,"turns":5},{"damage":19,"enemies":"2 Thieves","floor":21,"turns":5},{"damage":45,"enemies":"Masked Bandits","floor":24,"turns":6},{"damage":0,"enemies":"Snecko","floor":27,"turns":5},{"damage":0,"enemies":"Centurion and Healer","floor":28,"turns":6},{"damage":17,"enemies":"Chosen and Byrds","floor":29,"turns":7},{"damage":8,"enemies":"Snake Plant","floor":31,"turns":5},{"damage":54,"enemies":"Champ","floor":33,"turns":11},{"damage":14,"enemies":"Orb Walker","floor":35,"turns":5},{"damage":10,"enemies":"3 Shapes","floor":36,"turns":5},{"damage":88,"enemies":"Reptomancer","floor":40,"turns":4}],"seed_played":"3474131591985516798","potions_obtained":[{"floor":1,"key":"Dexterity Potion"},{"floor":11,"key":"FearPotion"},{"floor":14,"key":"DistilledChaos"},{"floor":21,"key":"DuplicationPotion"},{"floor":31,"key":"AttackPotion"},{"floor":33,"key":"BlessingOfTheForge"},{"floor":35,"key":"Fire Potion"}],"is_trial":false,"path_per_floor":["M","$","?","M","?","E","R","$","T","?","M","M","?","E","R","B",null,"M","?","$","M","?","R","?","R","T","M","M","M","$","M","R","B",null,"M","M","$","?","?","E"],"character_chosen":"IRONCLAD","items_purchased":["Blood for Blood","Dark Embrace","Havoc","Pen Nib","Eternal Feather","Limit Break"],"campfire_rested":4,"item_purchase_floors":[2,8,8,20,30,37],"current_hp_per_floor":[75,75,75,73,66,37,61,61,61,61,67,73,52,40,64,24,66,64,64,64,51,51,51,12,36,42,48,54,43,43,41,81,33,73,71,73,73,73,73,0,0],"gold":17,"neow_bonus":"TRANSFORM_CARD","is_daily":false,"chose_seed":false,"campfire_upgraded":1,"win_rate":0.0,"timestamp":1609446942,"path_taken":["M","$","?","M","?","E","R","$","T","?","M","M","?","E","R","BOSS","M","?","$","M","?","R","?","R","T","M","M","M","$","M","R","BOSS","M","M","$","?","?","E"],"items_purchased_type":["Card","Card","Card","Relic","Relic","Card"],"build_version":"2020-12-22","purchased_purges":1,"victory":false,"max_hp_per_floor":[80,80,80,80,80,80,80,80,80,80,80,80,80,80,80,80,80,80,80,80,80,80,80,80,80,86,86,86,86,86,86,86,86,86,86,86,86,86,86,86,86],"card_choices":[{"not_picked":["Pommel Strike","True Grit"],"picked":"Rage","floor":1},{"not_picked":["Sentinel","Shrug It Off"],"picked":"Metallicize","floor":4},{"not_picked":["Body Slam","Havoc"],"picked":"Clash","floor":6},{"not_picked":["Pommel Strike","Headbutt"],"picked":"Blood for Blood","floor":11},{"not_picked":["Thunderclap","Blood for Blood"],"picked":"Sword Boomerang","floor":12},{"not_picked":["Cleave","Shrug It Off"],"picked":"Rupture","floor":13},{"not_picked":["Anger","Double Tap"],"picked":"Armaments","floor":14},{"not_picked":["Offering","Berserk"],"picked":"Demon Form","floor":16},{"not_picked":["True Grit","Clash"],"picked":"Shrug It Off","floor":18},{"not_picked":["Battle Trance","Shrug It Off"],"picked":"Wild Strike+1","floor":21},{"not_picked":["Body Slam","Heavy Blade"],"picked":"Iron Wave","floor":24},{"not_picked":["Wild Strike","Sever Soul","Warcry"],"picked":"SKIP","floor":27},{"not_picked":["Sword Boomerang","Anger"],"picked":"Cleave","floor":28},{"not_picked":["Twin Strike","Blood for Blood","Offering"],"picked":"SKIP","floor":29},{"not_picked":["Headbutt","Wild Strike"],"picked":"Fire Breathing+1","floor":31},{"not_picked":["Feed","Brutality"],"picked":"Corruption","floor":33},{"not_picked":["Armaments","Rupture"],"picked":"Headbutt+1","floor":35},{"not_picked":["Iron Wave","Body Slam"],"picked":"Rampage","floor":36}],"player_experience":1558087,"relics_obtained":[{"floor":6,"key":"FossilizedHelix"},{"floor":9,"key":"Turnip"},{"floor":13,"key":"Odd Mushroom"},{"floor":14,"key":"Lantern"},{"floor":24,"key":"Red Mask"},{"floor":26,"key":"PreservedInsect"}],"event_choices":[{"damage_healed":0,"gold_gain":0,"player_choice":"Grow","damage_taken":0,"max_hp_gain":0,"max_hp_loss":0,"event_name":"Living Wall","floor":3,"gold_loss":0,"cards_upgraded":["Rage"]},{"damage_healed":0,"gold_gain":0,"player_choice":"Success","damage_taken":7,"relics_obtained":["Art of War"],"max_hp_gain":0,"max_hp_loss":0,"event_name":"Scrap Ooze","floor":5,"gold_loss":0},{"damage_healed":0,"gold_gain":0,"player_choice":"Searched \u00272\u0027 times","damage_taken":0,"relics_obtained":["Darkstone Periapt"],"max_hp_gain":0,"max_hp_loss":0,"event_name":"Dead Adventurer","floor":10,"gold_loss":0},{"damage_healed":0,"gold_gain":0,"player_choice":"Fought Mushrooms","damage_taken":0,"max_hp_gain":0,"max_hp_loss":0,"event_name":"Mushrooms","floor":13,"gold_loss":0},{"damage_healed":0,"gold_gain":0,"player_choice":"Simplicity","damage_taken":0,"max_hp_gain":0,"max_hp_loss":0,"event_name":"Back to Basics","floor":19,"gold_loss":0,"cards_upgraded":["Strike_R","Strike_R","Strike_R","Strike_R","Defend_R","Defend_R","Defend_R","Defend_R"]},{"damage_healed":0,"gold_gain":99,"player_choice":"Stole From Cult","damage_taken":0,"max_hp_gain":0,"max_hp_loss":0,"event_name":"Nest","floor":22,"gold_loss":0},{"damage_healed":0,"gold_gain":0,"player_choice":"Fought Bandits","damage_taken":0,"max_hp_gain":0,"max_hp_loss":0,"event_name":"Masked Bandits","floor":24,"gold_loss":0},{"cards_removed":["Clash"],"damage_healed":0,"gold_gain":0,"player_choice":"Removed Attack","damage_taken":0,"max_hp_gain":0,"max_hp_loss":0,"event_name":"Falling","floor":38,"gold_loss":0},{"damage_healed":0,"gold_gain":0,"player_choice":"Forge","damage_taken":0,"max_hp_gain":0,"max_hp_loss":0,"event_name":"Accursed Blacksmith","floor":39,"gold_loss":0,"cards_upgraded":["Limit Break"]}],"is_beta":false,"boss_relics":[{"not_picked":["Fusion Hammer","Tiny House"],"picked":"Cursed Key"},{"not_picked":["Black Star","Snecko Eye"],"picked":"Black Blood"}],"items_purged_floors":[37],"is_endless":false,"potions_floor_spawned":[1,11,14,21,31,33,35],"killed_by":"Reptomancer","ascension_level":8}}