{"host":"rmxeoilydwnfa1ap","time":1609408926,"event":{"mods":["2.2 Compatiblity","BaseMod","Better Third Choice","BetterRewards","Defuse TimeMaze Blight","HololiveMod","Hubris","Humility","Minty Spire (QoL Compilation)","Rare Cards Sparkle","Remove Card Discount Mod","Shop Mod","Spicy Shops","StSLib","¡¾ÒÅÎï¿¨ÅÆ¡¿REMEMod"],"gold_per_floor":[84,102,277,277,277,277,277,304,331,331,230,230,230,241,241,341,341,352,205,205,205,225,225,225,225,225,225,225,70,70,81,81,176,176,188,188,188,188,188,188,188,188,212,281,306,306,150,150,150,276,276,298,298,188,201,227,227,227,227,299,337,337,337,337,132,132,244,244,254,71,71,89,89,89,89],"floor_reached":74,"playtime":1743,"items_purged":["Hololive_DiamondStrike","Hololive_WolfAndLamb","Hololive_FlareMind","Hololive_DurableLive","Hololive_AWSL","Hololive_ScarfAndHalo","Hololive_OpenUp","Hololive_ASMR","Hololive_StarCraft","Hololive_BeCareful","Doubt","Hololive_Watashimo","Hololive_Recruit"],"score":1321,"play_id":"6a2f3057-278e-416d-b749-c20eac11971c","local_time":"20201231180206","daily_mods":["SealedDeck","Shiny","Vintage","Heirloom","Time Dilation","Flight","Elite Swarm"],"is_ascension_mode":false,"campfire_choices":[{"data":"Hololive_CallDoris","floor":6.0,"key":"SMITH"},{"data":"Hololive_MaximGun","floor":7.0,"key":"SMITH"},{"data":"Hololive_IdolExercise","floor":10.0,"key":"SMITH"},{"data":"Hololive_CallAmaneKanata","floor":12.0,"key":"SMITH"},{"data":"Hololive_CallHoushouMarine","floor":13.0,"key":"SMITH"},{"data":"Hololive_CallFriendA","floor":15.0,"key":"SMITH"},{"data":"Hololive_HighAtkLowDef","floor":23.0,"key":"SMITH"},{"data":"Hololive_Thief","floor":24.0,"key":"SMITH"},{"data":"Hololive_CallUsadaPekora","floor":27.0,"key":"SMITH"},{"data":"Hololive_CallYozoraMel","floor":30.0,"key":"SMITH"},{"data":"Hololive_CocoNews","floor":32.0,"key":"SMITH"},{"data":"Hololive_Thief","floor":40.0,"key":"SMITH"},{"data":"Hololive_Rebirth","floor":41.0,"key":"SMITH"},{"data":"Hololive_CocoNews","floor":42.0,"key":"SMITH"},{"data":"Hololive_MaximGun","floor":49.0,"key":"SMITH"},{"data":"Hololive_CallManoAloe","floor":57,"key":"SMITH"},{"data":"Hololive_FlyingPonyTail","floor":58,"key":"SMITH"},{"data":"Hololive_CallShiranuiFlare","floor":59,"key":"SMITH"},{"data":"Hololive_Thief","floor":62,"key":"SMITH"},{"data":"Hololive_CallMurasakiShion","floor":63,"key":"SMITH"},{"data":"Hololive_DDD","floor":64,"key":"SMITH"},{"data":"Hololive_CallSakuraMiko","floor":66,"key":"SMITH"}],"circlet_count":0,"master_deck":["Hololive_Thief+1","Hololive_DDD+1","Hololive_Rebirth+1","Hololive_HighAtkLowDef+1","Hololive_MaximGun+1","Hololive_IdolExercise+1","Hololive_Nanodesu+1","Hololive_CallYozoraMel+1","Hololive_FlyingPonyTail+1","Hololive_CocoNews+1","Hololive_CallUsadaPekora+1","Hololive_CallHoushouMarine+1","Hololive_CallFriendA+1","Hololive_CallManoAloe+1","Hololive_StrengthChampion","Hololive_CallDoris+1","Hololive_CallShiranuiFlare+1","Hololive_CallAmaneKanata+1","Hololive_MaximGun+1","Hololive_Thief+1","Hololive_CocoNews+1","Hololive_MaximGun+1","Hololive_IdolExercise+1","Hololive_CallMurasakiShion+1","Hololive_Thief+1","Hololive_CallSakuraMiko+1","Hololive_CocoNews","Hololive_Thief","Hololive_CallRoboco"],"relics":["Hololive_TheStar","REME_ComplimentaryCards","Lizard Tail","Pen Nib","hubris:BundleOfHerbs","Meat on the Bone","Orichalcum","hubris:SphereOfDissonance","Whetstone","Oddly Smooth Stone","hubris:Icosahedron","hubris:Teleporter","Eternal Feather","REME_PuzzleBoxRelic","Bag of Preparation","Bag of Marbles","REME_ArchaeologicalTools","Regal Pillow","Hololive_FriedShrimpLion","Membership Card","Akabeko","InkBottle","Frozen Eye","hubris:Backtick","Bottled Flame","Singing Bowl","hubris:Zylophone","Blood Vial"],"acts_visited":["Exordium","TheCity","TheBeyond","TheCity"],"potions_floor_usage":[],"damage_taken":[{"damage":11.0,"enemies":"2 Louse","floor":1.0,"turns":4.0},{"damage":0.0,"enemies":"Jaw Worm","floor":2.0,"turns":4.0},{"damage":0.0,"enemies":"Gremlin Nob","floor":8.0,"turns":3.0},{"damage":0.0,"enemies":"Small Slimes","floor":14.0,"turns":2.0},{"damage":0.0,"enemies":"Hexaghost","floor":16.0,"turns":3.0},{"damage":0.0,"enemies":"Shell Parasite","floor":18.0,"turns":3.0},{"damage":0.0,"enemies":"Chosen","floor":22.0,"turns":2.0},{"damage":0.0,"enemies":"Snake Plant","floor":31.0,"turns":1.0},{"damage":0.0,"enemies":"Collector","floor":33.0,"turns":2.0},{"damage":21.0,"enemies":"3 Shapes","floor":35.0,"turns":2.0},{"damage":0.0,"enemies":"Reptomancer","floor":44.0,"turns":1.0},{"damage":0.0,"enemies":"Orb Walker","floor":45.0,"turns":1.0},{"damage":0.0,"enemies":"Donu and Deca","floor":50.0,"turns":3.0},{"damage":0,"enemies":"Small Slimes","floor":52,"turns":1},{"damage":0,"enemies":"Jaw Worm","floor":55,"turns":1},{"damage":0,"enemies":"Cultist","floor":56,"turns":1},{"damage":6,"enemies":"3 Sentries","floor":61,"turns":3},{"damage":0,"enemies":"Slime Boss","floor":67,"turns":2},{"damage":0,"enemies":"2 Thieves","floor":69,"turns":1},{"damage":0,"enemies":"Spheric Guardian","floor":72,"turns":1},{"damage":10,"enemies":"Slavers","floor":74,"turns":4}],"seed_played":"-4225185714015986022","potions_obtained":[{"floor":1.0,"key":"Energy Potion"},{"floor":8.0,"key":"DistilledChaos"},{"floor":14.0,"key":"Swift Potion"},{"floor":45.0,"key":"FairyPotion"}],"is_trial":true,"path_per_floor":["M","M","?","?","?","R","R","E","T","R","$","R","R","M","R","B",null,"M","$","?","?","M","R","R","T","T","R","$","$","R","M","R","B",null,"M","?","?","$","T","R","R","R","T","E","M","?","$","?","R","B",null,"M","?","$","M","M","R","R","R","T","E","R","R","R","$","R","B",null,"M","$","?","M","?","E"],"character_chosen":"Hololive_HololiveCharacter","items_purchased":["Hololive_CallAmaneKanata","Oddly Smooth Stone","Bag of Preparation","Membership Card","Hololive_CallMurasakiShion","Hololive_CallSakuraMiko","Hololive_CocoNews","Frozen Eye","Hololive_CallRoboco","hubris:Zylophone"],"campfire_rested":0,"item_purchase_floors":[11,19,29,47,54,65,65,65,70,70],"current_hp_per_floor":[25,26,26,1,13,13,13,14,14,14,14,14,14,26,26,26,38,38,38,38,38,38,38,38,38,38,38,38,38,38,38,38,38,38,29,29,29,29,29,38,38,38,38,38,38,38,38,36,36,36,36,36,36,36,36,36,36,36,36,36,36,36,36,36,36,36,36,36,36,36,36,36,36,26,26],"gold":89,"neow_bonus":"","is_daily":false,"chose_seed":false,"campfire_upgraded":22,"win_rate":0.0,"timestamp":1609408926,"path_taken":["M","M","?","?","?","R","R","E","T","R","?","R","R","M","R","BOSS","M","$","?","?","?","R","R","?","T","R","?","$","R","?","R","BOSS","M","?","?","$","?","R","R","R","T","E","?","?","?","?","R","BOSS","M","?","$","M","?","R","R","R","T","E","R","R","R","?","R","BOSS","M","$","?","?","?","E"],"items_purchased_type":["Card","Relic","Relic","Relic","Card","Card","Card","Relic","Card","Relic"],"build_version":"2020-12-22","purchased_purges":13,"victory":false,"max_hp_per_floor":[36,37,37,37,37,37,37,38,38,38,38,38,38,38,38,38,38,38,38,38,38,38,38,38,38,38,38,38,38,38,38,38,38,38,38,38,38,38,38,38,38,38,38,38,38,38,38,36,36,36,36,36,36,36,36,36,36,36,36,36,36,36,36,36,36,36,36,36,36,36,36,36,36,36,36],"card_choices":[{"not_picked":["Hololive_DDD","Hololive_DurableLive","Hololive_Recruit","Hololive_FlareMind"],"picked":"SKIP","floor":8.0},{"not_picked":["Hololive_ScarfAndHalo","Hololive_HighAtkLowDef","Hololive_Rebirth"],"picked":"Hololive_MaximGun","floor":16.0},{"not_picked":["Hololive_MaximGun","Hololive_WolfAndLamb","Hololive_FlareMind"],"picked":"Hololive_Thief","floor":33.0},{"not_picked":["Hololive_BeCareful","Hololive_FlareMind","Hololive_StarCraft"],"picked":"Hololive_MaximGun","floor":44.0},{"not_picked":["Hololive_WolfAndLamb","Hololive_DurableLive","Hololive_ScarfAndHalo"],"picked":"Hololive_IdolExercise","floor":50.0},{"not_picked":["Hololive_DurableLive","Hololive_BeCareful","Hololive_ASMR"],"picked":"Hololive_Thief","floor":61},{"not_picked":["Hololive_DDD","Hololive_Rebirth","Hololive_FlareMind"],"picked":"Hololive_Thief","floor":67}],"player_experience":57635,"relics_obtained":[{"floor":2.0,"key":"Pen Nib"},{"floor":8.0,"key":"Meat on the Bone"},{"floor":9.0,"key":"Orichalcum"},{"floor":14.0,"key":"hubris:SphereOfDissonance"},{"floor":18.0,"key":"Whetstone"},{"floor":22.0,"key":"hubris:Teleporter"},{"floor":25.0,"key":"Eternal Feather"},{"floor":26.0,"key":"REME_PuzzleBoxRelic"},{"floor":31.0,"key":"Bag of Marbles"},{"floor":39.0,"key":"REME_ArchaeologicalTools"},{"floor":43.0,"key":"Regal Pillow"},{"floor":45.0,"key":"Hololive_FriedShrimpLion"},{"floor":55,"key":"Akabeko"},{"floor":60,"key":"InkBottle"},{"floor":69,"key":"Singing Bowl"},{"floor":72,"key":"Blood Vial"}],"event_choices":[{"damage_healed":0.0,"max_hp_gain":0.0,"max_hp_loss":0.0,"gold_gain":175.0,"event_name":"betterThird:BetterSerpent","player_choice":"AGREE","floor":3.0,"gold_loss":0.0,"damage_taken":102.0},{"damage_healed":0.0,"max_hp_gain":0.0,"max_hp_loss":0.0,"gold_gain":0.0,"event_name":"betterThird:BetterScrap","player_choice":"Relic ","floor":4.0,"gold_loss":0.0,"damage_taken":25.0,"cards_obtained":["REME_ResidualAnger"]},{"damage_healed":12.0,"max_hp_gain":0.0,"max_hp_loss":0.0,"gold_gain":0.0,"event_name":"Big Fish","player_choice":"Banana","floor":5.0,"gold_loss":0.0,"damage_taken":0.0},{"damage_healed":13.0,"max_hp_gain":0.0,"max_hp_loss":0.0,"gold_gain":0.0,"event_name":"The Library","player_choice":"Heal","floor":21.0,"gold_loss":0.0,"damage_taken":0.0},{"damage_healed":0.0,"max_hp_gain":0.0,"max_hp_loss":0.0,"gold_gain":0.0,"event_name":"SensoryStone","player_choice":"Memory 1","floor":37.0,"gold_loss":0.0,"damage_taken":0.0},{"damage_healed":0.0,"max_hp_gain":0.0,"max_hp_loss":0.0,"gold_gain":0.0,"event_name":"Tomb of Lord Red Mask","player_choice":"Ignored","floor":46.0,"gold_loss":0.0,"damage_taken":0.0},{"damage_healed":0.0,"max_hp_gain":0.0,"max_hp_loss":2.0,"gold_gain":0.0,"event_name":"Winding Halls","player_choice":"Max HP","floor":48.0,"gold_loss":0.0,"damage_taken":0.0},{"damage_healed":0,"gold_gain":0,"player_choice":"Forge","damage_taken":0,"max_hp_gain":0,"max_hp_loss":0,"event_name":"Accursed Blacksmith","floor":53,"gold_loss":0,"cards_upgraded":["Hololive_IdolExercise"]},{"damage_healed":0,"gold_gain":0,"player_choice":"Got Potions","damage_taken":0,"max_hp_gain":0,"max_hp_loss":0,"event_name":"Lab","floor":71,"gold_loss":0},{"damage_healed":0,"gold_gain":0,"player_choice":"Ignored","damage_taken":0,"max_hp_gain":0,"max_hp_loss":0,"event_name":"Beggar","floor":73,"gold_loss":0}],"is_beta":false,"boss_relics":[{"not_picked":["Calling Bell","Busted Crown","Velvet Choker"]},{"not_picked":["hubris:TerracottaHorce","hubris:GrandSneckoEye","hubris:VirtuousBlindfold"]},{"not_picked":["Runic Dome","Astrolabe","Hololive_TopUpMoneyS"]},{"not_picked":["Snecko Eye","hubris:Stopwatch"],"picked":"hubris:Backtick"}],"items_purged_floors":[11,11,11,11,11,11,11,11,11,11,11,11,19],"is_endless":true,"potions_floor_spawned":[1,8,14,18,22,31,44,45,55,56,61,69,72],"killed_by":"Slavers","ascension_level":0}}