{"host":"er8s5flrc5z1a07t","time":1609375707,"event":{"mods":["2.2 Compatiblity","Act Like it!","Bard","BaseMod","Better Note","Better Third Choice","Downfall","Duelist Mod","Elementarium","Energized Spire","GifTheSpireLib","Hermit","Hubris","Infinite Spire","Minty Spire (QoL Compilation)","Relic Stats","Replay The Spire","Shop Mod","StSLib","Stuff the Spire","Synergy Search","The Cursed","The Disciple","The Mystic"],"gold_per_floor":[112,126,140,38,38,38,64,64,117,131,131,147,147,161,161,161,161],"floor_reached":16,"playtime":345,"items_purged":[],"score":189,"play_id":"6e707edf-9ce2-454f-b9cc-ebdfa438151e","local_time":"20201230194827","is_ascension_mode":true,"campfire_choices":[{"data":"expansioncontent:DefensiveStance","floor":6,"key":"SMITH"},{"data":"Dagger Spray","floor":8,"key":"SMITH"}],"circlet_count":0,"master_deck":["AscendersBane","Strike_G","Strike_G","Strike_G","Strike_G","Defend_G","Defend_G","Defend_G","Defend_G","Defend_G","Survivor","Neutralize","ReplayTheSpireMod:Scrap Shanks","StuffTheSpire:Incantation+1","All Out Attack","expansioncontent:DefensiveStance+1","Dagger Spray+1","Leg Sweep","Corpse Explosion+1","Flying Knee"],"relics":["Ring of the Snake","NeowsBlessing","StuffTheSpire:Gunfinga","StuffTheSpire:Experiment12","hubris:Icosahedron"],"acts_visited":["Exordium"],"potions_floor_usage":[],"damage_taken":[{"damage":0,"enemies":"Small Slimes","floor":1,"turns":1},{"damage":0,"enemies":"Cultist","floor":2,"turns":1},{"damage":0,"enemies":"Jaw Worm","floor":3,"turns":1},{"damage":27,"enemies":"Gremlin Nob","floor":7,"turns":5},{"damage":9,"enemies":"Blue Slaver","floor":10,"turns":4},{"damage":1,"enemies":"Red Slaver","floor":12,"turns":6},{"damage":0,"enemies":"3 Louse","floor":14,"turns":1},{"damage":23,"enemies":"The Guardian","floor":16,"turns":12}],"seed_played":"-8523941507449022195","potions_obtained":[{"floor":10,"key":"LiquidBronze"},{"floor":12,"key":"SteroidPotion"}],"is_trial":false,"path_per_floor":["M","M","M","$","?","R","E","R","T","M","?","M","?","M","R","B"],"character_chosen":"THE_SILENT","items_purchased":["expansioncontent:DefensiveStance"],"campfire_rested":0,"item_purchase_floors":[4],"current_hp_per_floor":[59,59,59,59,59,59,32,32,32,23,23,22,22,22,22,0,0],"gold":161,"neow_bonus":"THREE_ENEMY_KILL","is_daily":false,"chose_seed":false,"campfire_upgraded":2,"win_rate":0.0,"timestamp":1609375707,"path_taken":["M","M","M","$","?","R","E","R","T","?","?","M","?","?","R","BOSS"],"items_purchased_type":["Card"],"build_version":"2020-12-22","purchased_purges":0,"victory":false,"max_hp_per_floor":[66,66,66,66,66,66,66,66,66,66,66,66,66,66,66,66,66],"relic_stats":{"counters":[8,31],"obtain_stats":[{"StuffTheSpire:Experiment12":9,"StuffTheSpire:Gunfinga":7,"hubris:Icosahedron":11,"NeowsBlessing":0,"Ring of the Snake":0},{"StuffTheSpire:Experiment12":4,"StuffTheSpire:Gunfinga":4,"hubris:Icosahedron":5,"NeowsBlessing":0,"Ring of the Snake":0},{"StuffTheSpire:Experiment12":8,"StuffTheSpire:Gunfinga":8,"hubris:Icosahedron":12,"NeowsBlessing":0,"Ring of the Snake":0}],"Ring of the Snake":[16]},"card_choices":[{"not_picked":["Dagger Throw","ReplayTheSpireMod:Speed Training"],"picked":"ReplayTheSpireMod:Scrap Shanks","floor":1},{"not_picked":["StuffTheSpire:Incursion","StuffTheSpire:Injection"],"picked":"StuffTheSpire:Incantation","floor":2},{"not_picked":["Blade Dance","Endless Agony"],"picked":"All Out Attack","floor":3},{"not_picked":["StuffTheSpire:Python","Sucker Punch"],"picked":"Dagger Spray","floor":7},{"not_picked":["Poisoned Stab","StuffTheSpire:DoubleShiv"],"picked":"Leg Sweep","floor":10},{"not_picked":["Sneak Up","Slice"],"picked":"Corpse Explosion","floor":12},{"not_picked":["Blade Dance","Backflip","StuffTheSpire:Incursion"],"picked":"SKIP","floor":14}],"player_experience":1192932,"relics_obtained":[{"floor":7,"key":"StuffTheSpire:Gunfinga"},{"floor":9,"key":"StuffTheSpire:Experiment12"}],"event_choices":[{"damage_healed":0,"gold_gain":0,"player_choice":"Upgraded","damage_taken":0,"max_hp_gain":0,"max_hp_loss":0,"event_name":"Upgrade Shrine","floor":5,"gold_loss":0,"cards_upgraded":["StuffTheSpire:Incantation"]},{"damage_healed":0,"gold_gain":0,"player_choice":"Forge","damage_taken":0,"max_hp_gain":0,"max_hp_loss":0,"event_name":"Accursed Blacksmith","floor":13,"gold_loss":0,"cards_upgraded":["Corpse Explosion"]}],"is_beta":false,"boss_relics":[],"items_purged_floors":[],"is_endless":false,"potions_floor_spawned":[10,12,14],"killed_by":"The Guardian","ascension_level":17}}