{"host":"2461dio7vetlq1z3","time":1609418337,"event":{"mods":["2.2 Compatiblity","AchievementEnabler","Aspiration","BaseMod","Better Third Choice","Friendly Minions","Hermit","Minty Spire (QoL Compilation)","Relic Stats","Spicy Shops","StSLib","Waifu the Spire"],"gold_per_floor":[118,129,129,129,129,129,160,160,185,28,91,103,129,172,184,270,282,306,29,46,46,64,89,89,39,39,17,17,48,61,87,87,159,159,178,8,8,25,37,68,68,78,102,133,133,161,174,184,184,184,184,184,184,66,92,92],"floor_reached":57,"playtime":3015,"items_purged":["Strike_G","Strike_G","Strike_G","Strike_G"],"score":3112,"play_id":"105174fb-44c7-42d5-bbde-59bd8a42ca69","local_time":"20201231133857","is_ascension_mode":true,"campfire_choices":[{"data":"Neutralize","floor":6,"key":"SMITH"},{"data":"Deadly Poison","floor":8,"key":"SMITH"},{"floor":12,"key":"REST"},{"data":"Glass Knife","floor":15,"key":"SMITH"},{"data":"Dagger Spray","floor":24,"key":"SMITH"},{"floor":28,"key":"RECALL"},{"data":"Survivor","floor":32,"key":"SMITH"},{"data":"Defend_G","floor":41,"key":"SMITH"},{"data":"Footwork","floor":49,"key":"SMITH"},{"data":"Footwork","floor":53,"key":"SMITH"}],"circlet_count":0,"master_deck":["AscendersBane","Strike_G","Defend_G+1","Defend_G","Defend_G","Defend_G+1","Defend_G","Survivor+1","Neutralize+1","Dagger Spray+1","Deadly Poison+1","Sucker Punch+1","Backflip+1","Glass Knife+1","Phantasmal Killer+1","Corpse Explosion+1","Calculated Gamble+1","Dodge and Roll+1","Dodge and Roll+1","Backflip+1","Blur+1","Catalyst+1","Deadly Poison+1","Cloak And Dagger+1","Doppelganger+1","Noxious Fumes+1","Deflect+1","PiercingWail+1","Concentrate+1","Leg Sweep+1","Footwork+1","Caltrops+1","Footwork+1","Backflip+1","Bouncing Flask+1","Bouncing Flask+1"],"relics":["Ring of the Snake","NeowsBlessing","Ancient Tea Set","Toxic Egg 2","Incense Burner","Orichalcum","Medical Kit","MawBank","Lizard Tail","Coffee Dripper","Membership Card","Oddly Smooth Stone","Bottled Flame","Kunai","Tiny Chest","aspiration:VileToxins","Runic Pyramid","Lee\u0027s Waffle","aspiration:FetidBarrel","Omamori","Darkstone Periapt","Paper Crane"],"acts_visited":["Exordium","TheCity","TheBeyond","TheEnding"],"potions_floor_usage":[16,23,29,30,33,33,40,56],"damage_taken":[{"damage":0,"enemies":"Cultist","floor":1,"turns":1},{"damage":0,"enemies":"Small Slimes","floor":2,"turns":1},{"damage":0,"enemies":"Gremlin Nob","floor":7,"turns":1},{"damage":14,"enemies":"Gremlin Nob","floor":11,"turns":4},{"damage":0,"enemies":"2 Louse","floor":13,"turns":6},{"damage":18,"enemies":"Lagavulin","floor":14,"turns":6},{"damage":6,"enemies":"Hexaghost","floor":16,"turns":8},{"damage":14,"enemies":"Spheric Guardian","floor":18,"turns":4},{"damage":1,"enemies":"3 Byrds","floor":20,"turns":3},{"damage":19,"enemies":"Snake Plant","floor":22,"turns":4},{"damage":0,"enemies":"Slavers","floor":23,"turns":2},{"damage":0,"enemies":"Gremlin Leader","floor":29,"turns":7},{"damage":8,"enemies":"Shelled Parasite and Fungi","floor":30,"turns":4},{"damage":8,"enemies":"Slavers","floor":31,"turns":6},{"damage":31,"enemies":"Champ","floor":33,"turns":10},{"damage":11,"enemies":"3 Darklings","floor":35,"turns":2},{"damage":0,"enemies":"3 Shapes","floor":38,"turns":3},{"damage":0,"enemies":"Transient","floor":39,"turns":6},{"damage":0,"enemies":"Nemesis","floor":40,"turns":7},{"damage":0,"enemies":"3 Darklings","floor":42,"turns":2},{"damage":5,"enemies":"Reptomancer","floor":44,"turns":8},{"damage":0,"enemies":"Nemesis","floor":46,"turns":7},{"damage":0,"enemies":"Spire Growth","floor":47,"turns":4},{"damage":2,"enemies":"Jaw Worm Horde","floor":48,"turns":3},{"damage":3,"enemies":"Awakened One","floor":50,"turns":15},{"damage":1,"enemies":"Donu and Deca","floor":51,"turns":8},{"damage":0,"enemies":"Shield and Spear","floor":55,"turns":6},{"damage":12,"enemies":"The Heart","floor":56,"turns":9}],"seed_played":"4475286970214463767","potions_obtained":[{"floor":2,"key":"Explosive Potion"},{"floor":7,"key":"LiquidBronze"},{"floor":22,"key":"Dexterity Potion"},{"floor":23,"key":"GhostInAJar"},{"floor":29,"key":"Ancient Potion"},{"floor":30,"key":"SkillPotion"},{"floor":31,"key":"Strength Potion"},{"floor":33,"key":"CunningPotion"},{"floor":35,"key":"Energy Potion"},{"floor":39,"key":"BlessingOfTheForge"},{"floor":44,"key":"AttackPotion"}],"is_trial":false,"path_per_floor":["M","M","?","?","?","R","E","R","T","$","?","R","M","E","R","B",null,"M","$","M","?","M","E","R","$","T","$","R","E","M","E","R","B",null,"M","$","?","M","M","E","R","M","T","E","?","E","M","M","R","B","B",null,"R","$","E","B",null],"character_chosen":"THE_SILENT","items_purchased":["Medical Kit","Membership Card","Oddly Smooth Stone","Blur+1","Lee\u0027s Waffle","Deflect+1","Bouncing Flask+1"],"campfire_rested":1,"item_purchase_floors":[10,19,19,27,36,36,54],"current_hp_per_floor":[59,59,33,33,33,33,33,33,33,33,19,38,38,20,20,14,53,39,39,38,38,19,19,19,19,19,19,19,19,11,3,3,9,52,41,73,73,73,73,73,73,73,73,68,68,68,68,66,66,63,62,67,67,67,67,55],"gold":92,"neow_bonus":"THREE_ENEMY_KILL","is_daily":false,"chose_seed":false,"campfire_upgraded":8,"win_rate":0.0,"timestamp":1609418337,"path_taken":["M","?","?","?","?","R","E","R","T","$","?","R","M","E","R","BOSS","M","$","M","?","M","E","R","$","T","?","R","E","M","E","R","BOSS","M","$","?","M","?","E","R","M","T","E","?","E","M","M","R","BOSS","BOSS","R","$","E","BOSS"],"items_purchased_type":["Relic","Relic","Relic","Card","Relic","Card","Card"],"build_version":"2020-12-22","purchased_purges":4,"victory":true,"max_hp_per_floor":[66,66,66,66,66,66,66,66,66,66,66,66,66,66,66,66,66,66,66,66,66,66,66,66,66,66,66,66,66,66,66,66,66,66,66,73,73,73,73,73,73,73,73,73,69,69,69,69,69,69,69,69,69,69,69,69],"relic_stats":{"Darkstone Periapt":0,"Lizard Tail":33,"Lee\u0027s Waffle":32,"counters":[28,147],"Tiny Chest":0,"Kunai":[13],"Orichalcum":[174],"Medical Kit":[18],"MawBank":96,"obtain_stats":[{"aspiration:VileToxins":31,"Darkstone Periapt":46,"Lee\u0027s Waffle":36,"NeowsBlessing":0,"aspiration:FetidBarrel":40,"Oddly Smooth Stone":19,"Incense Burner":7,"Omamori":44,"Orichalcum":9,"Paper Crane":55,"Ancient Tea Set":3,"Medical Kit":10,"MawBank":11,"Lizard Tail":14,"Bottled Flame":23,"Tiny Chest":29,"Coffee Dripper":17,"Membership Card":19,"Kunai":26,"Toxic Egg 2":4,"Ring of the Snake":0,"Runic Pyramid":34},{"aspiration:VileToxins":14,"Darkstone Periapt":22,"Lee\u0027s Waffle":16,"NeowsBlessing":0,"aspiration:FetidBarrel":19,"Oddly Smooth Stone":8,"Incense Burner":3,"Omamori":21,"Orichalcum":3,"Paper Crane":27,"Ancient Tea Set":2,"Medical Kit":3,"MawBank":4,"Lizard Tail":6,"Bottled Flame":11,"Tiny Chest":12,"Coffee Dripper":7,"Membership Card":8,"Kunai":11,"Toxic Egg 2":2,"Ring of the Snake":0,"Runic Pyramid":15},{"aspiration:VileToxins":57,"Darkstone Periapt":102,"Lee\u0027s Waffle":69,"NeowsBlessing":0,"aspiration:FetidBarrel":85,"Oddly Smooth Stone":31,"Incense Burner":3,"Omamori":95,"Orichalcum":3,"Paper Crane":138,"Ancient Tea Set":2,"Medical Kit":3,"MawBank":7,"Lizard Tail":19,"Bottled Flame":40,"Tiny Chest":47,"Coffee Dripper":27,"Membership Card":31,"Kunai":40,"Toxic Egg 2":2,"Ring of the Snake":0,"Runic Pyramid":67}],"Ring of the Snake":[56]},"card_choices":[{"not_picked":["Dagger Throw","Infinite Blades"],"picked":"Dagger Spray","floor":1},{"not_picked":["Blade Dance","Acrobatics"],"picked":"Deadly Poison","floor":2},{"not_picked":["Underhanded Strike","Accuracy"],"picked":"Sucker Punch","floor":7},{"not_picked":["Prepared+1","Concentrate+1"],"picked":"Backflip+1","floor":11},{"not_picked":["Dagger Spray","Escape Plan+1"],"picked":"Glass Knife","floor":13},{"not_picked":["Poisoned Stab","Accuracy"],"picked":"Phantasmal Killer+1","floor":14},{"not_picked":["Die Die Die","Storm of Steel+1"],"picked":"Corpse Explosion+1","floor":16},{"not_picked":["Cloak And Dagger+1","Prepared+1"],"picked":"Calculated Gamble+1","floor":18},{"not_picked":["Eviscerate","Setup+1"],"picked":"Dodge and Roll+1","floor":20},{"not_picked":["All Out Attack","Dagger Throw"],"picked":"Dodge and Roll+1","floor":22},{"not_picked":["Cloak And Dagger+1","aspiration:Lunge"],"picked":"Backflip+1","floor":23},{"not_picked":["Heel Hook","Accuracy"],"picked":"Catalyst+1","floor":29},{"not_picked":["Escape Plan+1","Sucker Punch"],"picked":"Deadly Poison+1","floor":30},{"not_picked":["Prepared+1","Terror+1"],"picked":"Cloak And Dagger+1","floor":31},{"not_picked":["aspiration:Lunge","After Image"],"picked":"Doppelganger+1","floor":33},{"not_picked":["Backstab","Sucker Punch+1"],"picked":"Noxious Fumes+1","floor":35},{"not_picked":["Sucker Punch+1","Setup+1","Quick Slash"],"picked":"SKIP","floor":38},{"not_picked":["Dodge and Roll+1","Infinite Blades+1"],"picked":"PiercingWail+1","floor":39},{"not_picked":["Underhanded Strike","Dodge and Roll+1"],"picked":"Concentrate+1","floor":40},{"not_picked":["Bane+1","Cloak And Dagger+1"],"picked":"Leg Sweep+1","floor":42},{"not_picked":["Flechettes","Crippling Poison+1"],"picked":"Footwork","floor":44},{"not_picked":["Backstab","Tools of the Trade"],"picked":"Caltrops+1","floor":46},{"not_picked":["Endless Agony+1","Flying Knee"],"picked":"Footwork","floor":47},{"not_picked":["Poisoned Stab+1","Dagger Spray"],"picked":"Backflip+1","floor":48},{"not_picked":["Slice","Skewer"],"picked":"Bouncing Flask+1","floor":55}],"player_experience":1032667,"relics_obtained":[{"floor":7,"key":"Incense Burner"},{"floor":9,"key":"Orichalcum"},{"floor":11,"key":"MawBank"},{"floor":14,"key":"Lizard Tail"},{"floor":23,"key":"Bottled Flame"},{"floor":26,"key":"Kunai"},{"floor":29,"key":"Tiny Chest"},{"floor":31,"key":"aspiration:VileToxins"},{"floor":40,"key":"aspiration:FetidBarrel"},{"floor":44,"key":"Omamori"},{"floor":46,"key":"Darkstone Periapt"},{"floor":55,"key":"Paper Crane"}],"event_choices":[{"damage_healed":0,"gold_gain":0,"player_choice":"Relic ","damage_taken":26,"max_hp_gain":0,"max_hp_loss":0,"event_name":"betterThird:BetterScrap","floor":3,"gold_loss":0,"cards_obtained":["Doom and Gloom"]},{"cards_removed":["Injury"],"damage_healed":0,"gold_gain":0,"player_choice":"Forget","damage_taken":0,"max_hp_gain":0,"max_hp_loss":0,"event_name":"Living Wall","floor":5,"gold_loss":0},{"damage_healed":0,"gold_gain":30,"player_choice":"Searched \u00272\u0027 times","damage_taken":0,"max_hp_gain":0,"max_hp_loss":0,"event_name":"Dead Adventurer","floor":11,"gold_loss":0},{"damage_healed":0,"gold_gain":0,"player_choice":"Upgraded","damage_taken":0,"max_hp_gain":0,"max_hp_loss":0,"event_name":"Upgrade Shrine","floor":21,"gold_loss":0,"cards_upgraded":["Sucker Punch"]},{"damage_healed":0,"gold_gain":0,"player_choice":"Upgraded","damage_taken":0,"max_hp_gain":0,"max_hp_loss":0,"event_name":"Upgrade Shrine","floor":37,"gold_loss":0,"cards_upgraded":["Defend_G"]},{"damage_healed":0,"gold_gain":0,"player_choice":"Max HP","damage_taken":0,"max_hp_gain":0,"max_hp_loss":4,"event_name":"Winding Halls","floor":45,"gold_loss":0}],"is_beta":false,"boss_relics":[{"not_picked":["Runic Dome","aspiration:SecretTechniqueScroll"],"picked":"Coffee Dripper"},{"not_picked":["Empty Cage","Fusion Hammer"],"picked":"Runic Pyramid"}],"items_purged_floors":[19,25,36,54],"is_endless":false,"potions_floor_spawned":[2,7,11,13,22,23,29,30,31,33,35,39,44,47],"ascension_level":20}}