{"host":"9qh03gjyvt0jixwo","time":1609386586,"event":{"mods":["Act Like it!","BaseMod","CapriCore","Colored Map","Colored Powertips","Dota2Spire","Friendly Minions","Gensokyo","GifTheSpireLib","Highlight Path","Marisa£®ÏF”Í°°ƒß¿Ì…≥£©","Minty Spire (QoL Compilation)","Reimu£®≤©¿ˆ¡È√Œ£©","Remilia£®¿Ÿ√◊¿Ú—«£©","Replay The Spire","StSLib","The Administrix","Youmu£®ªÍ∆«—˝√Œ£©","Yuyuko"],"gold_per_floor":[117,67,31,31,48,80,155,155,155,180,180,209,219,229,229,334,334,346,358,358,47,58,58,58,58,58],"floor_reached":25,"playtime":4132,"items_purged":["AdministrixMod:Defend_Administrix"],"score":244,"play_id":"3ae5706f-84e9-439e-8b6d-1d3de7800711","local_time":"20201231114946","is_ascension_mode":false,"campfire_choices":[{"data":"AdministrixMod:ShadowPlay","floor":8,"key":"SMITH"},{"data":"AdministrixMod:SyncreticSurge","floor":11,"key":"SMITH"},{"data":"AdministrixMod:BishamonBlessing","floor":15,"key":"SMITH"},{"data":"1","floor":23,"key":"LIFT"}],"circlet_count":0,"master_deck":["AdministrixMod:Strike_Administrix","AdministrixMod:Strike_Administrix","AdministrixMod:Strike_Administrix","AdministrixMod:RedCloak","AdministrixMod:Defend_Administrix","AdministrixMod:Defend_Administrix","AdministrixMod:Defend_Administrix","AdministrixMod:BlueCloak","AdministrixMod:ShadowPlay+1","AdministrixMod:FuneraryRites+1","AdministrixMod:SyncreticSurge+1","AdministrixMod:FeastOfDew","AdministrixMod:PassageOfAges","AdministrixMod:BishamonBlessing+1","AdministrixMod:ArmillarySphere","AdministrixMod:FaithfulFlames","AdministrixMod:ExtolVirtue","AdministrixMod:RebukeDesires+1","AdministrixMod:CastOffRegrets","AdministrixMod:MixOfMercury"],"relics":["AdministrixMod:ConductorRitualBaton","NeowsBlessing","Snack Pack","Blood Vial","Girya","Philosopher\u0027s Stone","Nloth\u0027s Gift","Simple Rune"],"acts_visited":["Exordium","TheCity"],"potions_floor_usage":[16,22],"damage_taken":[{"damage":0,"enemies":"Jaw Worm","floor":1,"turns":1},{"damage":0,"enemies":"Cultist","floor":5,"turns":1},{"damage":0,"enemies":"3 Sentries","floor":6,"turns":1},{"damage":20,"enemies":"Lagavulin","floor":10,"turns":8},{"damage":6,"enemies":"3 Sentries","floor":12,"turns":6},{"damage":0,"enemies":"Small Slimes","floor":13,"turns":2},{"damage":9,"enemies":"Exordium Thugs","floor":14,"turns":4},{"damage":21,"enemies":"Fading Forest","floor":16,"turns":11},{"damage":0,"enemies":"Spheric Guardian","floor":18,"turns":3},{"damage":18,"enemies":"2 Thieves","floor":19,"turns":4},{"damage":27,"enemies":"Snake Plant","floor":22,"turns":5},{"damage":45,"enemies":"Slavers","floor":25,"turns":3}],"seed_played":"-9209759441579850957","potions_obtained":[{"floor":1,"key":"SteroidPotion"},{"floor":12,"key":"ZuzhouPotion:ReiMu"},{"floor":16,"key":"Weak Potion"}],"is_trial":false,"path_per_floor":["M","?","$","?","M","E","?","R","T","E","R","E","M","M","R","B",null,"M","M","?","$","M","R","?","E"],"character_chosen":"TheAdministrix","items_purchased":["AdministrixMod:FuneraryRites+1","Simple Rune","AdministrixMod:CastOffRegrets"],"campfire_rested":0,"item_purchase_floors":[3,21,21],"current_hp_per_floor":[65,65,65,65,65,65,54,54,54,50,50,61,65,64,64,55,72,72,58,58,58,43,43,43,0,0],"gold":58,"neow_bonus":"THREE_ENEMY_KILL","is_daily":false,"chose_seed":false,"campfire_upgraded":3,"win_rate":0.0,"timestamp":1609386586,"path_taken":["M","?","$","?","?","E","?","R","T","E","R","E","M","M","R","BOSS","M","M","?","?","?","R","?","E"],"items_purchased_type":["Card","Relic","Card"],"build_version":"2020-12-22","purchased_purges":1,"victory":false,"max_hp_per_floor":[65,65,65,65,65,65,65,65,65,65,65,72,72,72,72,72,72,72,72,72,72,72,72,72,72,72],"card_choices":[{"not_picked":["AdministrixMod:DreamsMausoleum","AdministrixMod:RegentEdict"],"picked":"AdministrixMod:ShadowPlay","floor":1},{"not_picked":["AdministrixMod:Untouchable","AdministrixMod:FuneraryRites"],"picked":"AdministrixMod:SyncreticSurge","floor":5},{"not_picked":["AdministrixMod:LightOfYourLife","AdministrixMod:DiversionaryTactic"],"picked":"AdministrixMod:FeastOfDew","floor":6},{"not_picked":["AdministrixMod:TouchOfCinnabar","AdministrixMod:GuanyinBlessing"],"picked":"AdministrixMod:PassageOfAges","floor":10},{"not_picked":["AdministrixMod:DiversionaryTactic","AdministrixMod:HiddenPower","AdministrixMod:SeventeenArticleLaser"],"picked":"SKIP","floor":12},{"not_picked":["AdministrixMod:DiversionaryTactic","AdministrixMod:GirlsDoItBetter"],"picked":"AdministrixMod:BishamonBlessing","floor":13},{"not_picked":["AdministrixMod:Metempsychosis","AdministrixMod:TouchOfCinnabar"],"picked":"AdministrixMod:ArmillarySphere","floor":14},{"not_picked":["AdministrixMod:Schism","AdministrixMod:FalseDeath"],"picked":"AdministrixMod:FaithfulFlames","floor":16},{"not_picked":["AdministrixMod:Katabasis","AdministrixMod:SipOfSparks"],"picked":"AdministrixMod:ExtolVirtue","floor":18},{"not_picked":["AdministrixMod:ReachToHeaven","AdministrixMod:DiversionaryTactic"],"picked":"AdministrixMod:RebukeDesires+1","floor":19},{"not_picked":["AdministrixMod:ExtolVirtue","AdministrixMod:Overdrive"],"picked":"AdministrixMod:MixOfMercury","floor":22}],"player_experience":249807,"relics_obtained":[{"floor":6,"key":"Snack Pack"},{"floor":9,"key":"Blood Vial"},{"floor":10,"key":"Girya"},{"floor":12,"key":"Strawberry"}],"event_choices":[{"cards_removed":["AdministrixMod:Strike_Administrix"],"damage_healed":0,"gold_gain":0,"player_choice":"Card Removal","damage_taken":0,"max_hp_gain":0,"max_hp_loss":0,"event_name":"The Cleric","floor":2,"gold_loss":50},{"damage_healed":0,"gold_gain":0,"player_choice":"Ignored","damage_taken":0,"max_hp_gain":0,"max_hp_loss":0,"event_name":"NoteForYourself","floor":4,"gold_loss":0},{"damage_healed":0,"gold_gain":75,"player_choice":"Gather Gold","damage_taken":11,"max_hp_gain":0,"max_hp_loss":0,"event_name":"World of Goop","floor":7,"gold_loss":0},{"damage_healed":0,"gold_gain":0,"player_choice":"Traded Relic","damage_taken":0,"relics_obtained":["Nloth\u0027s Gift"],"max_hp_gain":0,"max_hp_loss":0,"event_name":"N\u0027loth","floor":20,"relics_lost":["Strawberry"],"gold_loss":0},{"damage_healed":0,"gold_gain":0,"player_choice":"Ignored","damage_taken":0,"max_hp_gain":0,"max_hp_loss":0,"event_name":"Ghosts","floor":24,"gold_loss":0}],"is_beta":false,"boss_relics":[{"not_picked":["RedLine:ReiMu","Busted Crown"],"picked":"Philosopher\u0027s Stone"}],"items_purged_floors":[21],"is_endless":false,"potions_floor_spawned":[1,12,16],"killed_by":"Slavers","ascension_level":0}}