{"host":"f6tqpspb2ou2a4h5","time":1609417933,"event":{"mods":["2.2 Compatiblity","Ascension Unlocker","BaseMod","Colored Map","DeckTracker","Hermit","Highlight Path","KOR Keyword Fix","Keyboard Shortcuts","Minty Spire (QoL Compilation)","Permanent Neow","Quick Restart","Random Character Button","StSLib","SuperFastMode","The Poker Player","everything is the same but u backflip on backflip"],"gold_per_floor":[110,121,138,152,168,168,168,168,242,268,286,304,315,315,315,416,416,426,476,489,507,43,43,56,84,84,102,117,117,130,141,141,246,246,260,180,195,210,223,223,239,239,239],"floor_reached":42,"playtime":1614,"items_purged":["Strike_B","Strike_B"],"score":695,"play_id":"f7166757-d38b-4ef3-bcfa-712022449623","local_time":"20201231213213","is_ascension_mode":true,"campfire_choices":[{"data":"Zap","floor":6.0,"key":"SMITH"},{"data":"Rip and Tear","floor":8.0,"key":"SMITH"},{"floor":15.0,"key":"REST"},{"data":"Defragment","floor":23.0,"key":"SMITH"},{"floor":29,"key":"REST"},{"floor":32,"key":"REST"},{"data":"Recycle","floor":40,"key":"SMITH"}],"circlet_count":0,"master_deck":["AscendersBane","Strike_B","Strike_B","Defend_B","Defend_B","Defend_B","Defend_B","Zap+1","Dualcast","Ball Lightning","Hologram","Rip and Tear+1","Conserve Battery","Cold Snap","Cold Snap","Conserve Battery","Streamline","Electrodynamics","Gash+1","Gash","Compile Driver+1","Defragment+1","Steam","Creative AI","Recycle+1","Gash","Gash","Stack","Buffer","Storm","All For One"],"relics":["Cracked Core","NeowsBlessing","The Courier","StoneCalendar","Nuclear Battery","HornCleat","MealTicket","Anchor","Ornamental Fan","Sozu"],"acts_visited":["Exordium","TheCity","TheBeyond"],"potions_floor_usage":[28,33,33],"damage_taken":[{"damage":0.0,"enemies":"Cultist","floor":1.0,"turns":1.0},{"damage":0.0,"enemies":"2 Louse","floor":2.0,"turns":1.0},{"damage":0.0,"enemies":"Jaw Worm","floor":3.0,"turns":1.0},{"damage":16.0,"enemies":"Exordium Wildlife","floor":4.0,"turns":5.0},{"damage":17.0,"enemies":"Exordium Thugs","floor":5.0,"turns":5.0},{"damage":22.0,"enemies":"Lagavulin","floor":10.0,"turns":5.0},{"damage":11.0,"enemies":"2 Fungi Beasts","floor":11.0,"turns":3.0},{"damage":5.0,"enemies":"Blue Slaver","floor":12.0,"turns":3.0},{"damage":5.0,"enemies":"Looter","floor":13.0,"turns":3.0},{"damage":17.0,"enemies":"Hexaghost","floor":16.0,"turns":8.0},{"damage":13.0,"enemies":"Spheric Guardian","floor":18.0,"turns":4.0},{"damage":0.0,"enemies":"3 Byrds","floor":20.0,"turns":2.0},{"damage":20.0,"enemies":"Centurion and Healer","floor":21.0,"turns":6.0},{"damage":10.0,"enemies":"Shelled Parasite and Fungi","floor":24.0,"turns":5.0},{"damage":35,"enemies":"Book of Stabbing","floor":25,"turns":5},{"damage":7,"enemies":"Snecko","floor":27,"turns":6},{"damage":11,"enemies":"Cultist and Chosen","floor":28,"turns":5},{"damage":13,"enemies":"Shelled Parasite and Fungi","floor":30,"turns":6},{"damage":0,"enemies":"Snake Plant","floor":31,"turns":3},{"damage":34,"enemies":"Champ","floor":33,"turns":10},{"damage":17,"enemies":"Orb Walker","floor":35,"turns":4},{"damage":4,"enemies":"3 Darklings","floor":37,"turns":6},{"damage":11,"enemies":"Sphere and 2 Shapes","floor":38,"turns":4},{"damage":10,"enemies":"Jaw Worm Horde","floor":39,"turns":3},{"damage":21,"enemies":"Spire Growth","floor":41,"turns":5},{"damage":14,"enemies":"Reptomancer","floor":42,"turns":2}],"seed_played":"-5927560747019407954","potions_obtained":[{"floor":2.0,"key":"ColorlessPotion"},{"floor":3.0,"key":"FairyPotion"},{"floor":5.0,"key":"Block Potion"},{"floor":7.0,"key":"FairyPotion"},{"floor":18.0,"key":"Explosive Potion"},{"floor":20.0,"key":"LiquidMemories"},{"floor":27,"key":"Dexterity Potion"},{"floor":30,"key":"AttackPotion"},{"floor":33,"key":"Weak Potion"}],"is_trial":false,"path_per_floor":["M","M","M","M","M","R","?","R","T","E","M","M","M","?","R","B",null,"M","?","M","M","$","R","M","E","T","M","M","R","M","M","R","B",null,"M","$","M","M","M","R","M","E"],"character_chosen":"DEFECT","items_purchased":["Defragment","HornCleat","MealTicket","Steam"],"campfire_rested":3,"item_purchase_floors":[22,22,22,22],"current_hp_per_floor":[68,68,68,52,35,35,35,35,35,13,2,22,17,17,39,22,62,49,49,49,29,29,29,19,22,22,15,4,26,13,13,35,1,57,40,55,51,40,30,30,9,0,0],"gold":239,"neow_bonus":"THREE_ENEMY_KILL","is_daily":false,"chose_seed":false,"campfire_upgraded":4,"win_rate":0.0,"timestamp":1609417933,"path_taken":["M","M","M","M","?","R","?","R","T","E","?","M","M","?","R","BOSS","M","?","M","M","$","R","M","E","T","?","M","R","M","M","R","BOSS","M","$","M","M","M","R","M","E"],"items_purchased_type":["Card","Relic","Relic","Card"],"build_version":"2020-12-22","purchased_purges":2,"victory":false,"max_hp_per_floor":[75,75,75,75,75,75,75,75,75,75,75,75,75,75,75,75,75,75,75,75,75,75,75,75,75,75,75,75,75,75,75,75,75,75,75,75,75,75,75,75,75,75,75],"card_choices":[{"not_picked":["Beam Cell","Undo"],"picked":"Ball Lightning","floor":1.0},{"not_picked":["Rebound","Capacitor"],"picked":"Hologram","floor":2.0},{"not_picked":["Rebound","Redo"],"picked":"Rip and Tear","floor":3.0},{"not_picked":["Consume","Go for the Eyes"],"picked":"Conserve Battery","floor":4.0},{"not_picked":["Turbo","Thunder Strike"],"picked":"Cold Snap","floor":5.0},{"not_picked":["Force Field","Rebound","Turbo"],"picked":"SKIP","floor":10.0},{"not_picked":["Ball Lightning","Skim"],"picked":"Cold Snap","floor":11.0},{"not_picked":["Auto Shields","Rebound"],"picked":"Conserve Battery","floor":12.0},{"not_picked":["Steam","Redo"],"picked":"Streamline","floor":13.0},{"not_picked":["Thunder Strike","All For One"],"picked":"Electrodynamics","floor":16.0},{"not_picked":["White Noise","Beam Cell+1"],"picked":"Gash+1","floor":18.0},{"not_picked":["Force Field+1","Ball Lightning"],"picked":"Gash","floor":20.0},{"not_picked":["Hologram","Glacier"],"picked":"Compile Driver+1","floor":21.0},{"not_picked":["Genetic Algorithm","Go for the Eyes+1"],"picked":"Creative AI","floor":24.0},{"not_picked":["Rebound+1","Barrage"],"picked":"Recycle","floor":25},{"not_picked":["Rip and Tear","Go for the Eyes"],"picked":"Gash","floor":27},{"not_picked":["Amplify","Compile Driver"],"picked":"Gash","floor":28},{"not_picked":["Conserve Battery","Turbo"],"picked":"Stack","floor":30},{"not_picked":["Chaos","Sweeping Beam","Blizzard"],"picked":"SKIP","floor":31},{"not_picked":["Reboot","Creative AI"],"picked":"Buffer","floor":33},{"not_picked":["Beam Cell+1","Gash","Stack+1"],"picked":"SKIP","floor":35},{"not_picked":["Leap+1","Turbo"],"picked":"Storm","floor":37},{"not_picked":["Genetic Algorithm+1","White Noise","Conserve Battery"],"picked":"SKIP","floor":38},{"not_picked":["Cold Snap+1","Leap+1"],"picked":"All For One","floor":39},{"not_picked":["Cold Snap","Ball Lightning+1","Streamline"],"picked":"SKIP","floor":41}],"player_experience":52433,"relics_obtained":[{"floor":9.0,"key":"The Courier"},{"floor":10.0,"key":"StoneCalendar"},{"floor":25,"key":"Anchor"},{"floor":26,"key":"Ornamental Fan"}],"event_choices":[{"damage_healed":0.0,"max_hp_gain":0.0,"max_hp_loss":0.0,"gold_gain":0.0,"event_name":"Lab","player_choice":"Got Potions","floor":7.0,"gold_loss":0.0,"damage_taken":0.0},{"damage_healed":0.0,"max_hp_gain":0.0,"max_hp_loss":0.0,"gold_gain":0.0,"event_name":"Liars Game","player_choice":"Ignored","floor":14.0,"gold_loss":0.0,"damage_taken":0.0},{"damage_healed":0.0,"max_hp_gain":0.0,"max_hp_loss":0.0,"gold_gain":100.0,"event_name":"The Joust","player_choice":"Bet on Murderer","floor":19.0,"gold_loss":50.0,"damage_taken":0.0}],"is_beta":false,"boss_relics":[{"not_picked":["Fusion Hammer","FrozenCore"],"picked":"Nuclear Battery"},{"not_picked":["Tiny House","Empty Cage"],"picked":"Sozu"}],"items_purged_floors":[22,36],"is_endless":false,"potions_floor_spawned":[2,3,5,10,18,20,27,30,31,33,39,41],"killed_by":"Reptomancer","ascension_level":11}}