{"host":"tq7pufgtqftqw8yr","time":1609399608,"event":{"mods":["BaseMod","Downfall","Minty Spire (QoL Compilation)","StSLib"],"gold_per_floor":[99,99,119,130,305,324,324,249,249,280,205,217,217,230,248,348,398,398,417,433,433,445,90,161,161,161,193,193,193,25,58,70,70,70,70],"floor_reached":33,"playtime":4284,"items_purged":["Guardian:Strike_Guardian"],"score":310,"play_id":"3533f22d-3363-4d85-9244-a2acb422be26","local_time":"20201231152648","is_ascension_mode":false,"campfire_choices":[{"floor":1,"key":"RECALL"},{"data":"Guardian:CurlUp","floor":8,"key":"SMITH"},{"data":"Guardian:TwinSlam","floor":11,"key":"SMITH"},{"floor":13,"key":"REST"},{"floor":28,"key":"REST"}],"circlet_count":0,"master_deck":["Guardian:Defend_Guardian","Guardian:Defend_Guardian","Guardian:Defend_Guardian","Guardian:Defend_Guardian","Guardian:CurlUp+1","Guardian:TwinSlam+1","Guardian:TemporalStrike","Guardian:VentSteam","Guardian:ChargeCore","Guardian:Planning","Guardian:StasisStrike","Guardian:PrismaticBeam","Guardian:PrimingBeam","Guardian:ArmoredProtocol","Guardian:Orbwalk+1","Guardian:BaubleBeam","Guardian:Gem_Green","Bite","Bite","Bite","Bite","Bite","J.A.X.","Guardian:BronzeArmor","Guardian:Gem_Purple","Guardian:PrismaticBeam","Guardian:SentryBeam","Guardian:FloatingOrbs+1"],"relics":["Guardian:ModeShifter","Guardian:PickAxe","Gremlin Horn","downfall:HeartBlessingRed","downfall:HeartBlessingGreen","Tiny House","Tiny Chest","Meat on the Bone","PreservedInsect","downfall:RedIOU","DollysMirror","FossilizedHelix"],"acts_visited":["Exordium","TheCity"],"potions_floor_usage":[6,10,15,16,22,22,27,31],"damage_taken":[{"damage":12,"floor":2,"turns":6},{"damage":0,"enemies":"Jaw Worm","floor":3,"turns":4},{"damage":2,"enemies":"Small Slimes","floor":4,"turns":4},{"damage":2,"enemies":"Cultist","floor":6,"turns":5},{"damage":33,"enemies":"3 Sentries","floor":10,"turns":13},{"damage":0,"enemies":"Exordium Wildlife","floor":12,"turns":4},{"damage":0,"enemies":"3 Louse","floor":14,"turns":3},{"damage":0,"enemies":"Blue Slaver","floor":15,"turns":2},{"damage":5,"enemies":"downfall:Ironclad","floor":16,"turns":8},{"damage":10,"enemies":"Spheric Guardian","floor":19,"turns":4},{"damage":4,"enemies":"Chosen","floor":20,"turns":3},{"damage":15,"enemies":"Snecko","floor":22,"turns":4},{"damage":0,"enemies":"downfall:FleeingMerchant","floor":23,"turns":4},{"damage":40,"enemies":"Book of Stabbing","floor":27,"turns":5},{"damage":0,"enemies":"downfall:FleeingMerchant","floor":30,"turns":4},{"damage":4,"enemies":"Slavers","floor":31,"turns":4},{"damage":23,"enemies":"Sentry and Sphere","floor":32,"turns":4},{"damage":48,"enemies":"downfall:Watcher","floor":33,"turns":6}],"seed_played":"1738641711788999239","potions_obtained":[{"floor":4,"key":"champ:CounterPotion"},{"floor":6,"key":"LiquidMemories"},{"floor":12,"key":"GamblersBrew"},{"floor":14,"key":"Fire Potion"},{"floor":15,"key":"Block Potion"},{"floor":17,"key":"FearPotion"},{"floor":19,"key":"DistilledChaos"},{"floor":27,"key":"FearPotion"},{"floor":32,"key":"Fire Potion"}],"is_trial":false,"path_per_floor":["R","?","M","M","?","M","T","R","?","E","R","M","R","M","M","B",null,"R","M","M","?","M","$","T","?","?","E","R","?","$","E","M","B"],"character_chosen":"GUARDIAN","items_purchased":["Guardian:BaubleBeam","Guardian:Gem_Green","Tiny Chest","DollysMirror"],"campfire_rested":2,"item_purchase_floors":[23,23,23,30],"current_hp_per_floor":[80,62,62,60,60,58,58,58,58,25,25,25,49,49,49,44,85,85,75,71,71,56,56,56,56,56,34,51,51,57,59,38,0,0,0],"gold":70,"neow_bonus":"REMOVE_CARD","is_daily":false,"chose_seed":false,"campfire_upgraded":2,"win_rate":0.0,"timestamp":1609399608,"path_taken":["R","?","M","M","?","?","T","R","?","E","R","?","R","M","M","BOSS","R","M","M","?","M","$","T","?","?","E","R","?","$","E","M","BOSS"],"items_purchased_type":["Card","Card","Relic","Relic"],"build_version":"2020-12-22","purchased_purges":1,"victory":false,"max_hp_per_floor":[80,80,80,80,80,80,80,80,80,80,80,80,80,80,80,80,85,85,85,85,85,85,85,85,59,59,59,59,59,59,59,59,59,59,59],"card_choices":[{"not_picked":["Guardian:RollAttack","Guardian:DonusPower"],"picked":"Guardian:Gem_Blue","floor":3},{"not_picked":["Guardian:Planning","Guardian:RollAttack"],"picked":"Guardian:Gem_Lightblue","floor":4},{"not_picked":["Guardian:CrystalBeam","Guardian:DecasProtection","Guardian:WalkerClaw"],"picked":"SKIP","floor":6},{"not_picked":["Guardian:PrimingBeam","Guardian:Orbwalk"],"picked":"Guardian:TemporalStrike","floor":10},{"not_picked":["Guardian:RollAttack","Guardian:TemporalStrike"],"picked":"Guardian:VentSteam","floor":12},{"not_picked":["Guardian:FierceBash","Guardian:Gem_Cyan"],"picked":"Guardian:ChargeCore","floor":14},{"not_picked":["Guardian:Suspension","Guardian:Repulse"],"picked":"Guardian:Planning","floor":15},{"not_picked":["Guardian:ConstructionForm","Guardian:Gem_Synthetic"],"picked":"Guardian:StasisStrike","floor":16},{"not_picked":["Guardian:Planning","Guardian:PiercingHide"],"picked":"Guardian:PrismaticBeam","floor":17},{"not_picked":["Guardian:ShieldCharger","Guardian:Gem_Lightblue"],"picked":"Guardian:Gem_Green","floor":19},{"not_picked":["Guardian:Reroute","Guardian:StasisStrike"],"picked":"Guardian:PrimingBeam","floor":20},{"not_picked":["Guardian:Reroute","Guardian:VentSteam+1"],"picked":"Guardian:ArmoredProtocol","floor":22},{"not_picked":["Guardian:Gem_Cyan","Guardian:BronzeOrb"],"picked":"Guardian:Orbwalk+1","floor":23},{"not_picked":["Guardian:Reroute","Guardian:Gem_Lightblue"],"picked":"Guardian:BronzeArmor","floor":27},{"not_picked":["Guardian:ShieldCharger","Guardian:Incinerate"],"picked":"Guardian:Gem_Purple","floor":30},{"not_picked":["Guardian:CrystalBeam","Guardian:PiercingHide"],"picked":"Guardian:SentryBeam","floor":31},{"not_picked":["Guardian:Incinerate","Guardian:ShieldCharger"],"picked":"Guardian:FloatingOrbs+1","floor":32}],"player_experience":774911,"relics_obtained":[{"floor":7,"key":"Gremlin Horn"},{"floor":10,"key":"Happy Flower"},{"floor":24,"key":"Meat on the Bone"},{"floor":27,"key":"PreservedInsect"},{"floor":31,"key":"FossilizedHelix"}],"event_choices":[{"damage_healed":0,"gold_gain":0,"player_choice":"Became a vampire","damage_taken":0,"max_hp_gain":0,"max_hp_loss":26,"event_name":"Vampires","floor":25,"gold_loss":0,"cards_obtained":["Bite","Bite","Bite","Bite","Bite"]},{"damage_healed":0,"gold_gain":0,"player_choice":"Obtain J.A.X.","damage_taken":0,"max_hp_gain":0,"max_hp_loss":0,"event_name":"Drug Dealer","floor":26,"gold_loss":0,"cards_obtained":["J.A.X."]}],"is_beta":false,"boss_relics":[{"not_picked":["Empty Cage","Sozu"],"picked":"Tiny House"}],"items_purged_floors":[23],"is_endless":false,"potions_floor_spawned":[4,6,12,14,15,19,27,32],"killed_by":"downfall:Watcher","ascension_level":0}}