{"host":"t1puqh5lxz8sp6fn","time":1609397291,"event":{"mods":["BaseMod","Colored Powertips","Minty Spire (QoL Compilation)","Rare Cards Sparkle","Replay The Spire","StSLib"],"gold_per_floor":[109,129,192,192,192,192,206,237,306,306,9,23,23,43,43,164,164,184,184,205,229,57,57,57,88,88,13,13,13,32,51,51,51,51,172,172,192,192,210,210,233,233,256,256,256,3,3,3],"floor_reached":47,"playtime":2643,"items_purged":["Strike_G"],"score":734,"play_id":"6fe1a8ad-14e6-4f87-bd06-bc4e62244618","local_time":"20201231034811","is_ascension_mode":true,"campfire_choices":[{"floor":6.0,"key":"REST"},{"floor":10.0,"key":"REST"},{"data":"Toxin Wave","floor":15.0,"key":"SMITH"},{"floor":26.0,"key":"REST"},{"data":"Phantasmal Killer","floor":29.0,"key":"SMITH"},{"floor":34.0,"key":"DIG"},{"floor":42.0,"key":"RECALL"},{"data":"Apotheosis","floor":44,"key":"SMITH"}],"circlet_count":0,"master_deck":["AscendersBane","Defend_G","Defend_G","Defend_G","Defend_G","Defend_G","Survivor","Neutralize","Dramatic Entrance","All Out Attack","Dagger Throw","Dash","Toxin Wave+1","Poisoned Stab","Cloak And Dagger","ReplayTheSpireMod:Scrap Shanks","Terror","Phantasmal Killer+1","Well Laid Plans","Deflect","Prepared+1","Noxious Fumes","PiercingWail","ReplayTheSpireMod:Speed Training+1","Bite","Bite","Bite","Bite","Bite","Tools of the Trade","Injury","Blade Dance+1","Apotheosis+1","Bandage Up","Blur+1","ReplayTheSpireMod:Necrosis"],"relics":["Golden Idol","HornCleat","White Beast Statue","Sizzling Blood","SlaversCollar","Nloth\u0027s Gift","ReplayTheSpireMod:Shallot","Ornamental Fan","Pantograph","Anchor","Replay:Ancient Bell","Omamori","Snack Pack","Incense Burner","Replay:Wax Seal","Replay:WaspNest"],"acts_visited":["Exordium","TheCity","TheBeyond"],"potions_floor_usage":[43],"damage_taken":[{"damage":0.0,"enemies":"2 Louse","floor":1.0,"turns":2.0},{"damage":0.0,"enemies":"Small Slimes","floor":2.0,"turns":2.0},{"damage":0.0,"enemies":"Cultist","floor":7.0,"turns":3.0},{"damage":41.0,"enemies":"Lagavulin","floor":8.0,"turns":9.0},{"damage":0.0,"enemies":"Lots of Slimes","floor":12.0,"turns":1.0},{"damage":8.0,"enemies":"Red Slaver","floor":14.0,"turns":5.0},{"damage":26.0,"enemies":"Fading Forest","floor":16.0,"turns":11.0},{"damage":12.0,"enemies":"3 Byrds","floor":18.0,"turns":5.0},{"damage":27.0,"enemies":"Chosen","floor":20.0,"turns":5.0},{"damage":19.0,"enemies":"Centurion and Healer","floor":21.0,"turns":8.0},{"damage":13.0,"enemies":"Slavers","floor":25.0,"turns":5.0},{"damage":4.0,"enemies":"Cultist and Chosen","floor":30.0,"turns":5.0},{"damage":29.0,"enemies":"Snecko","floor":31.0,"turns":7.0},{"damage":49.0,"enemies":"Collector","floor":35.0,"turns":10.0},{"damage":18.0,"enemies":"3 Shapes","floor":37.0,"turns":6.0},{"damage":21.0,"enemies":"3 Darklings","floor":39.0,"turns":8.0},{"damage":29,"enemies":"Transient","floor":43,"turns":5},{"damage":64,"enemies":"Spire Growth","floor":47,"turns":6}],"seed_played":"-5539157754021157246","potions_obtained":[{"floor":2.0,"key":"Energy Potion"},{"floor":8.0,"key":"Strength Potion"},{"floor":12.0,"key":"DistilledChaos"},{"floor":14.0,"key":"Strength Potion"},{"floor":16.0,"key":"PowerPotion"},{"floor":18.0,"key":"Swift Potion"},{"floor":20.0,"key":"BlessingOfTheForge"},{"floor":21.0,"key":"Toxic Potion"},{"floor":25.0,"key":"PowerPotion"},{"floor":30.0,"key":"Dexterity Potion"},{"floor":31.0,"key":"Toxic Potion"},{"floor":35.0,"key":"SpeedPotion"},{"floor":37.0,"key":"PowerPotion"},{"floor":39.0,"key":"DuplicationPotion"},{"floor":43,"key":"Languid Potion"}],"is_trial":false,"path_per_floor":["M","M","?","?","?","R","M","E","T","R","$","M","?","M","R","B",null,"M","?","M","M","$","PTL","PTL","E","R","$","T","R","M","M","T","?","R","B",null,"M","?","M","?","T","R","M","R","T","$","M"],"character_chosen":"THE_SILENT","items_purchased":["White Beast Statue","Cloak And Dagger","Noxious Fumes","FairyPotion","Replay:WaspNest"],"campfire_rested":3,"item_purchase_floors":[11,11,22,22,46],"current_hp_per_floor":[63,63,63,46,46,67,67,26,26,47,47,47,51,47,47,33,64,56,56,33,18,18,18,18,9,31,31,31,31,31,6,6,6,6,23,44,36,31,50,50,50,50,34,34,34,34,0,0],"gold":3,"neow_bonus":"RANDOM_COLORLESS","is_daily":false,"chose_seed":false,"campfire_upgraded":3,"win_rate":0.0,"timestamp":1609397291,"path_taken":["M","M","?","?","?","R","M","E","T","R","$","M","?","M","R","BOSS","M","?","M","M","$","PTL","PTL","E","R","?","T","R","M","?","?","?","R","BOSS","M","?","M","?","?","R","M","R","T","$","M"],"items_purchased_type":["Relic","Card","Card","Potion","Relic"],"build_version":"2020-12-13","purchased_purges":1,"victory":false,"max_hp_per_floor":[70,70,70,70,70,70,70,70,70,70,70,70,74,74,74,74,74,74,74,74,74,74,74,74,74,74,74,74,74,74,74,74,51,51,51,51,51,51,51,51,51,51,51,51,51,51,51,51],"card_choices":[{"not_picked":["Impatience","Deep Breath"],"picked":"Dramatic Entrance","floor":0.0},{"not_picked":["Accuracy","ReplayTheSpireMod:Shiv Toss"],"picked":"All Out Attack","floor":1.0},{"not_picked":["Outmaneuver","Quick Slash"],"picked":"Dagger Throw","floor":2.0},{"not_picked":["PiercingWail","Dodge and Roll"],"picked":"Toxin Wave","floor":7.0},{"not_picked":["Choke","ReplayTheSpireMod:Necrosis"],"picked":"Poisoned Stab","floor":8.0},{"not_picked":["Deflect","Sneak Up"],"picked":"ReplayTheSpireMod:Scrap Shanks","floor":12.0},{"not_picked":["Sneak Up","Choke"],"picked":"Terror","floor":14.0},{"not_picked":["Doppelganger","Storm of Steel"],"picked":"Phantasmal Killer","floor":16.0},{"not_picked":["Dagger Spray","Flying Knee"],"picked":"Well Laid Plans","floor":18.0},{"not_picked":["Expertise","Prepared"],"picked":"Deflect","floor":20.0},{"not_picked":["Sucker Punch","Unload"],"picked":"Prepared+1","floor":21.0},{"not_picked":["ReplayTheSpireMod:Exploit Weakness+1","Poisoned Stab","Deadly Poison"],"picked":"SKIP","floor":25.0},{"not_picked":["Dagger Throw+1","Distraction"],"picked":"PiercingWail","floor":30.0},{"not_picked":["Poisoned Stab+1","Masterful Stab+1"],"picked":"ReplayTheSpireMod:Speed Training+1","floor":31.0},{"not_picked":["Malaise","After Image"],"picked":"Tools of the Trade","floor":35.0},{"not_picked":["Replay:Hysterical Blindness","ReplayTheSpireMod:Doomed"],"picked":"Decay","floor":36.0},{"not_picked":["Replay:Hysterical Blindness","Decay"],"picked":"ReplayTheSpireMod:IOU","floor":36.0},{"not_picked":["ReplayTheSpireMod:Splinters","ReplayTheSpireMod:Restless Dread"],"picked":"Injury","floor":36.0},{"not_picked":["ReplayTheSpireMod:Exploit Weakness+1","Quick Slash+1"],"picked":"Blade Dance+1","floor":37.0},{"not_picked":["Flash of Steel","ReplayTheSpireMod:Trickstab"],"picked":"Apotheosis","floor":38.0},{"not_picked":["ReplayTheSpireMod:Private Reserves","Replay:Sssssssssstrike"],"picked":"Bandage Up","floor":38.0},{"not_picked":["Poisoned Stab+1","Bouncing Flask"],"picked":"Blur+1","floor":39.0},{"not_picked":["Dagger Spray+1","Cloak And Dagger"],"picked":"ReplayTheSpireMod:Necrosis","floor":43}],"player_experience":396984,"relics_obtained":[{"floor":8.0,"key":"Potion Belt"},{"floor":9.0,"key":"HornCleat"},{"floor":25.0,"key":"ReplayTheSpireMod:Shallot"},{"floor":28.0,"key":"Ornamental Fan"},{"floor":32.0,"key":"Pantograph"},{"floor":34.0,"key":"Anchor"},{"floor":41.0,"key":"Replay:Wax Seal"}],"event_choices":[{"damage_healed":0.0,"max_hp_gain":0.0,"max_hp_loss":0.0,"gold_gain":63.0,"event_name":"Golden Wing","player_choice":"Gained Gold","floor":3.0,"gold_loss":0.0,"damage_taken":0.0},{"damage_healed":0.0,"max_hp_gain":0.0,"max_hp_loss":0.0,"gold_gain":0.0,"event_name":"Golden Idol","player_choice":"Take Damage","floor":4.0,"gold_loss":0.0,"damage_taken":17.0,"relics_obtained":["Golden Idol"]},{"damage_healed":0.0,"max_hp_gain":0.0,"max_hp_loss":0.0,"gold_gain":0.0,"cards_transformed":["Strike_G"],"event_name":"Living Wall","player_choice":"Change","floor":5.0,"gold_loss":0.0,"damage_taken":0.0,"cards_obtained":["Dash"]},{"damage_healed":0.0,"max_hp_gain":0.0,"max_hp_loss":0.0,"gold_gain":0.0,"event_name":"N\u0027loth","player_choice":"Traded Relic","floor":19.0,"relics_lost":["Potion Belt"],"gold_loss":0.0,"damage_taken":0.0,"relics_obtained":["Nloth\u0027s Gift"]},{"damage_healed":0.0,"max_hp_gain":0.0,"max_hp_loss":23.0,"gold_gain":0.0,"event_name":"Vampires","player_choice":"Became a vampire","floor":33.0,"gold_loss":0.0,"damage_taken":0.0,"cards_obtained":["Bite","Bite","Bite","Bite","Bite"]},{"damage_healed":0.0,"max_hp_gain":0.0,"max_hp_loss":0.0,"gold_gain":0.0,"event_name":"SensoryStone","player_choice":"Memory 2","floor":38.0,"gold_loss":0.0,"damage_taken":5.0},{"damage_healed":0.0,"max_hp_gain":0.0,"max_hp_loss":0.0,"gold_gain":0.0,"event_name":"Tomb of Lord Red Mask","player_choice":"Ignored","floor":40.0,"gold_loss":0.0,"damage_taken":0.0}],"is_beta":false,"boss_relics":[{"not_picked":["Runic Pyramid","Philosopher\u0027s Stone"],"picked":"SlaversCollar"},{"not_picked":["Replay:Bronze Core","Honey Jar"],"picked":"Replay:Ancient Bell"},{"not_picked":["Bag of Marbles","Nunchaku"],"picked":"Omamori"},{"not_picked":["Blue Candle","Replay:Bottled Snecko"],"picked":"Snack Pack"},{"not_picked":["FossilizedHelix","Replay:Arrowhead"],"picked":"Incense Burner"}],"items_purged_floors":[27],"is_endless":false,"potions_floor_spawned":[2,8,12,14,16,18,20,21,25,30,31,35,37,39,43],"killed_by":"Spire Growth","ascension_level":11}}