{"host":"mgc7o2tpy0ck407l","time":1609441300,"event":{"mods":["Alarm Clock","AlwaysNeverKeys","BaseMod","Better Altar","Better Match","Better Note","Better Sensory Stone","Better Skull","Better Third Choice","Better Vampires","Block Reminder","Booster Modes","Challenge The Spire","Colored Map","Colored Powertips","Disable Question Mark Monsters","Emptier Cage","Infinite Spire","Minty Spire (QoL Compilation)","Permanent Neow","Quick Restart","Rare Cards Sparkle","Reorder Act Four","Replay The Spire","Spicy Shops","StSLib","Transform Curses","Unceasing Turn Reminder"],"gold_per_floor":[119,15,25,25,25,25,25,25,77,77,77,77,117,44,44,44,44],"floor_reached":16,"playtime":450,"items_purged":[],"score":99,"play_id":"db3cf53d-3e54-4c74-b372-5ea46bbb935e","local_time":"20201231140140","is_ascension_mode":true,"campfire_choices":[{"data":"Streamline","floor":6,"key":"SMITH"},{"data":"Zap","floor":8,"key":"SMITH"},{"data":"Capacitor","floor":10,"key":"SMITH"},{"data":"Sweeping Beam","floor":15,"key":"SMITH"}],"circlet_count":0,"master_deck":["Strike_B","Strike_B","Strike_B","Strike_B","Defend_B+1","Defend_B","Defend_B+1","Defend_B+1","Zap+1","Dualcast","Capacitor+1","Streamline+1","Streamline+1","Choke","Sweeping Beam+1","Gash"],"relics":["Ring of Chaos","Centennial Puzzle","Golden Idol","Nunchaku","War Paint"],"acts_visited":["Exordium"],"potions_floor_usage":[],"damage_taken":[{"damage":7,"enemies":"2 Louse","floor":1,"turns":3},{"damage":2,"enemies":"Small Slimes","floor":3,"turns":4},{"damage":32,"enemies":"Gremlin Nob","floor":13,"turns":4},{"damage":39,"enemies":"Hexaghost","floor":16,"turns":7}],"seed_played":"3384777812925689214","potions_obtained":[],"is_trial":false,"path_per_floor":["M","$","M","?","?","R","?","R","T","R","?","?","E","$","R","B"],"character_chosen":"DEFECT","items_purchased":["Streamline","Gash"],"campfire_rested":0,"item_purchase_floors":[2,14],"current_hp_per_floor":[68,68,66,43,43,43,43,43,43,43,66,66,34,34,34,0,0],"gold":44,"neow_bonus":"BOSS_RELIC","is_daily":false,"chose_seed":false,"campfire_upgraded":4,"win_rate":0.0,"timestamp":1609441300,"path_taken":["M","$","M","?","?","R","?","R","T","R","?","?","E","$","R","BOSS"],"items_purchased_type":["Card","Card"],"build_version":"2020-12-22","purchased_purges":0,"victory":false,"max_hp_per_floor":[75,75,75,75,75,75,69,69,69,69,69,69,69,69,69,69,69],"card_choices":[{"not_picked":["Coolheaded","Leap"],"picked":"Capacitor","floor":1},{"not_picked":["Go for the Eyes","Steam"],"picked":"Streamline","floor":3},{"not_picked":["Consume","Panic Button"],"picked":"Sweeping Beam","floor":13}],"player_experience":706189,"relics_obtained":[{"floor":9,"key":"Nunchaku"},{"floor":13,"key":"War Paint"}],"event_choices":[{"damage_healed":0,"gold_gain":0,"player_choice":"Lose Max HP","damage_taken":0,"relics_obtained":["Golden Idol"],"max_hp_gain":0,"max_hp_loss":6,"event_name":"Golden Idol","floor":7,"gold_loss":0},{"damage_healed":23,"gold_gain":0,"player_choice":"Banana","damage_taken":0,"max_hp_gain":0,"max_hp_loss":0,"event_name":"Big Fish","floor":11,"gold_loss":0}],"is_beta":false,"boss_relics":[],"items_purged_floors":[],"is_endless":false,"potions_floor_spawned":[],"killed_by":"Hexaghost","ascension_level":1}}