{"host":"m6aaltr68g9tvoay","time":1609392694,"event":{"mods":["AchievementEnabler","BaseMod","Colored Map","Minty Spire (QoL Compilation)","StSLib"],"gold_per_floor":[17,37,37,50,50,78,78,94,117,129,46,46,46,105,105,184,184,202,202,116,166,166,166,184,10,34,34,34],"floor_reached":27,"playtime":911,"items_purged":[],"score":422,"play_id":"f7025c4d-b27e-423e-a550-d48a89be4aee","local_time":"20201230213134","is_ascension_mode":true,"campfire_choices":[{"floor":7,"key":"REST"},{"floor":13,"key":"REST"},{"floor":15,"key":"REST"},{"floor":23,"key":"REST"}],"circlet_count":0,"master_deck":["AscendersBane","Strike_R","Strike_R","Strike_R","Strike_R","Defend_R","Defend_R","Defend_R","Defend_R","Bash","Heavy Blade","Cleave","Feel No Pain","Feed","Spot Weakness","Ghostly Armor","Whirlwind","Feed","Blood for Blood","Decay","Rupture","Armaments+1","Shrug It Off"],"relics":["Black Blood","Lantern","Happy Flower","Dream Catcher","FaceOfCleric","Akabeko"],"acts_visited":["Exordium","TheCity"],"potions_floor_usage":[6,14,16,24,25],"damage_taken":[{"damage":9,"enemies":"Jaw Worm","floor":1,"turns":5},{"damage":6,"enemies":"Cultist","floor":2,"turns":3},{"damage":0,"enemies":"2 Louse","floor":4,"turns":3},{"damage":61,"enemies":"Gremlin Nob","floor":6,"turns":6},{"damage":9,"enemies":"2 Fungi Beasts","floor":8,"turns":3},{"damage":12,"enemies":"Looter","floor":10,"turns":3},{"damage":37,"enemies":"Gremlin Nob","floor":14,"turns":4},{"damage":68,"enemies":"The Guardian","floor":16,"turns":13},{"damage":61,"enemies":"Chosen","floor":18,"turns":5},{"damage":40,"enemies":"Shell Parasite","floor":24,"turns":6},{"damage":35,"enemies":"3 Cultists","floor":27,"turns":4}],"seed_played":"4230404135268535010","potions_obtained":[{"floor":2,"key":"PowerPotion"},{"floor":4,"key":"SpeedPotion"},{"floor":6,"key":"SteroidPotion"},{"floor":14,"key":"Weak Potion"},{"floor":18,"key":"DuplicationPotion"}],"is_trial":false,"path_per_floor":["M","M","?","M","$","E","R","M","T","M","$","?","R","?","R","B",null,"M","?","$","?","?","R","M","$","T","M"],"character_chosen":"IRONCLAD","items_purchased":["Ghostly Armor","Rupture","Fruit Juice","Shrug It Off"],"campfire_rested":4,"item_purchase_floors":[11,20,25,25],"current_hp_per_floor":[79,79,79,85,85,30,56,53,53,50,50,50,77,46,73,11,72,23,23,23,23,23,50,23,28,28,0,0],"gold":34,"neow_bonus":"TWENTY_PERCENT_HP_BONUS","is_daily":false,"chose_seed":false,"campfire_upgraded":0,"win_rate":0.0,"timestamp":1609392694,"path_taken":["M","M","?","M","$","E","R","M","T","M","?","?","R","?","R","BOSS","M","?","$","?","?","R","M","$","T","M"],"items_purchased_type":["Card","Card","Potion","Card"],"build_version":"2020-12-22","purchased_purges":0,"victory":false,"max_hp_per_floor":[89,89,89,89,89,89,89,89,89,92,92,92,92,92,92,92,92,92,92,92,92,92,92,93,98,98,101,101],"card_choices":[{"not_picked":["Entrench","Metallicize"],"picked":"Heavy Blade","floor":1},{"not_picked":["Twin Strike","Anger"],"picked":"Cleave","floor":2},{"not_picked":["Cleave","Reckless Charge"],"picked":"Feel No Pain","floor":4},{"not_picked":["Bloodletting","Heavy Blade","Anger"],"picked":"SKIP","floor":6},{"not_picked":["Havoc","Combust"],"picked":"Feed","floor":8},{"not_picked":["Anger","Rupture"],"picked":"Spot Weakness","floor":10},{"not_picked":["Wild Strike","Seeing Red"],"picked":"Whirlwind","floor":14},{"not_picked":["Offering","Barricade"],"picked":"Feed","floor":16},{"not_picked":["Wild Strike","Anger"],"picked":"Blood for Blood","floor":18},{"not_picked":["Sentinel","Body Slam"],"picked":"Armaments+1","floor":23},{"not_picked":["Twin Strike","Armaments","Feel No Pain+1"],"picked":"SKIP","floor":24}],"player_experience":1322139,"relics_obtained":[{"floor":6,"key":"Lantern"},{"floor":9,"key":"Happy Flower"},{"floor":14,"key":"Dream Catcher"},{"floor":26,"key":"Akabeko"}],"event_choices":[{"cards_removed":["Strike_R"],"damage_healed":0,"gold_gain":0,"player_choice":"Purged","damage_taken":0,"max_hp_gain":0,"max_hp_loss":0,"event_name":"Purifier","floor":3,"gold_loss":0},{"damage_healed":0,"gold_gain":0,"player_choice":"Ignored","damage_taken":0,"max_hp_gain":0,"max_hp_loss":0,"event_name":"Liars Game","floor":12,"gold_loss":0},{"damage_healed":0,"gold_gain":30,"player_choice":"Searched \u00272\u0027 times","damage_taken":0,"max_hp_gain":0,"max_hp_loss":0,"event_name":"Dead Adventurer","floor":14,"gold_loss":0},{"damage_healed":0,"gold_gain":0,"player_choice":"Smashed Altar","damage_taken":0,"max_hp_gain":0,"max_hp_loss":0,"event_name":"Forgotten Altar","floor":19,"gold_loss":0,"cards_obtained":["Decay"]},{"damage_healed":0,"gold_gain":50,"player_choice":"Stole From Cult","damage_taken":0,"max_hp_gain":0,"max_hp_loss":0,"event_name":"Nest","floor":21,"gold_loss":0},{"damage_healed":0,"gold_gain":0,"player_choice":"Trade","damage_taken":0,"relics_obtained":["FaceOfCleric"],"max_hp_gain":0,"max_hp_loss":0,"event_name":"FaceTrader","floor":22,"gold_loss":0}],"is_beta":false,"boss_relics":[{"not_picked":["Astrolabe","Fusion Hammer"],"picked":"Black Blood"}],"items_purged_floors":[],"is_endless":false,"potions_floor_spawned":[2,4,6,10,14,18],"killed_by":"3 Cultists","ascension_level":18}}