{"host":"j1eo1fqrqta44853","time":1609446977,"event":{"mods":["Act Like it!","BaseMod","CatGirl Mod","Custom Start","Downfall","Elementarium","Gensokyo","GungeonMod","HololiveMod","Hubris","Infinite Spire","Lobotomy","LobotomyExtend","Marisa????????","Minty Spire (QoL Compilation)","Pale of the Ancients","Rare Cards Sparkle","Replay The Spire","SIMod","Shedinja","StSLib","The Alterego","The Jungle","The Marked","The Mystic","The Runesmith","The Senshi","The Vixen","TheBandit","Waifu the Spire"],"gold_per_floor":[118,129,141,89,89,89,89],"floor_reached":6,"playtime":1174,"items_purged":[],"score":36,"play_id":"469d049e-ca19-40cc-8f64-9eb5354bc54e","local_time":"20201231143617","is_ascension_mode":false,"campfire_choices":[],"circlet_count":0,"master_deck":["alterego_mod:Strike","alterego_mod:Strike","alterego_mod:Strike","alterego_mod:Strike","alterego_mod:Defend","alterego_mod:Defend","alterego_mod:Defend","alterego_mod:Defend","alterego_mod:Impale","alterego_mod:BigMeatyClaws","alterego_mod:BrynhildrsRune","alterego_mod:Mirror","QueenOfHatred","alterego_mod:BreastValley","alterego_mod:Cooking","alterego_mod:Complex"],"relics":["alterego_mod:MasochisticConstitution","CogitoBucket","LetterFromLob"],"acts_visited":["Gensokyo:Gensokyo"],"potions_floor_usage":[],"damage_taken":[{"damage":5,"enemies":"Gensokyo:2_Kodama","floor":1,"turns":7},{"damage":6,"enemies":"Gensokyo:Gryphon","floor":2,"turns":5},{"damage":12,"enemies":"Gensokyo:Python","floor":3,"turns":6},{"damage":95,"enemies":"Gensokyo:Aya","floor":6,"turns":12}],"seed_played":"-9063415257778644569","potions_obtained":[],"is_trial":false,"path_per_floor":["M","M","M","$","?","E"],"character_chosen":"The_Alterego","items_purchased":["alterego_mod:Complex"],"campfire_rested":0,"item_purchase_floors":[4],"current_hp_per_floor":[71,72,68,68,75,0,0],"gold":89,"neow_bonus":"","is_daily":false,"chose_seed":false,"campfire_upgraded":0,"win_rate":0.0,"timestamp":1609446977,"path_taken":["M","M","M","$","?","E"],"items_purchased_type":["Card"],"build_version":"2020-12-22","purchased_purges":0,"victory":false,"max_hp_per_floor":[71,72,73,73,80,80,80],"card_choices":[{"not_picked":["alterego_mod:RocketPunch","alterego_mod:Undulate"],"picked":"alterego_mod:Mirror","floor":1},{"not_picked":["FairyFestival","VoidDream"],"picked":"QueenOfHatred","floor":1},{"not_picked":["alterego_mod:Jiggle","alterego_mod:Complex"],"picked":"alterego_mod:BreastValley","floor":2},{"not_picked":["alterego_mod:Collar","alterego_mod:Schoolgirl"],"picked":"alterego_mod:Cooking","floor":3}],"player_experience":1021450,"relics_obtained":[{"floor":1,"key":"LetterFromLob"}],"event_choices":[],"is_beta":false,"boss_relics":[],"items_purged_floors":[],"is_endless":false,"potions_floor_spawned":[],"killed_by":"Gensokyo:Aya","ascension_level":0}}