{"host":"m77rrhbqzv44va4v","time":1609406486,"event":{"mods":["AchievementEnabler","BaseMod","Colored Map","DeckTracker","Keyboard Shortcuts","Minty Spire (QoL Compilation)","StSLib","SuperFastMode","everything is the same but u backflip on backflip"],"gold_per_floor":[109,122,122,141,153,187,187,221,299,299,326,326,347,378,378,468,468,488,488,165,90,104,104,104],"floor_reached":23,"playtime":905,"items_purged":["Injury"],"score":397,"play_id":"9d3e494e-f01c-4f92-8291-e92b8622a94b","local_time":"20201231182126","is_ascension_mode":true,"campfire_choices":[{"data":"Apotheosis","floor":7,"key":"SMITH"},{"floor":12,"key":"REST"},{"data":"Pommel Strike","floor":15,"key":"SMITH"}],"circlet_count":0,"master_deck":["AscendersBane","Strike_R","Strike_R","Strike_R","Strike_R","Defend_R+1","Defend_R","Defend_R+1","Defend_R","Bash","Apotheosis+1","Power Through","Perfected Strike","Pommel Strike+1","Twin Strike","Shrug It Off","Barricade","Evolve"],"relics":["Burning Blood","Du-Vu Doll","TungstenRod","Letter Opener","Golden Idol","Red Skull","War Paint","Philosopher\u0027s Stone","TheAbacus"],"acts_visited":["Exordium","TheCity"],"potions_floor_usage":[6,8,14,16],"damage_taken":[{"damage":3,"enemies":"Cultist","floor":1,"turns":4},{"damage":3,"enemies":"2 Louse","floor":2,"turns":4},{"damage":6,"enemies":"Jaw Worm","floor":4,"turns":6},{"damage":22,"enemies":"Exordium Thugs","floor":5,"turns":6},{"damage":12,"enemies":"Lagavulin","floor":6,"turns":6},{"damage":23,"enemies":"3 Sentries","floor":8,"turns":7},{"damage":6,"enemies":"3 Louse","floor":13,"turns":3},{"damage":7,"enemies":"Gremlin Nob","floor":14,"turns":3},{"damage":14,"enemies":"Hexaghost","floor":16,"turns":8},{"damage":0,"enemies":"Chosen","floor":18,"turns":2},{"damage":33,"enemies":"3 Byrds","floor":22,"turns":9},{"damage":51,"enemies":"Slavers","floor":23,"turns":4}],"seed_played":"6215089404923288527","potions_obtained":[{"floor":1,"key":"Swift Potion"},{"floor":2,"key":"DuplicationPotion"},{"floor":6,"key":"Dexterity Potion"},{"floor":8,"key":"SpeedPotion"}],"is_trial":false,"path_per_floor":["M","M","?","M","M","E","R","E","T","?","T","R","M","E","R","B",null,"M","?","$","?","M","E"],"character_chosen":"IRONCLAD","items_purchased":["Evolve","TheAbacus"],"campfire_rested":1,"item_purchase_floors":[20,20],"current_hp_per_floor":[53,56,61,61,45,39,39,22,22,22,22,46,46,45,45,37,69,75,75,75,75,48,0,0],"gold":104,"neow_bonus":"RANDOM_COLORLESS_2","is_daily":false,"chose_seed":false,"campfire_upgraded":2,"win_rate":0.0,"timestamp":1609406486,"path_taken":["M","M","?","M","M","E","R","E","T","?","?","R","M","E","R","BOSS","M","?","$","?","M","E"],"items_purchased_type":["Card","Relic"],"build_version":"2020-12-22","purchased_purges":1,"victory":false,"max_hp_per_floor":[75,75,80,80,80,80,80,80,80,80,80,80,80,80,80,80,80,80,80,80,80,80,80,80],"card_choices":[{"not_picked":["Sadistic Nature","Magnetism"],"picked":"Apotheosis","floor":0},{"not_picked":["Pommel Strike","Metallicize"],"picked":"Power Through","floor":1},{"not_picked":["Hemokinesis","Anger","Iron Wave"],"picked":"SKIP","floor":2},{"not_picked":["Wild Strike","Reckless Charge"],"picked":"Perfected Strike","floor":4},{"not_picked":["Warcry","Infernal Blade","Flex"],"picked":"SKIP","floor":5},{"not_picked":["Rage","Berserk"],"picked":"Pommel Strike","floor":6},{"not_picked":["Shockwave","Cleave"],"picked":"Twin Strike","floor":8},{"not_picked":["Uppercut","Twin Strike","Pommel Strike"],"picked":"SKIP","floor":13},{"not_picked":["Clash","Disarm"],"picked":"Shrug It Off","floor":14},{"not_picked":["Brutality","Offering"],"picked":"Barricade","floor":16},{"not_picked":["Havoc","Twin Strike","Warcry+1"],"picked":"SKIP","floor":18},{"not_picked":["Evolve","Perfected Strike","Twin Strike"],"picked":"SKIP","floor":22}],"player_experience":855169,"relics_obtained":[{"floor":6,"key":"Du-Vu Doll"},{"floor":8,"key":"TungstenRod"},{"floor":9,"key":"Letter Opener"},{"floor":11,"key":"Red Skull"},{"floor":14,"key":"War Paint"}],"event_choices":[{"damage_healed":0,"gold_gain":0,"player_choice":"Donut","damage_taken":0,"max_hp_gain":5,"max_hp_loss":0,"event_name":"Big Fish","floor":3,"gold_loss":0},{"damage_healed":0,"gold_gain":0,"player_choice":"Take Wound","damage_taken":0,"relics_obtained":["Golden Idol"],"max_hp_gain":0,"max_hp_loss":0,"event_name":"Golden Idol","floor":10,"gold_loss":0,"cards_obtained":["Injury"]},{"damage_healed":0,"gold_gain":0,"player_choice":"Ignored","damage_taken":0,"max_hp_gain":0,"max_hp_loss":0,"event_name":"Ghosts","floor":19,"gold_loss":0},{"cards_removed":["Strike_R"],"damage_healed":0,"gold_gain":0,"player_choice":"Gave Gold","damage_taken":0,"max_hp_gain":0,"max_hp_loss":0,"event_name":"Beggar","floor":21,"gold_loss":75}],"is_beta":false,"boss_relics":[{"not_picked":["Runic Dome","Busted Crown"],"picked":"Philosopher\u0027s Stone"}],"items_purged_floors":[20],"is_endless":false,"potions_floor_spawned":[1,2,6,8,13],"killed_by":"Slavers","ascension_level":18}}