{"host":"gkm149kh1ihaqy0o","time":1609453218,"event":{"mods":["AchievementEnabler","BaseMod","Colored Powertips","Googly Eyes","Key Reminder","Minty Spire (QoL Compilation)","Permanent Neow","Quick Restart","Random Character Button","Rare Cards Sparkle","Relic Sorter","Relic Stats","SuperFastMode","Unceasing Turn Reminder","everything is the same but u backflip on backflip"],"gold_per_floor":[118,129,140,140,105,134,134,162,162,180,31,66,66,83,83,186,186,198,7,7,18,18,46,65,97,146,163,163,183,183,212,212,309,359,379,379,398,398,398],"floor_reached":38,"playtime":1899,"items_purged":["Strike_P"],"score":655,"play_id":"ccd68bd8-2fdc-41f5-8bd4-3e9ef835f80f","local_time":"20201231162018","is_ascension_mode":true,"campfire_choices":[{"floor":7,"key":"REST"},{"floor":15,"key":"REST"},{"data":"Vault","floor":30,"key":"SMITH"},{"data":"Eruption","floor":32,"key":"SMITH"}],"circlet_count":0,"master_deck":["Defend_P","Defend_P+1","Defend_P","Eruption+1","Vigilance","Sanctity","CrushJoints","BowlingBash","InnerPeace","FearNoEvil","ReachHeaven+1","Vault+1","EmptyBody","Parasite","FearNoEvil","DevaForm","Crescendo+1","Wallop","MentalFortress","Bite","Bite","Bite","Bite","Protect+1","Tantrum","DeusExMachina","FollowUp","Madness","Vengeance","CutThroughFate+1","Alpha"],"relics":["SlaversCollar","FossilizedHelix","keyreminder:keyreminder","Letter Opener","Pocketwatch","Toy Ornithopter","Coffee Dripper","TeardropLocket","Regal Pillow","Centennial Puzzle","Nunchaku","Tiny House"],"acts_visited":["Exordium","TheCity","TheBeyond"],"potions_floor_usage":[6,16,16,16,23,23,31,33,38,38,38,38],"damage_taken":[{"damage":15,"enemies":"Cultist","floor":1,"turns":4},{"damage":2,"enemies":"Jaw Worm","floor":2,"turns":4},{"damage":2,"enemies":"2 Louse","floor":3,"turns":5},{"damage":32,"enemies":"Gremlin Nob","floor":6,"turns":3},{"damage":28,"enemies":"3 Sentries","floor":8,"turns":10},{"damage":0,"enemies":"Looter","floor":10,"turns":3},{"damage":0,"enemies":"Lagavulin","floor":12,"turns":4},{"damage":0,"enemies":"Blue Slaver","floor":14,"turns":2},{"damage":24,"enemies":"Hexaghost","floor":16,"turns":7},{"damage":0,"enemies":"Chosen","floor":18,"turns":3},{"damage":10,"enemies":"Shell Parasite","floor":21,"turns":8},{"damage":26,"enemies":"Book of Stabbing","floor":23,"turns":6},{"damage":6,"enemies":"3 Cultists","floor":24,"turns":5},{"damage":12,"enemies":"Slavers","floor":25,"turns":4},{"damage":0,"enemies":"Snecko","floor":27,"turns":4},{"damage":7,"enemies":"Chosen and Byrds","floor":29,"turns":4},{"damage":0,"enemies":"Book of Stabbing","floor":31,"turns":4},{"damage":59,"enemies":"Collector","floor":33,"turns":10},{"damage":0,"enemies":"3 Shapes","floor":35,"turns":6},{"damage":8,"enemies":"Orb Walker","floor":37,"turns":4},{"damage":62,"enemies":"Transient","floor":38,"turns":5}],"seed_played":"-5573494453102272021","potions_obtained":[{"floor":3,"key":"Swift Potion"},{"floor":10,"key":"Dexterity Potion"},{"floor":12,"key":"LiquidBronze"},{"floor":14,"key":"Block Potion"},{"floor":16,"key":"BottledMiracle"},{"floor":21,"key":"BottledMiracle"},{"floor":24,"key":"SpeedPotion"},{"floor":27,"key":"AttackPotion"},{"floor":31,"key":"Fire Potion"},{"floor":33,"key":"GamblersBrew"},{"floor":34,"key":"EntropicBrew"},{"floor":37,"key":"Dexterity Potion"}],"is_trial":false,"path_per_floor":["M","M","M","?","?","E","R","E","T","M","$","E","?","M","R","B",null,"M","$","?","M","?","E","M","E","T","M","?","M","R","E","R","B",null,"M","?","M","M"],"character_chosen":"WATCHER","items_purchased":["Vault","Wallop","MentalFortress"],"campfire_rested":2,"item_purchase_floors":[11,19,19],"current_hp_per_floor":[57,55,53,39,57,25,46,18,18,18,18,18,36,36,57,48,66,66,66,50,46,40,38,42,38,38,42,42,43,43,50,50,5,44,46,46,44,0,0],"gold":398,"neow_bonus":"BOSS_RELIC","is_daily":false,"chose_seed":false,"campfire_upgraded":2,"win_rate":0.0,"timestamp":1609453218,"path_taken":["M","?","M","?","?","E","R","E","T","?","?","E","?","M","R","BOSS","M","$","?","M","?","E","?","E","T","M","?","M","R","E","R","BOSS","M","?","M","M"],"items_purchased_type":["Card","Card","Card"],"build_version":"2020-12-22","purchased_purges":1,"victory":false,"max_hp_per_floor":[72,72,72,72,72,72,72,72,72,72,72,72,72,72,72,72,72,72,72,50,50,50,50,50,50,50,50,50,50,50,50,50,50,55,55,55,55,55,55],"relic_stats":{"Regal Pillow":0,"Centennial Puzzle":[9],"Nunchaku":[6],"counters":[21,105],"Letter Opener":[115],"obtain_stats":[{"Regal Pillow":25,"Tiny House":34,"Letter Opener":8,"TeardropLocket":23,"keyreminder:keyreminder":6,"SlaversCollar":0,"Centennial Puzzle":26,"Nunchaku":31,"Coffee Dripper":17,"PureWater":0,"FossilizedHelix":6,"Toy Ornithopter":12,"Pocketwatch":9},{"Regal Pillow":14,"Tiny House":18,"Letter Opener":5,"TeardropLocket":12,"keyreminder:keyreminder":4,"SlaversCollar":0,"Centennial Puzzle":14,"Nunchaku":17,"Coffee Dripper":9,"PureWater":0,"FossilizedHelix":4,"Toy Ornithopter":7,"Pocketwatch":5},{"Regal Pillow":68,"Tiny House":90,"Letter Opener":26,"TeardropLocket":59,"keyreminder:keyreminder":16,"SlaversCollar":0,"Centennial Puzzle":68,"Nunchaku":80,"Coffee Dripper":42,"PureWater":0,"FossilizedHelix":16,"Toy Ornithopter":33,"Pocketwatch":26}],"Toy Ornithopter":30,"Pocketwatch":[59]},"card_choices":[{"not_picked":["FlurryOfBlows","Collect"],"picked":"Sanctity","floor":1},{"not_picked":["Meditate","JustLucky"],"picked":"CrushJoints","floor":2},{"not_picked":["CarveReality","EmptyFist"],"picked":"BowlingBash","floor":3},{"not_picked":["JustLucky","Evaluate"],"picked":"InnerPeace","floor":6},{"not_picked":["Nirvana","ClearTheMind"],"picked":"FearNoEvil","floor":8},{"not_picked":["Weave","ThirdEye"],"picked":"ReachHeaven","floor":10},{"not_picked":["Swivel","Crescendo"],"picked":"EmptyBody","floor":12},{"not_picked":["Brilliance","Protect"],"picked":"FearNoEvil","floor":14},{"not_picked":["DeusExMachina","Alpha"],"picked":"DevaForm","floor":16},{"not_picked":["Vengeance","ClearTheMind"],"picked":"Crescendo+1","floor":18},{"not_picked":["ClearTheMind+1","Prostrate"],"picked":"Protect+1","floor":21},{"not_picked":["FlyingSleeves","Wallop"],"picked":"Tantrum","floor":23},{"not_picked":["Evaluate","Prostrate","Blasphemy"],"picked":"SKIP","floor":24},{"not_picked":["Evaluate","Prostrate","Blasphemy"],"picked":"SKIP","floor":24},{"not_picked":["BattleHymn","Protect"],"picked":"DeusExMachina","floor":25},{"not_picked":["EmptyFist","FlyingSleeves","ThirdEye+1"],"picked":"SKIP","floor":27},{"not_picked":["Nirvana","Crescendo"],"picked":"Vengeance","floor":29},{"not_picked":["SashWhip","Weave"],"picked":"CutThroughFate+1","floor":31},{"not_picked":["DeusExMachina","Judgement"],"picked":"Alpha","floor":33},{"not_picked":["ClearTheMind+1","Prostrate+1","EmptyBody"],"picked":"SKIP","floor":35},{"not_picked":["Vengeance","SashWhip","Study"],"picked":"SKIP","floor":37}],"player_experience":609556,"relics_obtained":[{"floor":6,"key":"FossilizedHelix"},{"floor":8,"key":"Letter Opener"},{"floor":9,"key":"Pocketwatch"},{"floor":12,"key":"Toy Ornithopter"},{"floor":23,"key":"TeardropLocket"},{"floor":25,"key":"Regal Pillow"},{"floor":26,"key":"Centennial Puzzle"},{"floor":31,"key":"Nunchaku"}],"event_choices":[{"damage_healed":0,"gold_gain":0,"player_choice":"Entered Light","damage_taken":14,"max_hp_gain":0,"max_hp_loss":0,"event_name":"Shining Light","floor":4,"gold_loss":0,"cards_upgraded":["Strike_P","Defend_P"]},{"damage_healed":18,"gold_gain":0,"player_choice":"Healed","damage_taken":0,"max_hp_gain":0,"max_hp_loss":0,"event_name":"The Cleric","floor":5,"gold_loss":35},{"damage_healed":18,"gold_gain":0,"player_choice":"Healed and dodged fight","damage_taken":0,"max_hp_gain":0,"max_hp_loss":0,"event_name":"Mushrooms","floor":13,"gold_loss":0,"cards_obtained":["Parasite"]},{"damage_healed":0,"gold_gain":0,"player_choice":"Became a vampire","damage_taken":0,"max_hp_gain":0,"max_hp_loss":22,"event_name":"Vampires","floor":20,"gold_loss":0,"cards_obtained":["Bite","Bite","Bite","Bite","Bite"]},{"damage_healed":0,"gold_gain":0,"player_choice":"","damage_taken":6,"max_hp_gain":0,"max_hp_loss":0,"event_name":"Knowing Skull","floor":22,"potions_obtained":[],"gold_loss":0,"cards_obtained":[]},{"damage_healed":0,"gold_gain":0,"cards_transformed":["Defend_P","Bite"],"player_choice":"Became Test Subject","damage_taken":0,"max_hp_gain":0,"max_hp_loss":0,"event_name":"Drug Dealer","floor":28,"gold_loss":0,"cards_obtained":["FollowUp","Madness"]},{"damage_healed":0,"gold_gain":0,"player_choice":"Ignored","damage_taken":0,"max_hp_gain":0,"max_hp_loss":0,"event_name":"Tomb of Lord Red Mask","floor":36,"gold_loss":0}],"is_beta":false,"boss_relics":[{"not_picked":["Astrolabe","Calling Bell"],"picked":"Coffee Dripper"},{"not_picked":["Black Star","Fusion Hammer"],"picked":"Tiny House"}],"items_purged_floors":[19],"is_endless":false,"potions_floor_spawned":[3,10,12,14,16,21,24,27,31,33,37],"killed_by":"Transient","ascension_level":5}}