{"host":"79pwvnyrdes6uj7k","time":1609382018,"event":{"mods":["2.2 Compatiblity","Astrologer","BaseMod","Beaked The Cultist","Colored Powertips","Downfall","Exacting","Friendly Minions","HexUI Lib","Highlight Path","Hubris","Infinite Spire","JesterMod","Mad Scientist","Mimic Mod","Minty Spire (QoL Compilation)","Random Character Button","Replay The Spire","Reworked Bosses","Shop Mod","Somnambulant","StSLib","The Cursed","The Disciple","The Factory","The Judge","The Jungle","The Marked","The Poker Player","The Runesmith","TheHeartMod"],"gold_per_floor":[99,115,115,21,21,33,33,33,57,38,31,31,49,84,103,3,3,3],"floor_reached":16,"playtime":1049,"items_purged":["ReplayTheSpireMod:Doomed"],"score":90,"play_id":"ed52786e-ecaa-4095-b926-e4fce4e86a8b","local_time":"20201230203338","is_ascension_mode":false,"campfire_choices":[{"floor":1,"key":"RECALL"},{"data":"Guardian:PrimingBeam","floor":8,"key":"SMITH"}],"circlet_count":0,"master_deck":["Guardian:Strike_Guardian","Guardian:Strike_Guardian","Guardian:Strike_Guardian","Guardian:Strike_Guardian","Guardian:Defend_Guardian","Guardian:Defend_Guardian","Guardian:Defend_Guardian","Guardian:Defend_Guardian","Guardian:CurlUp","Guardian:TwinSlam","Guardian:Suspension","Guardian:PrimingBeam+1","Guardian:RefractedBeam","Guardian:PrismaticBeam","Guardian:Gem_Purple","Guardian:Gem_Lightblue","Guardian:Orbwalk","Guardian:Reroute","Guardian:TemporalStrike+1","Replay:SS_forest_2","Guardian:BronzeArmor","ReplayTheSpireMod:IOU","Guardian:SpikerProtocol","Guardian:Gem_Yellow","Guardian:Gem_Crimson","Guardian:ShieldCharger"],"relics":["Guardian:ModeShifter","infinitespire:Joker Card","infinitespire:Magic Flask","hubris:Towel","PreservedInsect","Replay:Wax Seal","hubris:TenFootPole","MerchantsRug"],"acts_visited":["Exordium"],"potions_floor_usage":[10,16,16],"damage_taken":[{"damage":0,"enemies":"Small Slimes","floor":2,"turns":3},{"damage":2,"enemies":"downfall:FleeingMerchant","floor":4,"turns":4},{"damage":8,"enemies":"Jaw Worm","floor":6,"turns":3},{"damage":31,"enemies":"downfall:FleeingMerchant","floor":10,"turns":12},{"damage":5,"enemies":"2 Louse","floor":13,"turns":3},{"damage":11,"enemies":"Exordium Wildlife","floor":14,"turns":3},{"damage":8,"enemies":"Blue Slaver","floor":15,"turns":3},{"damage":53,"enemies":"downfall:Ironclad","floor":16,"turns":9}],"seed_played":"2900646322806539555","potions_obtained":[{"floor":6,"key":"Guardian:BlockOnCardUsePotion"},{"floor":13,"key":"Explosive Potion"},{"floor":15,"key":"Fruit Juice"}],"is_trial":false,"path_per_floor":["R","M","?","$","?","M","T","R","T","$","$","?","M","M","M","B"],"character_chosen":"GUARDIAN","items_purchased":["Guardian:RefractedBeam","BargainBundle","Guardian:Gem_Purple","Guardian:Gem_Lightblue","hubris:TenFootPole","Guardian:Orbwalk","Guardian:Reroute","Guardian:TemporalStrike","Replay:SS_forest_2","Guardian:BronzeArmor","MerchantsRug","Guardian:SpikerProtocol"],"campfire_rested":0,"item_purchase_floors":[4,10,10,10,10,10,10,10,10,11,11,11],"current_hp_per_floor":[80,80,80,78,78,80,80,80,80,49,49,49,44,33,25,0,0,0],"gold":3,"neow_bonus":"ONE_RARE_RELIC","is_daily":false,"chose_seed":false,"campfire_upgraded":1,"win_rate":0.0,"timestamp":1609382018,"path_taken":["R","M","?","$","?","M","T","R","?","?","$","?","M","?","M","BOSS"],"items_purchased_type":["Card","Relic","Card","Card","Relic","Card","Card","Card","Card","Card","Relic","Card"],"build_version":"2020-12-22","purchased_purges":1,"victory":false,"max_hp_per_floor":[80,80,80,80,80,80,80,80,80,80,80,80,80,80,80,85,85,85],"card_choices":[{"not_picked":["Guardian:Gem_Lightblue","Guardian:Gem_Fragmented"],"picked":"Guardian:Suspension","floor":2},{"not_picked":["Guardian:ConstructionForm","Guardian:DonusPower"],"picked":"Guardian:PrimingBeam","floor":4},{"not_picked":["Guardian:ChargeCore","Guardian:TimeCapacitor"],"picked":"Guardian:PrismaticBeam","floor":6},{"not_picked":["Guardian:Incinerate","Guardian:ChargeCore","Guardian:ExploitGems"],"picked":"SKIP","floor":10},{"not_picked":["Guardian:TimeCapacitor","Guardian:PiercingHide"],"picked":"Guardian:Gem_Yellow","floor":13},{"not_picked":["Guardian:Suspension","Guardian:Reroute"],"picked":"Guardian:Gem_Crimson","floor":14},{"not_picked":["Guardian:VentSteam","Guardian:Gem_Red"],"picked":"Guardian:ShieldCharger","floor":15}],"player_experience":354985,"relics_obtained":[{"floor":3,"key":"infinitespire:Magic Flask"},{"floor":7,"key":"PreservedInsect"},{"floor":9,"key":"Replay:Wax Seal"}],"event_choices":[],"is_beta":false,"boss_relics":[],"items_purged_floors":[10],"is_endless":false,"potions_floor_spawned":[6,13,15],"killed_by":"downfall:Ironclad","ascension_level":0}}