{"host":"z9811rt50ti81n54","time":1609417198,"event":{"mods":["BaseMod","Minty Spire (QoL Compilation)","Relic Stats"],"gold_per_floor":[114,130,130,142,142,142,1,19,19,19,37,37,62,80,80,175,175,195,211,211,237,237,237,237],"floor_reached":23,"playtime":484,"items_purged":[],"score":199,"play_id":"780bffe6-6be3-487b-869d-a58de4ea2140","local_time":"20201231211958","is_ascension_mode":true,"campfire_choices":[{"data":"Eruption","floor":6.0,"key":"SMITH"},{"data":"Alpha","floor":10.0,"key":"SMITH"},{"data":"Vengeance","floor":12.0,"key":"SMITH"},{"data":"ConjureBlade","floor":15.0,"key":"SMITH"}],"circlet_count":0,"master_deck":["Strike_P","Defend_P","Defend_P","Defend_P","Defend_P","Eruption+1","Vigilance","Protect","BowlingBash","Iron Wave","Vengeance+1","Alpha+1","WheelKick","Sanctity","ConjureBlade+1","Scrawl","Halt+1","InnerPeace+1"],"relics":["PureWater","TungstenRod","Odd Mushroom","SlaversCollar","Red Mask"],"acts_visited":["Exordium","TheCity"],"potions_floor_usage":[],"damage_taken":[{"damage":0.0,"enemies":"2 Louse","floor":1.0,"turns":4.0},{"damage":0.0,"enemies":"Cultist","floor":2.0,"turns":3.0},{"damage":2.0,"enemies":"Small Slimes","floor":4.0,"turns":3.0},{"damage":3.0,"enemies":"Blue Slaver","floor":8.0,"turns":5.0},{"damage":3.0,"enemies":"2 Fungi Beasts","floor":11.0,"turns":4.0},{"damage":5.0,"enemies":"The Mushroom Lair","floor":13.0,"turns":4.0},{"damage":16.0,"enemies":"Exordium Thugs","floor":14.0,"turns":3.0},{"damage":13.0,"enemies":"Hexaghost","floor":16.0,"turns":8.0},{"damage":25,"enemies":"2 Thieves","floor":18,"turns":3},{"damage":11,"enemies":"3 Byrds","floor":19,"turns":3},{"damage":25,"enemies":"Masked Bandits","floor":21,"turns":3},{"damage":12,"enemies":"Slavers","floor":23,"turns":1}],"seed_played":"-576919121465393297","potions_obtained":[{"floor":8.0,"key":"ColorlessPotion"},{"floor":11.0,"key":"BlessingOfTheForge"},{"floor":13.0,"key":"SteroidPotion"}],"is_trial":false,"path_per_floor":["M","M","?","M","?","R","$","M","T","R","M","R","?","M","R","B",null,"M","M","?","?","?","E"],"character_chosen":"WATCHER","items_purchased":["Alpha"],"campfire_rested":0,"item_purchase_floors":[7],"current_hp_per_floor":[51,51,51,49,72,72,72,69,69,69,66,66,61,45,45,32,72,47,36,36,11,11,0,0],"gold":237,"neow_bonus":"TRANSFORM_TWO_CARDS","is_daily":false,"chose_seed":false,"campfire_upgraded":4,"win_rate":0.0,"timestamp":1609417198,"path_taken":["M","M","?","?","?","R","?","?","T","R","M","R","?","M","R","BOSS","M","M","?","?","?","E"],"items_purchased_type":["Card"],"build_version":"2020-12-22","purchased_purges":0,"victory":false,"max_hp_per_floor":[72,72,72,72,72,72,72,72,72,72,72,72,72,72,72,72,72,72,72,72,72,72,72,72],"relic_stats":{"counters":[12,44],"obtain_stats":[{"SlaversCollar":17,"Red Mask":21,"PureWater":0,"Odd Mushroom":13,"TungstenRod":9},{"SlaversCollar":8,"Red Mask":11,"PureWater":0,"Odd Mushroom":6,"TungstenRod":4},{"SlaversCollar":34,"Red Mask":43,"PureWater":0,"Odd Mushroom":23,"TungstenRod":15}],"TungstenRod":29},"card_choices":[{"not_picked":["Crescendo","EmptyFist"],"picked":"BowlingBash","floor":1.0},{"not_picked":["BowlingBash","Swivel"],"picked":"CutThroughFate","floor":2.0},{"not_picked":["Evaluate","WaveOfTheHand"],"picked":"Vengeance","floor":4.0},{"not_picked":["WaveOfTheHand","Prostrate"],"picked":"WheelKick","floor":8.0},{"not_picked":["WreathOfFlame","DeceiveReality"],"picked":"Sanctity","floor":11.0},{"not_picked":["EmptyBody","Indignation"],"picked":"ConjureBlade","floor":14.0},{"not_picked":["LessonLearned","ConjureBlade"],"picked":"Scrawl","floor":16.0},{"not_picked":["Evaluate","DeceiveReality"],"picked":"Halt+1","floor":18},{"not_picked":["Consecrate","EmptyFist","FollowUp+1"],"picked":"SKIP","floor":19},{"not_picked":["Protect","Halt"],"picked":"InnerPeace+1","floor":21}],"player_experience":261889,"relics_obtained":[{"floor":9.0,"key":"TungstenRod"},{"floor":13.0,"key":"Odd Mushroom"},{"floor":21,"key":"Red Mask"}],"event_choices":[{"cards_removed":["CutThroughFate"],"damage_healed":0.0,"max_hp_gain":0.0,"max_hp_loss":0.0,"gold_gain":0.0,"event_name":"NoteForYourself","player_choice":"Took Card","floor":3.0,"gold_loss":0.0,"damage_taken":0.0,"cards_obtained":["Iron Wave"]},{"cards_removed":["Collect"],"damage_healed":23.0,"max_hp_gain":0.0,"max_hp_loss":0.0,"gold_gain":0.0,"event_name":"Bonfire Elementals","player_choice":"Offered Uncommon","floor":5.0,"gold_loss":0.0,"damage_taken":0.0},{"damage_healed":0.0,"max_hp_gain":0.0,"max_hp_loss":0.0,"gold_gain":0.0,"event_name":"Mushrooms","player_choice":"Fought Mushrooms","floor":13.0,"gold_loss":0.0,"damage_taken":0.0},{"cards_removed":["Strike_P"],"damage_healed":0,"gold_gain":0,"player_choice":"Elegance","damage_taken":0,"max_hp_gain":0,"max_hp_loss":0,"event_name":"Back to Basics","floor":20,"gold_loss":0},{"damage_healed":0,"gold_gain":0,"player_choice":"Fought Bandits","damage_taken":0,"max_hp_gain":0,"max_hp_loss":0,"event_name":"Masked Bandits","floor":21,"gold_loss":0},{"damage_healed":0,"gold_gain":0,"player_choice":"Ignored","damage_taken":0,"max_hp_gain":0,"max_hp_loss":0,"event_name":"Cursed Tome","floor":22,"gold_loss":0}],"is_beta":false,"boss_relics":[{"not_picked":["Pandora\u0027s Box","Ectoplasm"],"picked":"SlaversCollar"}],"items_purged_floors":[],"is_endless":false,"potions_floor_spawned":[8,11,13,18],"killed_by":"Slavers","ascension_level":2}}