{"host":"2461dio7vetlq1z3","time":1609432457,"event":{"mods":["2.2 Compatiblity","AchievementEnabler","Aspiration","BaseMod","Better Third Choice","Friendly Minions","Hermit","Minty Spire (QoL Compilation)","Relic Stats","Spicy Shops","StSLib","Waifu the Spire"],"gold_per_floor":[117,133,153,153,166,166,18,53,53,53,84,2,2,34,34,129,129,144,167,167,179,28,28,28,68,68,103,103,123,73,73,73,188,188,188],"floor_reached":34,"playtime":1180,"items_purged":["hermit:Strike_Hermit","hermit:Strike_Hermit","hermit:Strike_Hermit","hermit:Covet"],"score":795,"play_id":"4e837968-c14c-47ac-aaf7-f920b4b198f5","local_time":"20201231173417","is_ascension_mode":true,"campfire_choices":[{"data":"hermit:Manifest","floor":6,"key":"SMITH"},{"data":"hermit:BlackWind","floor":10,"key":"SMITH"},{"data":"hermit:Snapshot","floor":15,"key":"SMITH"},{"floor":23,"key":"REST"},{"floor":28,"key":"REST"},{"floor":32,"key":"RECALL"}],"circlet_count":0,"master_deck":["AscendersBane","hermit:Defend_Hermit+1","hermit:Defend_Hermit+1","hermit:Defend_Hermit+1","hermit:Defend_Hermit+1","hermit:Snapshot+1","Trip","hermit:Desperado","hermit:Desperado","hermit:Horror","hermit:Manifest+1","hermit:Determination+1","hermit:BlackWind+1","hermit:Coalescence","Dark Shackles","hermit:ShadowCloak","hermit:Scavenge","hermit:Dissolve","hermit:Vantage+1","hermit:Desperado+1","Necronomicurse","hermit:ShadowCloak","hermit:Malice","hermit:Gambit","hermit:Scavenge+1","Ghostly","Ghostly","Ghostly","Ghostly","Ghostly","hermit:Gambit"],"relics":["hermit:Momento","Question Card","Kunai","InkBottle","Smiling Mask","Fusion Hammer","Necronomicon","Sundial","Singing Bowl","aspiration:FrozenJewel"],"acts_visited":["Exordium","TheCity"],"potions_floor_usage":[14,18,25,25],"damage_taken":[{"damage":7,"enemies":"Small Slimes","floor":1,"turns":3},{"damage":0,"enemies":"Cultist","floor":2,"turns":3},{"damage":7,"enemies":"Jaw Worm","floor":3,"turns":2},{"damage":6,"enemies":"Looter","floor":5,"turns":2},{"damage":22,"enemies":"Lagavulin","floor":8,"turns":6},{"damage":16,"enemies":"3 Sentries","floor":11,"turns":5},{"damage":0,"enemies":"Lagavulin","floor":14,"turns":2},{"damage":0,"enemies":"Slime Boss","floor":16,"turns":3},{"damage":0,"enemies":"Spheric Guardian","floor":18,"turns":3},{"damage":15,"enemies":"2 Thieves","floor":19,"turns":4},{"damage":0,"enemies":"Snake Plant","floor":21,"turns":2},{"damage":15,"enemies":"Slavers","floor":25,"turns":7},{"damage":25,"enemies":"Gremlin Leader","floor":27,"turns":6},{"damage":0,"enemies":"Chosen and Byrds","floor":29,"turns":3},{"damage":20,"enemies":"Champ","floor":33,"turns":13}],"seed_played":"9017964083784707518","potions_obtained":[{"floor":2,"key":"Explosive Potion"},{"floor":8,"key":"FearPotion"},{"floor":16,"key":"Fire Potion"},{"floor":18,"key":"SkillPotion"},{"floor":29,"key":"Explosive Potion"}],"is_trial":false,"path_per_floor":["M","M","M","?","M","R","$","E","T","R","E","$","?","E","R","B",null,"M","M","?","M","$","R","?","E","T","E","R","M","$","?","R","B",null],"character_chosen":"HERMIT","items_purchased":["hermit:Determination","Dark Shackles","hermit:ShadowCloak","hermit:ShadowCloak"],"campfire_rested":2,"item_purchase_floors":[7,12,12,22],"current_hp_per_floor":[61,61,54,54,48,48,48,26,26,26,10,10,10,10,10,10,59,59,44,28,28,28,50,50,35,35,10,32,32,32,32,32,12,12,12],"gold":188,"neow_bonus":"RANDOM_COLORLESS","is_daily":false,"chose_seed":false,"campfire_upgraded":3,"win_rate":0.0,"timestamp":1609432457,"path_taken":["M","M","M","?","M","R","?","E","T","R","E","$","?","E","R","BOSS","M","?","?","M","$","R","?","E","T","E","R","M","$","?","R","BOSS"],"items_purchased_type":["Card","Card","Card","Card"],"build_version":"2020-12-22","purchased_purges":4,"victory":false,"max_hp_per_floor":[75,75,75,75,75,75,75,75,75,75,75,75,75,75,75,75,75,75,75,75,75,75,75,75,75,75,75,75,75,75,37,37,37,37,37],"relic_stats":{"Singing Bowl":0,"counters":[15,64],"Sundial":[2],"Necronomicon":[7],"Kunai":[9],"Question Card":10,"Smiling Mask":225,"obtain_stats":[{"Singing Bowl":26,"Sundial":25,"Fusion Hammer":17,"Necronomicon":20,"Kunai":9,"Question Card":8,"Smiling Mask":14,"hermit:Momento":0,"InkBottle":11,"aspiration:FrozenJewel":27},{"Singing Bowl":12,"Sundial":12,"Fusion Hammer":8,"Necronomicon":10,"Kunai":5,"Question Card":5,"Smiling Mask":7,"hermit:Momento":0,"InkBottle":6,"aspiration:FrozenJewel":13},{"Singing Bowl":42,"Sundial":42,"Fusion Hammer":26,"Necronomicon":33,"Kunai":16,"Question Card":16,"Smiling Mask":23,"hermit:Momento":0,"InkBottle":21,"aspiration:FrozenJewel":48}],"InkBottle":[17]},"card_choices":[{"not_picked":["Finesse","Panacea"],"picked":"Trip","floor":0},{"not_picked":["hermit:WideOpen","hermit:Dive"],"picked":"hermit:Desperado","floor":1},{"not_picked":["hermit:WideOpen","hermit:TrackingShot"],"picked":"hermit:Desperado","floor":2},{"not_picked":["hermit:HighCaliber","hermit:WideOpen"],"picked":"hermit:Horror","floor":3},{"not_picked":["hermit:Feint","hermit:BodyArmor"],"picked":"hermit:Manifest","floor":5},{"not_picked":["hermit:Headshot","hermit:Roulette"],"picked":"hermit:BlackWind","floor":8},{"not_picked":["hermit:BigShot","hermit:Vantage","hermit:FullyLoaded"],"picked":"hermit:Coalescence","floor":11},{"not_picked":["hermit:Misfire","hermit:CalledShot","hermit:WideOpen"],"picked":"hermit:Scavenge","floor":14},{"not_picked":["hermit:HeroicBravado","hermit:HighNoon","hermit:FinalCanter"],"picked":"hermit:Dissolve","floor":16},{"not_picked":["hermit:GoldenBullet","hermit:HoleUp","hermit:Glare"],"picked":"hermit:Vantage+1","floor":18},{"not_picked":["hermit:GoldenBullet","hermit:LowProfile","hermit:TrackingShot"],"picked":"hermit:Desperado+1","floor":19},{"not_picked":["hermit:Vantage","hermit:Maintenance","hermit:Manifest","hermit:DeadMansHand"],"picked":"SKIP","floor":21},{"not_picked":["hermit:DeadMansHand","hermit:Grudge","hermit:Vantage"],"picked":"hermit:Malice","floor":25},{"not_picked":["hermit:TakeCover","hermit:CalledShot","hermit:Brawl"],"picked":"hermit:Gambit","floor":27},{"not_picked":["hermit:Deadeye","hermit:ItchyTrigger","hermit:Malice"],"picked":"hermit:Scavenge+1","floor":29},{"not_picked":["hermit:Magnum","hermit:Purgatory","hermit:Reprieve"],"picked":"hermit:Gambit","floor":33}],"player_experience":1046466,"relics_obtained":[{"floor":8,"key":"Question Card"},{"floor":9,"key":"Kunai"},{"floor":11,"key":"InkBottle"},{"floor":14,"key":"Smiling Mask"},{"floor":20,"key":"Necronomicon"},{"floor":25,"key":"Sundial"},{"floor":26,"key":"Singing Bowl"},{"floor":27,"key":"aspiration:FrozenJewel"}],"event_choices":[{"cards_removed":["hermit:Strike_Hermit"],"damage_healed":0,"gold_gain":0,"player_choice":"Purged","damage_taken":0,"max_hp_gain":0,"max_hp_loss":0,"event_name":"Purifier","floor":4,"gold_loss":0},{"damage_healed":0,"gold_gain":0,"player_choice":"Upgraded","damage_taken":0,"max_hp_gain":0,"max_hp_loss":0,"event_name":"Upgrade Shrine","floor":13,"gold_loss":0,"cards_upgraded":["hermit:Determination"]},{"damage_healed":0,"gold_gain":0,"player_choice":"Obtained Book","damage_taken":16,"max_hp_gain":0,"max_hp_loss":0,"event_name":"Cursed Tome","floor":20,"gold_loss":0},{"damage_healed":0,"gold_gain":0,"player_choice":"Simplicity","damage_taken":0,"max_hp_gain":0,"max_hp_loss":4,"event_name":"betterThird:BetterWriting","floor":24,"gold_loss":0},{"damage_healed":0,"gold_gain":0,"player_choice":"Became a Ghost","damage_taken":0,"max_hp_gain":0,"max_hp_loss":38,"event_name":"Ghosts","floor":31,"gold_loss":0,"cards_obtained":["Ghostly","Ghostly","Ghostly","Ghostly","Ghostly"]}],"is_beta":false,"boss_relics":[{"not_picked":["aspiration:RunicSpoon","Velvet Choker"],"picked":"Fusion Hammer"}],"items_purged_floors":[7,22,22,30],"is_endless":false,"potions_floor_spawned":[2,8,11,16,18,19,29],"ascension_level":12}}