{"host":"a4s27ghlnr83kbqz","time":1609387846,"event":{"mods":["AchievementEnabler","BaseMod","Colored Map","Minty Spire (QoL Compilation)","Permanent Neow","SuperFastMode"],"gold_per_floor":[15,25,39,39,54,54,54,78,78,118,83,83,107,130,130,250,250,273,287,1,20,36,36,36],"floor_reached":23,"playtime":707,"items_purged":[],"score":286,"play_id":"861f0552-dab7-4fcd-a8d0-ace4c733d5c5","local_time":"20201231121046","is_ascension_mode":true,"campfire_choices":[{"data":"Riddle With Holes","floor":6,"key":"SMITH"},{"data":"Adrenaline","floor":12,"key":"SMITH"},{"data":"Dash","floor":15,"key":"SMITH"}],"circlet_count":0,"master_deck":["Strike_G","Strike_G","Strike_G","Strike_G","Strike_G","Defend_G","Defend_G","Defend_G","Defend_G","Defend_G","Survivor","Neutralize","Adrenaline+1","Dagger Throw","Riddle With Holes+1","Dodge and Roll","Dash+1","Dagger Spray+1","Underhanded Strike+1","PiercingWail","Bullet Time","Poisoned Stab+1"],"relics":["Ring of the Snake","Golden Idol","Gremlin Horn","Molten Egg 2","Cursed Key","Incense Burner"],"acts_visited":["Exordium","TheCity"],"potions_floor_usage":[10,16,23],"damage_taken":[{"damage":5,"enemies":"Cultist","floor":1,"turns":4},{"damage":2,"enemies":"Jaw Worm","floor":2,"turns":4},{"damage":4,"enemies":"Small Slimes","floor":3,"turns":3},{"damage":5,"enemies":"Blue Slaver","floor":5,"turns":3},{"damage":13,"enemies":"Exordium Thugs","floor":8,"turns":4},{"damage":20,"enemies":"3 Sentries","floor":10,"turns":11},{"damage":0,"enemies":"2 Fungi Beasts","floor":13,"turns":2},{"damage":0,"enemies":"Lots of Slimes","floor":14,"turns":2},{"damage":25,"enemies":"The Guardian","floor":16,"turns":16},{"damage":12,"enemies":"Chosen","floor":18,"turns":6},{"damage":5,"enemies":"Shell Parasite","floor":19,"turns":4},{"damage":0,"enemies":"Centurion and Healer","floor":21,"turns":5},{"damage":8,"enemies":"Chosen and Byrds","floor":22,"turns":5},{"damage":31,"enemies":"Gremlin Leader","floor":23,"turns":5}],"seed_played":"5693281640597442068","potions_obtained":[{"floor":2,"key":"CultistPotion"},{"floor":3,"key":"Dexterity Potion"},{"floor":8,"key":"DistilledChaos"},{"floor":14,"key":"SkillPotion"},{"floor":16,"key":"SpeedPotion"}],"is_trial":false,"path_per_floor":["M","M","M","?","M","R","$","M","T","E","?","R","M","M","R","B",null,"M","M","$","M","M","E"],"character_chosen":"THE_SILENT","items_purchased":["Incense Burner"],"campfire_rested":0,"item_purchase_floors":[20],"current_hp_per_floor":[58,56,52,52,47,47,47,34,34,14,30,30,30,30,30,5,50,38,33,33,33,25,0,0],"gold":36,"neow_bonus":"THREE_RARE_CARDS","is_daily":false,"chose_seed":false,"campfire_upgraded":3,"win_rate":0.0,"timestamp":1609387846,"path_taken":["M","M","M","?","M","R","$","M","T","E","?","R","M","M","R","BOSS","M","M","$","M","M","E"],"items_purchased_type":["Relic"],"build_version":"2020-12-22","purchased_purges":0,"victory":false,"max_hp_per_floor":[70,70,70,65,65,65,65,65,65,65,65,65,65,65,65,65,65,65,65,65,65,65,65,65],"card_choices":[{"not_picked":["Doppelganger","Storm of Steel"],"picked":"Adrenaline","floor":0},{"not_picked":["Prepared","Deflect"],"picked":"Dagger Throw","floor":1},{"not_picked":["Infinite Blades","Prepared"],"picked":"Riddle With Holes","floor":2},{"not_picked":["Deflect","Slice"],"picked":"Dodge and Roll","floor":3},{"not_picked":["Flying Knee","Accuracy","Expertise"],"picked":"SKIP","floor":5},{"not_picked":["Deflect","Crippling Poison"],"picked":"Dash","floor":8},{"not_picked":["Poisoned Stab+1","Dodge and Roll"],"picked":"Dagger Spray+1","floor":10},{"not_picked":["Dagger Spray+1","Wraith Form v2"],"picked":"Underhanded Strike+1","floor":13},{"not_picked":["Calculated Gamble","Setup"],"picked":"PiercingWail","floor":14},{"not_picked":["Tools of the Trade","A Thousand Cuts"],"picked":"Bullet Time","floor":16},{"not_picked":["Dagger Throw+1","Slice+1","Outmaneuver"],"picked":"SKIP","floor":18},{"not_picked":["Slice+1","Deflect"],"picked":"Poisoned Stab+1","floor":19},{"not_picked":["Blade Dance","Dagger Spray+1","Accuracy"],"picked":"SKIP","floor":21},{"not_picked":["Concentrate+1","Underhanded Strike+1","Dagger Spray+1"],"picked":"SKIP","floor":22}],"player_experience":1062516,"relics_obtained":[{"floor":9,"key":"Gremlin Horn"},{"floor":10,"key":"Molten Egg 2"}],"event_choices":[{"damage_healed":0,"gold_gain":0,"player_choice":"Lose Max HP","damage_taken":0,"relics_obtained":["Golden Idol"],"max_hp_gain":0,"max_hp_loss":5,"event_name":"Golden Idol","floor":4,"gold_loss":0},{"damage_healed":16,"gold_gain":0,"player_choice":"Healed","damage_taken":0,"max_hp_gain":0,"max_hp_loss":0,"event_name":"The Cleric","floor":11,"gold_loss":35}],"is_beta":false,"boss_relics":[{"not_picked":["Philosopher\u0027s Stone","Sozu"],"picked":"Cursed Key"}],"items_purged_floors":[],"is_endless":false,"potions_floor_spawned":[2,3,8,14,16],"killed_by":"Gremlin Leader","ascension_level":9}}