{"host":"xjyie0ctswsml60g","time":1609419141,"event":{"mods":["AchievementEnabler","BaseMod","Colored Map","Minty Spire (QoL Compilation)","Quick Restart","SuperFastMode"],"gold_per_floor":[114,134,146,165,178,188,188,205,274,274,289,289,289],"floor_reached":12,"playtime":1404,"items_purged":[],"score":76,"play_id":"e130966e-c9f5-44f4-8c91-a3a9f48268d3","local_time":"20201231145221","is_ascension_mode":false,"campfire_choices":[{"floor":7,"key":"RECALL"},{"floor":10,"key":"REST"}],"circlet_count":0,"master_deck":["Strike_P","Strike_P","Strike_P","Strike_P","Defend_P","Defend_P","Defend_P","Defend_P","Eruption","Vigilance","Alpha","PathToVictory","Study","LikeWater","CutThroughFate"],"relics":["PureWater"],"acts_visited":["Exordium"],"potions_floor_usage":[11],"damage_taken":[{"damage":0,"enemies":"2 Louse","floor":1,"turns":2},{"damage":3,"enemies":"Small Slimes","floor":2,"turns":3},{"damage":6,"enemies":"Jaw Worm","floor":3,"turns":5},{"damage":8,"enemies":"2 Fungi Beasts","floor":4,"turns":5},{"damage":7,"enemies":"Blue Slaver","floor":5,"turns":4},{"damage":18,"enemies":"3 Louse","floor":6,"turns":4},{"damage":24,"enemies":"Exordium Wildlife","floor":8,"turns":4},{"damage":26,"enemies":"Lots of Slimes","floor":11,"turns":4},{"damage":0,"enemies":"Gremlin Nob","floor":12,"turns":2}],"seed_played":"-2169176441033566705","potions_obtained":[{"floor":2,"key":"SmokeBomb"},{"floor":8,"key":"DuplicationPotion"},{"floor":11,"key":"Ancient Potion"}],"is_trial":false,"path_per_floor":["M","M","M","M","M","M","R","M","T","R","M","E"],"character_chosen":"WATCHER","items_purchased":[],"campfire_rested":1,"item_purchase_floors":[],"current_hp_per_floor":[72,69,63,55,48,30,30,6,6,27,1,1,1],"gold":289,"neow_bonus":"ONE_RANDOM_RARE_CARD","is_daily":false,"chose_seed":false,"campfire_upgraded":0,"win_rate":0.0,"timestamp":1609419141,"path_taken":["M","M","M","M","M","M","R","M","T","R","M","E"],"items_purchased_type":[],"build_version":"2020-12-22","purchased_purges":0,"victory":false,"max_hp_per_floor":[72,72,72,72,72,72,72,72,72,72,72,72,72],"card_choices":[{"not_picked":["SashWhip","ClearTheMind","JustLucky"],"picked":"SKIP","floor":1},{"not_picked":["EmptyBody","FollowUp"],"picked":"PathToVictory","floor":2},{"not_picked":["EmptyBody","WindmillStrike","Vengeance"],"picked":"SKIP","floor":3},{"not_picked":["MentalFortress","Evaluate"],"picked":"Study","floor":4},{"not_picked":["ClearTheMind","JustLucky"],"picked":"LikeWater","floor":5},{"not_picked":["CrushJoints","Prostrate","Tantrum"],"picked":"SKIP","floor":6},{"not_picked":["FearNoEvil","Prostrate"],"picked":"CutThroughFate","floor":8},{"not_picked":["SashWhip","FearNoEvil","SignatureMove"],"picked":"SKIP","floor":11}],"player_experience":460315,"relics_obtained":[],"event_choices":[],"is_beta":false,"boss_relics":[],"items_purged_floors":[],"is_endless":false,"potions_floor_spawned":[2,8,11],"killed_by":"Gremlin Nob","ascension_level":0}}