{"host":"pi8b3ffzwvxqztac","time":1609374289,"event":{"mods":["BaseMod","Colored Map","Downfall","Minty Spire (QoL Compilation)","StSLib"],"gold_per_floor":[99,99,8,25,75,0,0,11,11,28,60,72,72,91,110,184,184,184,199,125,136,136,136,161,193,118,18,18,45,57,54,84,169,181,118,143,42,59,79,79,79,79,104,122,122,139,139,154,165,165,165,165,165,165],"floor_reached":52,"playtime":4453,"items_purged":[],"score":1309,"play_id":"c5b3eb25-563f-4fa7-a71b-e3b2fec76a11","local_time":"20201231132449","is_ascension_mode":true,"campfire_choices":[{"floor":1.0,"key":"RECALL"},{"data":"Guardian:FastForward","floor":6.0,"key":"SMITH"},{"data":"Guardian:SentryBeam","floor":9.0,"key":"SMITH"},{"data":"Guardian:DecasProtection","floor":13.0,"key":"SMITH"},{"data":"Guardian:CurlUp","floor":18.0,"key":"SMITH"},{"data":"Guardian:PiercingHide","floor":23.0,"key":"SMITH"},{"floor":26.0,"key":"REST"},{"data":"Guardian:DecasProtection","floor":30.0,"key":"SMITH"},{"data":"Guardian:FierceBash","floor":35.0,"key":"SMITH"},{"floor":40.0,"key":"REST"},{"floor":45.0,"key":"REST"}],"circlet_count":0,"master_deck":["AscendersBane","Guardian:Strike_Guardian","Guardian:Strike_Guardian","Guardian:Strike_Guardian","Guardian:Defend_Guardian","Guardian:Defend_Guardian","Guardian:Defend_Guardian","Guardian:Defend_Guardian","Guardian:CurlUp+1","Guardian:TwinSlam+1","Guardian:SentryBeam+1","Guardian:FastForward+1","Guardian:EvasiveProtocol","Guardian:DecasProtection+1","Guardian:Orbwalk","Guardian:SpikerProtocol","Guardian:ChargeUp","Guardian:PiercingHide+1","Guardian:Incinerate","Guardian:Recover","Guardian:DecasProtection+1","Guardian:FloatingOrbs","Guardian:PiercingHide","Guardian:FierceBash+1","Guardian:PiercingHide","Guardian:Repulse","Guardian:Gem_Yellow","Guardian:FloatingOrbs","Guardian:Gem_Blue"],"relics":["Guardian:ModeShifter","downfall:HeartBlessingRed","Lantern","Boot","Thread and Needle","downfall:HeartBlessingBlue","MawBank","Black Star","downfall:HeartBlessingGreen","Bottled Flame","Strawberry","Girya","Gremlin Horn"],"acts_visited":["Exordium","TheCity","TheBeyond","TheEnding"],"potions_floor_usage":[52],"damage_taken":[{"damage":0.0,"enemies":"downfall:FleeingMerchant","floor":3.0,"turns":4.0},{"damage":1.0,"enemies":"2 Louse","floor":4.0,"turns":2.0},{"damage":0.0,"enemies":"Small Slimes","floor":8.0,"turns":3.0},{"damage":1.0,"enemies":"Cultist","floor":10.0,"turns":3.0},{"damage":15.0,"enemies":"Lagavulin","floor":11.0,"turns":5.0},{"damage":0.0,"enemies":"Large Slime","floor":12.0,"turns":5.0},{"damage":0.0,"enemies":"2 Fungi Beasts","floor":14.0,"turns":3.0},{"damage":5.0,"enemies":"Blue Slaver","floor":15.0,"turns":2.0},{"damage":12.0,"enemies":"downfall:Silent","floor":16.0,"turns":6.0},{"damage":3.0,"enemies":"Shell Parasite","floor":19.0,"turns":5.0},{"damage":11.0,"enemies":"downfall:FleeingMerchant","floor":20.0,"turns":4.0},{"damage":1.0,"enemies":"Spheric Guardian","floor":21.0,"turns":5.0},{"damage":9.0,"enemies":"Book of Stabbing","floor":25.0,"turns":5.0},{"damage":0.0,"enemies":"downfall:FleeingMerchant","floor":27.0,"turns":4.0},{"damage":4.0,"enemies":"Gremlin Leader","floor":29.0,"turns":7.0},{"damage":1.0,"enemies":"downfall:FleeingMerchant","floor":31.0,"turns":4.0},{"damage":0.0,"enemies":"Centurion and Healer","floor":32.0,"turns":6.0},{"damage":5.0,"enemies":"downfall:Watcher","floor":33.0,"turns":9.0},{"damage":18.0,"enemies":"3 Darklings","floor":36.0,"turns":5.0},{"damage":4.0,"enemies":"downfall:FleeingMerchant","floor":37.0,"turns":3.0},{"damage":1.0,"enemies":"Orb Walker","floor":38.0,"turns":4.0},{"damage":18.0,"enemies":"Sphere and 2 Shapes","floor":39.0,"turns":6.0},{"damage":0.0,"enemies":"Mind Bloom Boss Battle","floor":43.0,"turns":7.0},{"damage":12.0,"enemies":"Writhing Mass","floor":44.0,"turns":5.0},{"damage":2.0,"enemies":"4 Shapes","floor":46.0,"turns":10.0},{"damage":7.0,"enemies":"Jaw Worm Horde","floor":48.0,"turns":5.0},{"damage":0.0,"enemies":"Writhing Mass","floor":49.0,"turns":7.0},{"damage":12.0,"enemies":"downfall:Defect","floor":50.0,"turns":9.0},{"damage":82,"enemies":"downfall:CharBossMerchant","floor":52,"turns":7}],"seed_played":"6153756313330204132","potions_obtained":[{"floor":8.0,"key":"SteroidPotion"},{"floor":10.0,"key":"champ:CounterPotion"},{"floor":11.0,"key":"SteroidPotion"},{"floor":16.0,"key":"AttackPotion"},{"floor":19.0,"key":"SkillPotion"},{"floor":21.0,"key":"Explosive Potion"},{"floor":25.0,"key":"BlessingOfTheForge"},{"floor":29.0,"key":"sneckomod:MuddlingPotion"},{"floor":32.0,"key":"Guardian:DefensiveModePotion"},{"floor":33.0,"key":"LiquidMemories"},{"floor":36.0,"key":"Dexterity Potion"},{"floor":38.0,"key":"Strength Potion"},{"floor":49.0,"key":"CultistPotion"}],"is_trial":false,"path_per_floor":["R","?","$","M","?","R","T","M","R","M","E","M","R","M","M","B",null,"R","M","$","M","?","R","T","E","R","$","?","E","R","$","M","B",null,"R","M","$","M","M","R","T","?","?","M","R","M","?","M","M","B",null,"E"],"character_chosen":"GUARDIAN","items_purchased":["Guardian:FastForward","Guardian:Incinerate","Guardian:FloatingOrbs","Guardian:Gem_Orange","Bottled Flame","Guardian:Repulse"],"campfire_rested":3,"item_purchase_floors":[3,20,27,37,37,37],"current_hp_per_floor":[65,65,65,64,64,64,64,64,64,63,48,48,48,48,43,31,62,62,59,48,47,47,47,47,38,72,72,72,68,68,67,67,62,77,77,59,55,54,36,60,67,67,67,55,81,79,79,72,72,60,82,0,0,0],"gold":165,"neow_bonus":"UPGRADE_CARD","is_daily":false,"chose_seed":false,"campfire_upgraded":7,"win_rate":0.0,"timestamp":1609374289,"path_taken":["R","?","$","M","?","R","T","M","R","M","E","M","R","M","M","BOSS","R","M","$","M","?","R","T","E","R","?","?","E","R","$","M","BOSS","R","M","$","M","M","R","T","?","?","M","R","M","?","M","M","BOSS","E"],"items_purchased_type":["Card","Card","Card","Card","Relic","Card"],"build_version":"2020-12-22","purchased_purges":0,"victory":false,"max_hp_per_floor":[72,72,72,72,72,72,72,72,72,72,72,72,72,72,72,72,72,72,72,72,72,72,72,72,72,82,82,82,82,82,82,82,82,82,82,82,82,82,82,82,89,89,89,89,89,89,89,89,89,89,89,89,89,89],"card_choices":[{"not_picked":["Guardian:EvasiveProtocol","Guardian:Preprogram"],"picked":"Guardian:SentryBeam","floor":3.0},{"not_picked":["Guardian:GuardianWhirl","Guardian:PrimingBeam","Guardian:TimeBomb"],"picked":"SKIP","floor":4.0},{"not_picked":["Guardian:Reroute","Guardian:PrimingBeam"],"picked":"Guardian:EvasiveProtocol","floor":8.0},{"not_picked":["Guardian:Recover","Guardian:FloatingOrbs"],"picked":"Guardian:Gem_White","floor":10.0},{"not_picked":["Guardian:FastForward","Guardian:Gem_Red"],"picked":"Guardian:DecasProtection","floor":11.0},{"not_picked":["Guardian:Emergency","Guardian:ArmoredProtocol"],"picked":"Guardian:Gem_Yellow","floor":12.0},{"not_picked":["Guardian:Gem_Lightblue","Guardian:ShieldCharger"],"picked":"Guardian:Orbwalk","floor":14.0},{"not_picked":["Guardian:Reroute","Guardian:CrystalBeam"],"picked":"Guardian:SpikerProtocol","floor":15.0},{"not_picked":["Guardian:FastForward","Guardian:ConstructionForm"],"picked":"Guardian:Gem_Synthetic","floor":16.0},{"not_picked":["Guardian:MultiBeam","Guardian:Suspension"],"picked":"Guardian:ChargeUp","floor":19.0},{"not_picked":["Guardian:Reroute","Guardian:ChargeCore"],"picked":"Guardian:PiercingHide","floor":20.0},{"not_picked":["Guardian:ChargeCore","Guardian:RollAttack","Guardian:VentSteam"],"picked":"SKIP","floor":21.0},{"not_picked":["Guardian:Emergency","Guardian:ConstructionForm"],"picked":"Guardian:Recover","floor":25.0},{"not_picked":["Guardian:FastForward","Guardian:PrimingBeam"],"picked":"Guardian:DecasProtection","floor":27.0},{"not_picked":["Guardian:MultiBeam","Guardian:WalkerClaw"],"picked":"Guardian:Gem_Yellow","floor":29.0},{"not_picked":["Guardian:TemporalStrike","Guardian:Recover","Guardian:MultiBeam"],"picked":"SKIP","floor":31.0},{"not_picked":["Guardian:RefractedBeam","Guardian:TemporalShield"],"picked":"Guardian:PiercingHide","floor":32.0},{"not_picked":["Guardian:SphericShield","Guardian:StasisStrike"],"picked":"Guardian:FierceBash","floor":33.0},{"not_picked":["Guardian:ChargeCore","Guardian:GuardianWhirl"],"picked":"Guardian:Gem_Yellow","floor":36.0},{"not_picked":["Guardian:Recover+1","Guardian:FierceBash"],"picked":"Guardian:PiercingHide","floor":37.0},{"not_picked":["Guardian:PiercingHide","Guardian:SentryBeam","Guardian:Reroute"],"picked":"SKIP","floor":38.0},{"not_picked":["Guardian:TimeCapacitor","Guardian:Gem_Lightblue","Guardian:EvasiveProtocol+1"],"picked":"SKIP","floor":39.0},{"not_picked":["Guardian:PrimingBeam+1","Guardian:Reroute","Guardian:Gem_Green"],"picked":"SKIP","floor":44.0},{"not_picked":["Guardian:DonusPower","Guardian:PolyBeam"],"picked":"Guardian:Gem_Yellow","floor":46.0},{"not_picked":["Guardian:Gem_Green","Guardian:BronzeOrb"],"picked":"Guardian:FloatingOrbs","floor":48.0},{"not_picked":["Guardian:FierceBash","Guardian:Harden"],"picked":"Guardian:Gem_Blue","floor":49.0}],"player_experience":453319,"relics_obtained":[{"floor":7.0,"key":"Lantern"},{"floor":11.0,"key":"Boot"},{"floor":25.0,"key":"Thread and Needle"},{"floor":29.0,"key":"MawBank"},{"floor":41.0,"key":"Strawberry"},{"floor":43.0,"key":"Girya"},{"floor":47.0,"key":"Gremlin Horn"}],"event_choices":[{"damage_healed":0.0,"max_hp_gain":0.0,"max_hp_loss":0.0,"gold_gain":0.0,"event_name":"Mysterious Sphere","player_choice":"Ignored","floor":42.0,"gold_loss":0.0,"damage_taken":0.0}],"is_beta":false,"boss_relics":[{"not_picked":["downfall:Hecktoplasm","Sozu","Philosopher\u0027s Stone"]},{"not_picked":["Velvet Choker","Snecko Eye"],"picked":"Black Star"}],"items_purged_floors":[],"is_endless":false,"potions_floor_spawned":[8,10,11,14,16,19,21,25,29,32,33,36,38,43,44,46,49],"killed_by":"downfall:CharBossMerchant","ascension_level":20}}