{"host":"4sl6z5xrlou33vwc","time":1609417566,"event":{"mods":["AchievementEnabler","BaseMod","Colored Powertips","DeckTracker","Minty Spire (QoL Compilation)"],"gold_per_floor":[151,151,187,247,285,285,330,357,402,402,464,464,464,531,531,655,705,749,368,406,425,32,84,84,84,84],"floor_reached":25,"playtime":762,"items_purged":["Strike_P","Strike_P"],"score":259,"play_id":"4f2138b9-5349-4d7a-8bb6-5b54f9137c7c","local_time":"20201231132606","is_ascension_mode":true,"campfire_choices":[{"data":"HandOfGreed","floor":6,"key":"SMITH"},{"floor":10,"key":"REST"},{"floor":13,"key":"REST"},{"data":"Consecrate","floor":15,"key":"SMITH"},{"floor":24,"key":"REST"}],"circlet_count":0,"master_deck":["Strike_P","Strike_P+1","Defend_P+1","Defend_P","Defend_P","Defend_P+1","Eruption","Vigilance","HandOfGreed+1","Consecrate+1","Alpha","Sanctity","WindmillStrike"],"relics":["PureWater","Sundial","Tiny House","Pen Nib","Centennial Puzzle","Calipers","Ornamental Fan"],"acts_visited":["Exordium","TheCity"],"potions_floor_usage":[5,18,20,21,25],"damage_taken":[{"damage":0,"enemies":"2 Louse","floor":1,"turns":3},{"damage":4,"enemies":"Cultist","floor":3,"turns":5},{"damage":5,"enemies":"Small Slimes","floor":4,"turns":4},{"damage":0,"enemies":"Gremlin Gang","floor":5,"turns":2},{"damage":0,"enemies":"Large Slime","floor":7,"turns":2},{"damage":30,"enemies":"Gremlin Nob","floor":8,"turns":4},{"damage":6,"enemies":"Exordium Thugs","floor":11,"turns":3},{"damage":2,"enemies":"3 Louse","floor":14,"turns":4},{"damage":9,"enemies":"Slime Boss","floor":16,"turns":7},{"damage":4,"enemies":"Shell Parasite","floor":18,"turns":7},{"damage":20,"enemies":"Spheric Guardian","floor":20,"turns":5},{"damage":3,"enemies":"3 Cultists","floor":21,"turns":3},{"damage":49,"enemies":"Gremlin Leader","floor":23,"turns":6},{"damage":30,"enemies":"Book of Stabbing","floor":25,"turns":3}],"seed_played":"-6914714352117570976","potions_obtained":[{"floor":3,"key":"Strength Potion"},{"floor":8,"key":"SkillPotion"},{"floor":11,"key":"Explosive Potion"},{"floor":16,"key":"SmokeBomb"},{"floor":17,"key":"BottledMiracle"},{"floor":20,"key":"DuplicationPotion"},{"floor":23,"key":"Energy Potion"}],"is_trial":false,"path_per_floor":["M","?","M","M","M","R","M","E","T","R","M","?","R","M","R","B",null,"M","$","M","M","$","E","R","E"],"character_chosen":"WATCHER","items_purchased":["Pen Nib","Centennial Puzzle","Calipers"],"campfire_rested":3,"item_purchase_floors":[19,19,22],"current_hp_per_floor":[51,51,47,42,42,42,42,12,12,33,27,13,34,32,32,23,77,73,73,53,50,50,1,24,0,0],"gold":84,"neow_bonus":"RANDOM_COLORLESS_2","is_daily":false,"chose_seed":false,"campfire_upgraded":2,"win_rate":0.0,"timestamp":1609417566,"path_taken":["M","?","?","M","M","R","M","E","T","R","M","?","R","M","R","BOSS","M","$","M","M","$","E","R","E"],"items_purchased_type":["Relic","Relic","Relic"],"build_version":"2020-12-22","purchased_purges":2,"victory":false,"max_hp_per_floor":[72,72,72,72,72,72,72,72,72,72,72,72,72,72,72,72,77,77,77,77,77,77,77,77,77,77],"card_choices":[{"not_picked":["Secret Technique","Sadistic Nature"],"picked":"HandOfGreed","floor":0},{"not_picked":["FollowUp","CrushJoints","WheelKick"],"picked":"SKIP","floor":1},{"not_picked":["ReachHeaven","ClearTheMind","ForeignInfluence"],"picked":"SKIP","floor":3},{"not_picked":["Crescendo","ThirdEye"],"picked":"Consecrate","floor":4},{"not_picked":["PathToVictory","Tantrum","Adaptation"],"picked":"SKIP","floor":5},{"not_picked":["EmptyBody","Crescendo","PathToVictory"],"picked":"SKIP","floor":7},{"not_picked":["Worship","FollowUp","LessonLearned"],"picked":"SKIP","floor":8},{"not_picked":["EmptyFist","Conclude","SandsOfTime"],"picked":"SKIP","floor":11},{"not_picked":["Halt","Consecrate","JustLucky"],"picked":"SKIP","floor":14},{"not_picked":["Blasphemy","LessonLearned"],"picked":"Alpha","floor":16},{"not_picked":["Indignation","InnerPeace"],"picked":"Sanctity","floor":17},{"not_picked":["Pray","FlyingSleeves+1"],"picked":"WindmillStrike","floor":18},{"not_picked":["SashWhip","CrushJoints","CarveReality"],"picked":"SKIP","floor":20},{"not_picked":["Prostrate","FlurryOfBlows","Omniscience"],"picked":"SKIP","floor":21},{"not_picked":["Crescendo","ThirdEye","CrushJoints+1"],"picked":"SKIP","floor":23}],"player_experience":349415,"relics_obtained":[{"floor":8,"key":"Sundial"},{"floor":23,"key":"Ornamental Fan"}],"event_choices":[{"damage_healed":0,"gold_gain":0,"player_choice":"Bought 0 Potions","damage_taken":0,"max_hp_gain":0,"max_hp_loss":0,"event_name":"The Woman in Blue","floor":2,"gold_loss":0},{"damage_healed":0,"gold_gain":0,"player_choice":"Entered Light","damage_taken":14,"max_hp_gain":0,"max_hp_loss":0,"event_name":"Shining Light","floor":12,"gold_loss":0,"cards_upgraded":["Strike_P","Defend_P"]}],"is_beta":false,"boss_relics":[{"not_picked":["VioletLotus","Runic Pyramid"],"picked":"Tiny House"}],"items_purged_floors":[19,22],"is_endless":false,"potions_floor_spawned":[3,8,11,16,20,23],"killed_by":"Book of Stabbing","ascension_level":3}}