{"host":"0nndazl0keusavit","time":1609432062,"event":{"mods":["AchievementEnabler","BaseMod","Colored Map","Curses Come First","Highlight Path","Minty Spire (QoL Compilation)","Relic Stats","StSLib"],"gold_per_floor":[110,128,53,53,71,71,146,171,195,234,85,121,121,144,144,144,144],"floor_reached":16,"playtime":338,"items_purged":["Strike_R","Defend_R"],"score":110,"play_id":"18fb7bbb-34fa-4dcc-a811-5b1eda34119a","local_time":"20201231122742","is_ascension_mode":false,"campfire_choices":[{"data":"Bash","floor":6,"key":"SMITH"},{"data":"Dropkick","floor":15,"key":"SMITH"}],"circlet_count":0,"master_deck":["Strike_R","Strike_R","Strike_R","Strike_R","Defend_R","Defend_R","Defend_R","Bash+1","Dropkick+1"],"relics":["Burning Blood","NeowsBlessing","Golden Idol","Pen Nib","Anchor","Regal Pillow"],"acts_visited":["Exordium"],"potions_floor_usage":[10,10,11,16],"damage_taken":[{"damage":0,"enemies":"Jaw Worm","floor":1,"turns":1},{"damage":0,"enemies":"Small Slimes","floor":2,"turns":1},{"damage":0,"enemies":"2 Louse","floor":5,"turns":1},{"damage":13,"enemies":"2 Fungi Beasts","floor":8,"turns":3},{"damage":47,"enemies":"Lagavulin","floor":10,"turns":8},{"damage":6,"enemies":"Gremlin Nob","floor":12,"turns":3},{"damage":6,"enemies":"Large Slime","floor":14,"turns":4},{"damage":24,"enemies":"Hexaghost","floor":16,"turns":9}],"seed_played":"-3041178519262427824","potions_obtained":[{"floor":2,"key":"SkillPotion"},{"floor":5,"key":"Dexterity Potion"},{"floor":8,"key":"Dexterity Potion"}],"is_trial":false,"path_per_floor":["M","M","$","?","M","R","?","M","T","E","$","E","?","M","R","B"],"character_chosen":"IRONCLAD","items_purchased":["BloodPotion"],"campfire_rested":0,"item_purchase_floors":[11],"current_hp_per_floor":[80,80,80,60,66,66,55,48,48,7,23,23,23,23,23,0,0],"gold":144,"neow_bonus":"THREE_ENEMY_KILL","is_daily":false,"chose_seed":false,"campfire_upgraded":2,"win_rate":0.0,"timestamp":1609432062,"path_taken":["M","M","$","?","M","R","?","M","T","E","$","E","?","M","R","BOSS"],"items_purchased_type":["Potion"],"build_version":"2020-12-22","purchased_purges":2,"victory":false,"max_hp_per_floor":[80,80,80,80,80,80,80,80,80,80,80,80,80,80,80,80,80],"relic_stats":{"Regal Pillow":0,"counters":[8,30],"Golden Idol":29,"Pen Nib":[5],"obtain_stats":[{"Anchor":10,"Regal Pillow":12,"NeowsBlessing":0,"Golden Idol":4,"Pen Nib":9,"Burning Blood":0},{"Anchor":5,"Regal Pillow":6,"NeowsBlessing":0,"Golden Idol":2,"Pen Nib":4,"Burning Blood":0},{"Anchor":14,"Regal Pillow":17,"NeowsBlessing":0,"Golden Idol":2,"Pen Nib":6,"Burning Blood":0}],"Burning Blood":30},"card_choices":[{"not_picked":["Thunderclap","Power Through","Carnage"],"picked":"SKIP","floor":1},{"not_picked":["Entrench","Wild Strike","Ghostly Armor"],"picked":"SKIP","floor":2},{"not_picked":["Sword Boomerang","Warcry","Reckless Charge"],"picked":"SKIP","floor":5},{"not_picked":["Thunderclap","Flex","Disarm"],"picked":"SKIP","floor":8},{"not_picked":["Flex","Dual Wield"],"picked":"Dropkick","floor":10},{"not_picked":["Cleave","Warcry","Rampage"],"picked":"SKIP","floor":12},{"not_picked":["Thunderclap","Dark Embrace","Pommel Strike"],"picked":"SKIP","floor":14}],"player_experience":865239,"relics_obtained":[{"floor":9,"key":"Pen Nib"},{"floor":10,"key":"Anchor"},{"floor":12,"key":"Regal Pillow"}],"event_choices":[{"damage_healed":0,"gold_gain":0,"player_choice":"Take Damage","damage_taken":20,"relics_obtained":["Golden Idol"],"max_hp_gain":0,"max_hp_loss":0,"event_name":"Golden Idol","floor":4,"gold_loss":0},{"damage_healed":0,"gold_gain":75,"player_choice":"Gather Gold","damage_taken":11,"max_hp_gain":0,"max_hp_loss":0,"event_name":"World of Goop","floor":7,"gold_loss":0},{"damage_healed":0,"gold_gain":0,"player_choice":"Ignored","damage_taken":0,"max_hp_gain":0,"max_hp_loss":0,"event_name":"Liars Game","floor":13,"gold_loss":0}],"is_beta":false,"boss_relics":[],"items_purged_floors":[3,11],"is_endless":false,"potions_floor_spawned":[2,5,8],"killed_by":"Hexaghost","ascension_level":0}}