{"host":"x4juqxtivqd4pvh0","time":1609393708,"event":{"mods":["AchievementEnabler","BaseMod","Colored Map","Colored Powertips","Googly Eyes","Minty Spire (QoL Compilation)","Rare Cards Sparkle","Shop Mod","SuperFastMode"],"gold_per_floor":[118,118,118,118,128,142,142,93,93,110,126,126,126,136,136,241,241,254,254,204,221,233,233,233,233,258,273,273,273,283,300,300,300,300],"floor_reached":33,"playtime":1124,"items_purged":[],"score":239,"play_id":"7484ebf2-4d00-468a-9cac-8152921d0756","local_time":"20201231161828","is_ascension_mode":false,"campfire_choices":[{"data":"Seeing Red","floor":7,"key":"SMITH"},{"data":"Intimidate","floor":12,"key":"SMITH"},{"data":"Anger","floor":15,"key":"SMITH"},{"data":"Immolate","floor":23,"key":"SMITH"},{"data":"Pommel Strike","floor":28,"key":"SMITH"},{"data":"Ghostly Armor","floor":32,"key":"SMITH"}],"circlet_count":0,"master_deck":["Strike_R+1","Strike_R","Defend_R","Defend_R","Defend_R","Defend_R","Seeing Red+1","Pommel Strike+1","Clash","Twin Strike","Anger+1","Intimidate+1","Pommel Strike","Immolate+1","Clash+1","Wild Strike+1","Double Tap+1","Carnage+1","Heavy Blade+1","Ghostly Armor+1"],"relics":["Burning Blood","Peace Pipe","Letter Opener","Astrolabe","Mercury Hourglass","Happy Flower","Molten Egg 2"],"acts_visited":["Exordium","TheCity"],"potions_floor_usage":[11,22,27,33,33],"damage_taken":[{"damage":3,"enemies":"Jaw Worm","floor":1,"turns":4},{"damage":2,"enemies":"Small Slimes","floor":5,"turns":3},{"damage":1,"enemies":"Cultist","floor":6,"turns":4},{"damage":0,"enemies":"Looter","floor":10,"turns":3},{"damage":7,"enemies":"2 Fungi Beasts","floor":11,"turns":2},{"damage":8,"enemies":"Gremlin Gang","floor":14,"turns":2},{"damage":65,"enemies":"Hexaghost","floor":16,"turns":11},{"damage":1,"enemies":"Chosen","floor":18,"turns":3},{"damage":15,"enemies":"Shell Parasite","floor":21,"turns":4},{"damage":16,"enemies":"Snake Plant","floor":22,"turns":2},{"damage":3,"enemies":"Snecko","floor":27,"turns":3},{"damage":25,"enemies":"Chosen and Byrds","floor":30,"turns":5},{"damage":0,"enemies":"Snake Plant","floor":31,"turns":2},{"damage":76,"enemies":"Champ","floor":33,"turns":10}],"seed_played":"5761486630980602609","potions_obtained":[{"floor":1,"key":"ColorlessPotion"},{"floor":5,"key":"SneckoOil"},{"floor":14,"key":"BloodPotion"},{"floor":18,"key":"SteroidPotion"},{"floor":30,"key":"HeartOfIron"}],"is_trial":false,"path_per_floor":["M","?","?","?","M","M","R","$","T","M","M","R","?","M","R","B",null,"M","?","?","M","M","R","?","?","T","M","R","T","M","M","R","B"],"character_chosen":"IRONCLAD","items_purchased":["Twin Strike"],"campfire_rested":0,"item_purchase_floors":[8],"current_hp_per_floor":[80,85,78,71,75,80,80,80,80,85,84,84,84,82,82,23,85,85,85,85,76,66,66,66,66,66,69,69,69,50,56,56,0,0],"gold":300,"neow_bonus":"UPGRADE_CARD","is_daily":false,"chose_seed":false,"campfire_upgraded":6,"win_rate":0.0,"timestamp":1609393708,"path_taken":["M","?","?","?","?","M","R","?","T","M","M","R","?","M","R","BOSS","M","?","?","M","?","R","?","?","T","M","R","?","M","M","R","BOSS"],"items_purchased_type":["Card"],"build_version":"2020-12-22","purchased_purges":0,"victory":false,"max_hp_per_floor":[80,85,85,85,85,85,85,85,85,85,85,85,85,85,85,85,85,85,85,85,85,85,85,85,85,85,85,85,85,85,85,85,85,85],"card_choices":[{"not_picked":["Body Slam","Perfected Strike"],"picked":"Seeing Red","floor":1},{"not_picked":["True Grit","Warcry"],"picked":"Pommel Strike","floor":5},{"not_picked":["Twin Strike","Second Wind"],"picked":"Clash","floor":6},{"not_picked":["Entrench","Twin Strike"],"picked":"Anger","floor":10},{"not_picked":["Reaper","Clash"],"picked":"Intimidate","floor":11},{"not_picked":["Twin Strike","Shrug It Off"],"picked":"Pommel Strike","floor":14},{"not_picked":["Brutality","Juggernaut"],"picked":"Immolate","floor":16},{"not_picked":["Iron Wave","Pommel Strike"],"picked":"Carnage+1","floor":18},{"not_picked":["Cleave","Infernal Blade"],"picked":"Heavy Blade+1","floor":21},{"not_picked":["Body Slam+1","Evolve","Flame Barrier"],"picked":"SKIP","floor":22},{"not_picked":["Reckless Charge","Headbutt","Sever Soul+1"],"picked":"SKIP","floor":27},{"not_picked":["Wild Strike+1","True Grit+1"],"picked":"Ghostly Armor","floor":30},{"not_picked":["Feel No Pain","Shrug It Off","Searing Blow+1"],"picked":"SKIP","floor":31}],"player_experience":43933,"relics_obtained":[{"floor":9,"key":"Letter Opener"},{"floor":26,"key":"Happy Flower"},{"floor":29,"key":"Molten Egg 2"}],"event_choices":[{"damage_healed":0,"gold_gain":0,"player_choice":"Donut","damage_taken":0,"max_hp_gain":5,"max_hp_loss":0,"event_name":"Big Fish","floor":2,"gold_loss":0},{"damage_healed":0,"gold_gain":0,"player_choice":"Success","damage_taken":7,"relics_obtained":["Peace Pipe"],"max_hp_gain":0,"max_hp_loss":0,"event_name":"Scrap Ooze","floor":3,"gold_loss":0},{"cards_removed":["Bash"],"damage_healed":0,"gold_gain":0,"player_choice":"Card Removal","damage_taken":7,"max_hp_gain":0,"max_hp_loss":0,"event_name":"Golden Wing","floor":4,"gold_loss":0},{"damage_healed":0,"gold_gain":0,"player_choice":"Ignored","damage_taken":0,"max_hp_gain":0,"max_hp_loss":0,"event_name":"Liars Game","floor":13,"gold_loss":0},{"damage_healed":0,"gold_gain":0,"player_choice":"Ignored","damage_taken":0,"max_hp_gain":0,"max_hp_loss":0,"event_name":"Ghosts","floor":19,"gold_loss":0},{"damage_healed":0,"gold_gain":0,"player_choice":"Bet on Murderer","damage_taken":0,"max_hp_gain":0,"max_hp_loss":0,"event_name":"The Joust","floor":20,"gold_loss":50},{"damage_healed":0,"gold_gain":0,"player_choice":"Ignored","damage_taken":0,"max_hp_gain":0,"max_hp_loss":0,"event_name":"Vampires","floor":24,"gold_loss":0},{"damage_healed":0,"gold_gain":0,"player_choice":"Opened","damage_taken":0,"relics_obtained":["Mercury Hourglass"],"max_hp_gain":0,"max_hp_loss":0,"event_name":"The Mausoleum","floor":25,"gold_loss":0}],"is_beta":false,"boss_relics":[{"not_picked":["Coffee Dripper","Philosopher\u0027s Stone"],"picked":"Astrolabe"}],"items_purged_floors":[],"is_endless":false,"potions_floor_spawned":[1,5,14,18,21,30],"killed_by":"Champ","ascension_level":0}}