{"host":"hdafziggwnbzqpcb","time":1609458838,"event":{"mods":["BaseMod","Bestiary","Better Altar","Better Match","Better Note","Better Third Choice","Better Vampires","Colored Map","Colored Powertips","Curses Come First","Duelist Mod","GifTheSpireLib","Hero for Fun","Minty Spire (QoL Compilation)","Quick Restart","Rare Cards Sparkle","Relic Stats","Spicy Shops","StSLib","The Bug Knight","The Cursed","The Marked","The Runesmith","The Senshi","The Wild Card","TheHero"],"gold_per_floor":[109,284,284,284,21,65,65,65,65,65,65,89,114,137,137,263,263,283,308,323,346,418,418,418,434,434,472,472,488,37,53,53,178,178,197,218,239,33,53,121,121,121,121,93,106,145,145,145,145,145,145],"floor_reached":50,"playtime":2913,"items_purged":["Runesmith:Defend_RS","Runesmith:Strike_RS"],"score":565,"play_id":"43d6816c-91f0-4f22-a957-7fb4eb3ca349","local_time":"20201231155358","is_ascension_mode":false,"campfire_choices":[{"data":"Runesmith:HammerThrow","floor":7.0,"key":"SMITH"},{"data":"Runesmith:LithiumIon","floor":10.0,"key":"SMITH"},{"floor":15.0,"key":"REST"},{"floor":23.0,"key":"REST"},{"data":"Runesmith:Supernova","floor":28.0,"key":"SMITH"},{"floor":32.0,"key":"REST"},{"floor":41,"key":"REST"},{"floor":47,"key":"REST"},{"floor":49,"key":"REST"}],"circlet_count":0,"master_deck":["Runesmith:Strike_RS","Runesmith:Strike_RS","Runesmith:Defend_RS","Runesmith:Defend_RS","Runesmith:Defend_RS","Runesmith:CraftFirestone+1","Runesmith:Fortify","Runesmith:HammerThrow+1","Runesmith:LithiumIon+1","Runesmith:UnstableHammer","theWildCard:Metatron+1","Runesmith:RuneHurl","Runesmith:UnstableHammer","Runesmith:Supernova+1","Runesmith:HammerThrow+1","Runesmith:RuneHurl","Runesmith:FissionHammer","Runesmith:CraftMagma","Runesmith:Repurpose+1","Runesmith:HammerThrow+1","Runesmith:CraftMagma+1","Madness","Madness","Runesmith:BackupBattery+1","Runesmith:Firewall+1"],"relics":["Runesmith:BrokenRuby","Golden Idol","Omamori","Runesmith:MiniCore","Gambling Chip","Lantern","theSenshi:MoonKaleidoScopeRelic","HollowMod:StagPassRelic","MealTicket","Regal Pillow","Dream Catcher","SlaversCollar","Lee\u0027s Waffle","Incense Burner","Smiling Mask","Bag of Marbles"],"acts_visited":["Exordium","TheCity","TheBeyond"],"potions_floor_usage":[35,37,40,40,49,50,50],"damage_taken":[{"damage":0.0,"enemies":"Jaw Worm","floor":1.0,"turns":4.0},{"damage":24.0,"enemies":"Lagavulin","floor":6.0,"turns":8.0},{"damage":0.0,"enemies":"Small Slimes","floor":12.0,"turns":2.0},{"damage":0.0,"enemies":"2 Louse","floor":13.0,"turns":1.0},{"damage":27.0,"enemies":"Hexaghost","floor":16.0,"turns":8.0},{"damage":20.0,"enemies":"Shell Parasite","floor":18.0,"turns":5.0},{"damage":10.0,"enemies":"2 Thieves","floor":19.0,"turns":2.0},{"damage":8.0,"enemies":"Shelled Parasite and Fungi","floor":20.0,"turns":4.0},{"damage":19.0,"enemies":"Snake Plant","floor":21.0,"turns":5.0},{"damage":5.0,"enemies":"Centurion and Healer","floor":25.0,"turns":3.0},{"damage":7.0,"enemies":"Slavers","floor":27.0,"turns":2.0},{"damage":2.0,"enemies":"Cultist and Chosen","floor":29.0,"turns":3.0},{"damage":1.0,"enemies":"Sentry and Sphere","floor":31.0,"turns":3.0},{"damage":62.0,"enemies":"Automaton","floor":33.0,"turns":8.0},{"damage":0,"enemies":"3 Darklings","floor":35,"turns":1},{"damage":18,"enemies":"Orb Walker","floor":36,"turns":3},{"damage":38,"enemies":"Maw","floor":37,"turns":8},{"damage":0,"enemies":"4 Shapes","floor":39,"turns":2},{"damage":76,"enemies":"2 Orb Walkers","floor":40,"turns":4},{"damage":30,"enemies":"Writhing Mass","floor":45,"turns":6},{"damage":0,"enemies":"Reptomancer","floor":46,"turns":4},{"damage":78,"enemies":"Time Eater","floor":50,"turns":9}],"seed_played":"8718761209499239444","potions_obtained":[{"floor":12.0,"key":"PowerPotion"},{"floor":16.0,"key":"AttackPotion"},{"floor":18.0,"key":"DuplicationPotion"},{"floor":25.0,"key":"GamblersBrew"},{"floor":27.0,"key":"SteroidPotion"},{"floor":31.0,"key":"SpeedPotion"},{"floor":36,"key":"PowerPotion"},{"floor":39,"key":"DuplicationPotion"},{"floor":46,"key":"EntropicBrew"}],"is_trial":false,"path_per_floor":["M","?","?","?","$","E","R","?","T","R","?","M","M","T","R","B",null,"M","M","M","M","T","R","?","M","T","E","R","M","$","M","R","B",null,"M","M","M","$","M","?","R","?","T","$","M","E","R","T","R","B"],"character_chosen":"RUNESMITH_CLASS","items_purchased":["Omamori","Runesmith:LithiumIon","Runesmith:FissionHammer","Dream Catcher","Lee\u0027s Waffle","Runesmith:Repurpose","Runesmith:BackupBattery"],"campfire_rested":6,"item_purchase_floors":[5,5,30,30,38,38,44],"current_hp_per_floor":[70,70,70,53,53,29,29,29,29,29,29,29,29,29,50,23,70,50,40,32,13,13,34,34,29,29,22,22,20,35,34,70,8,70,70,52,14,77,77,1,39,29,29,44,14,14,52,52,77,0,0],"gold":145,"neow_bonus":"UPGRADE_CARD","is_daily":false,"chose_seed":false,"campfire_upgraded":3,"win_rate":0.0,"timestamp":1609458838,"path_taken":["M","?","?","?","?","E","R","?","T","R","?","?","M","?","R","BOSS","M","M","M","?","?","R","?","?","T","E","R","?","?","M","R","BOSS","M","M","M","$","M","?","R","?","T","$","M","E","R","?","R","BOSS"],"items_purchased_type":["Relic","Card","Card","Relic","Relic","Card","Card"],"build_version":"2020-12-22","purchased_purges":2,"victory":false,"max_hp_per_floor":[70,70,70,70,70,70,70,70,70,70,70,70,70,70,70,70,70,70,70,70,70,70,70,70,70,70,70,70,70,70,70,70,70,70,70,70,70,77,77,77,77,77,77,77,77,77,77,77,77,77,77],"relic_stats":{"Regal Pillow":47,"Dream Catcher":4,"Lee\u0027s Waffle":48,"counters":[22,95],"Golden Idol":144,"Gambling Chip":[37],"MealTicket":45,"Smiling Mask":0,"obtain_stats":[{"Runesmith:BrokenRuby":0,"Lantern":14,"Regal Pillow":27,"Lee\u0027s Waffle":38,"Golden Idol":4,"Runesmith:MiniCore":6,"theSenshi:MoonKaleidoScopeRelic":17,"Omamori":5,"Incense Burner":40,"HollowMod:StagPassRelic":22,"Smiling Mask":46,"SlaversCollar":34,"Dream Catcher":30,"Gambling Chip":9,"MealTicket":26,"Bag of Marbles":48},{"Runesmith:BrokenRuby":0,"Lantern":4,"Regal Pillow":11,"Lee\u0027s Waffle":17,"Golden Idol":1,"Runesmith:MiniCore":2,"theSenshi:MoonKaleidoScopeRelic":5,"Omamori":1,"Incense Burner":19,"HollowMod:StagPassRelic":9,"Smiling Mask":21,"SlaversCollar":14,"Dream Catcher":12,"Gambling Chip":2,"MealTicket":10,"Bag of Marbles":21},{"Runesmith:BrokenRuby":0,"Lantern":15,"Regal Pillow":44,"Lee\u0027s Waffle":70,"Golden Idol":4,"Runesmith:MiniCore":12,"theSenshi:MoonKaleidoScopeRelic":23,"Omamori":4,"Incense Burner":76,"HollowMod:StagPassRelic":39,"Smiling Mask":86,"SlaversCollar":58,"Dream Catcher":47,"Gambling Chip":12,"MealTicket":42,"Bag of Marbles":86}]},"card_choices":[{"not_picked":["Runesmith:HeatExchange","Runesmith:RuneHurl"],"picked":"Runesmith:HammerThrow","floor":1.0},{"not_picked":["Runesmith:CraftReservo","Runesmith:ShiftingStrike"],"picked":"Runesmith:UnstableHammer","floor":6.0},{"not_picked":["Runesmith:Discharge","Runesmith:LithiumIon"],"picked":"Runesmith:RuneHurl","floor":12.0},{"not_picked":["Runesmith:NegativeSpace","Runesmith:Augment"],"picked":"Runesmith:UnstableHammer","floor":13.0},{"not_picked":["Runesmith:CraftIndustria","Runesmith:CraftPrismatica"],"picked":"Runesmith:Supernova","floor":16.0},{"not_picked":["Runesmith:Overpower","Runesmith:FrozenChisel","Runesmith:UnstableHammer"],"picked":"SKIP","floor":18.0},{"not_picked":["Runesmith:LithiumIon","Runesmith:Empowerment"],"picked":"Runesmith:HammerThrow+1","floor":19.0},{"not_picked":["Runesmith:ShiftingStrike","Runesmith:EarthShield","Runesmith:BackupBattery+1"],"picked":"SKIP","floor":20.0},{"not_picked":["Runesmith:HammerThrow","Runesmith:ShiftingStrike+1","Runesmith:FrozenChisel"],"picked":"SKIP","floor":21.0},{"not_picked":["Runesmith:ShiftingStrike","Runesmith:UnstableHammer+1"],"picked":"Runesmith:RuneHurl","floor":25.0},{"not_picked":["Runesmith:UnstableHammer","Runesmith:BackupBattery","Runesmith:Grindstone"],"picked":"SKIP","floor":27.0},{"not_picked":["Runesmith:RunicBlueprint+1","Runesmith:Grindstone","Runesmith:LastStand"],"picked":"SKIP","floor":29.0},{"not_picked":["Runesmith:WhiteBalance+1","Runesmith:RuneHurl","Runesmith:BackupBattery"],"picked":"SKIP","floor":31.0},{"not_picked":["Runesmith:EnergizedChisel+1","Runesmith:BackupBattery+1"],"picked":"Runesmith:CraftMagma","floor":35},{"not_picked":["Runesmith:EarthShield+1","Runesmith:Empowerment+1","Runesmith:HeatedChisel"],"picked":"SKIP","floor":36},{"not_picked":["Runesmith:UnstableHammer","Runesmith:Grindstone","Runesmith:ElementalConversion"],"picked":"SKIP","floor":37},{"not_picked":["Runesmith:Repurpose+1","Runesmith:Grindstone+1"],"picked":"Runesmith:HammerThrow+1","floor":39},{"not_picked":["Runesmith:Retool+1","Runesmith:CraftProtectio+1"],"picked":"Runesmith:CraftMagma+1","floor":40},{"not_picked":["Runesmith:HammerTime+1","Runesmith:PoweredAnvil","Runesmith:Overpower+1"],"picked":"SKIP","floor":45},{"not_picked":["Runesmith:LithiumIon","Runesmith:GoWithTheFlow"],"picked":"Runesmith:Firewall+1","floor":46}],"player_experience":701077,"relics_obtained":[{"floor":6.0,"key":"Runesmith:MiniCore"},{"floor":9.0,"key":"Gambling Chip"},{"floor":14.0,"key":"Lantern"},{"floor":22.0,"key":"HollowMod:StagPassRelic"},{"floor":26.0,"key":"MealTicket"},{"floor":27.0,"key":"Regal Pillow"},{"floor":40,"key":"Incense Burner"},{"floor":46,"key":"Smiling Mask"},{"floor":48,"key":"Bag of Marbles"}],"event_choices":[{"damage_healed":0.0,"max_hp_gain":0.0,"max_hp_loss":0.0,"gold_gain":175.0,"event_name":"betterThird:BetterSerpent","player_choice":"AGREE","floor":2.0,"gold_loss":0.0,"damage_taken":109.0},{"cards_removed":["Doubt"],"damage_healed":0.0,"max_hp_gain":0.0,"max_hp_loss":0.0,"gold_gain":0.0,"event_name":"Living Wall","player_choice":"Forget","floor":3.0,"gold_loss":0.0,"damage_taken":0.0},{"damage_healed":0.0,"max_hp_gain":0.0,"max_hp_loss":0.0,"gold_gain":0.0,"event_name":"Golden Idol","player_choice":"Take Damage","floor":4.0,"gold_loss":0.0,"damage_taken":17.0,"relics_obtained":["Golden Idol"]},{"damage_healed":0.0,"max_hp_gain":0.0,"max_hp_loss":0.0,"gold_gain":0.0,"event_name":"Upgrade Shrine","player_choice":"Upgraded","floor":11.0,"gold_loss":0.0,"damage_taken":0.0,"cards_upgraded":["theWildCard:Metatron"]},{"cards_removed":["Runesmith:Strike_RS"],"damage_healed":0.0,"max_hp_gain":0.0,"max_hp_loss":0.0,"gold_gain":0.0,"event_name":"Purifier","player_choice":"Purged","floor":24.0,"gold_loss":0.0,"damage_taken":0.0},{"damage_healed":0,"gold_gain":0,"player_choice":"Fight","damage_taken":0,"max_hp_gain":0,"max_hp_loss":0,"event_name":"Mysterious Sphere","floor":40,"gold_loss":0},{"damage_healed":0,"gold_gain":0,"player_choice":"Embrace Madness","damage_taken":10,"max_hp_gain":0,"max_hp_loss":0,"event_name":"Winding Halls","floor":42,"gold_loss":0,"cards_obtained":["Madness","Madness"]}],"is_beta":false,"boss_relics":[{"not_picked":["Runic Pyramid","Runesmith:PocketReactor"],"picked":"theSenshi:MoonKaleidoScopeRelic"},{"not_picked":["Snecko Eye","Busted Crown"],"picked":"SlaversCollar"}],"items_purged_floors":[5,30],"is_endless":false,"potions_floor_spawned":[12,16,18,25,27,31,36,39,46],"killed_by":"Time Eater","ascension_level":0}}