{"host":"vs449n3fto5g3ggm","time":1609436616,"event":{"mods":["BaseMod","Better Note","Better Third Choice","Better Vampires","Hermit","Highlight Path","Hubris","JesterMod","Minty Spire (QoL Compilation)","Rare Cards Sparkle","Robot Space Explorer","Spicy Shops","StSLib","The Cursed","The Disciple","The Servant 0.9.4","The Witch"],"gold_per_floor":[118,118,132,132,145,145,172,172,172,182,182,182,198,198,198,300,300,312,322,322,339,353,353,368,396,448,483,501,104,104,124,124,227,227,243,293,318,349,79,79,79,110,110,110,110,110,129,143,143,143],"floor_reached":51,"playtime":7881,"items_purged":["TheCursedMod:Defend_TheCursed","TheCursedMod:Strike_TheCursed","TheCursedMod:Strike_TheCursed"],"score":692,"play_id":"686d4114-b2c8-4e13-9488-db030ff38b85","local_time":"20201231094336","is_ascension_mode":false,"campfire_choices":[{"data":"TheCursedMod:TacticalStrike","floor":6,"key":"SMITH"},{"data":"TheCursedMod:NeowsMight","floor":8,"key":"SMITH"},{"data":"TheCursedMod:CursedWand","floor":12,"key":"SMITH"},{"data":"TheCursedMod:HellfireBreathing","floor":15,"key":"SMITH"},{"data":"TheCursedMod:Evocation","floor":23,"key":"SMITH"},{"data":"TheCursedMod:SurpriseAttack","floor":30,"key":"SMITH"},{"data":"TheCursedMod:CircleOfBlood","floor":32,"key":"SMITH"},{"data":"TheCursedMod:ShockAndAwe","floor":40,"key":"SMITH"},{"data":"TheCursedMod:Wield","floor":45,"key":"SMITH"},{"data":"TheCursedMod:SpitefulStrike","floor":46,"key":"SMITH"},{"data":"TheCursedMod:CleanUpWorkshop","floor":49,"key":"SMITH"}],"circlet_count":0,"master_deck":["TheCursedMod:Strike_TheCursed","TheCursedMod:Strike_TheCursed","TheCursedMod:Defend_TheCursed","TheCursedMod:Defend_TheCursed","TheCursedMod:Defend_TheCursed","TheCursedMod:CursedWand+1","TheCursedMod:CleanUpWorkshop+1","TheCursedMod:Dregs","TheCursedMod:TacticalStrike+1","TheCursedMod:CircleOfBlood+1","TheCursedMod:SurpriseAttack+1","TheCursedMod:NeowsMight+1","TheCursedMod:SpitefulStrike+1","TheCursedMod:HellfireBreathing+1","TheCursedMod:ShockAndAwe+1","CurseOfTheBell","TheCursedMod:Evocation+1","TheCursedMod:SpitefulStrike+1","TheCursedMod:WearCloak","TheCursedMod:CircleOfFlame+1","TheCursedMod:Wield+1","TheCursedMod:SmokeScreen+1","TheCursedMod:NeowsMight+1","TheCursedMod:TacticalStrike+1","TheCursedMod:CursedAmulet+1"],"relics":["TheCursedMod:BlackMagic101","Vajra","hubris:TenFootPole","Bag of Marbles","TheCursedMod:Tack","hubris:Icosahedron","Calling Bell","Bag of Preparation","hubris:TinFlute","WingedGreaves","hubris:PeanutButter","MealTicket","Tiny Chest","Strange Spoon","Centennial Puzzle","SlaversCollar","hubris:64BitClover","MawBank","Oddly Smooth Stone","Ancient Tea Set","Strawberry"],"acts_visited":["Exordium","TheCity","TheBeyond"],"potions_floor_usage":[16,19,25,25,27,33,50,50],"damage_taken":[{"damage":0,"enemies":"Cultist","floor":1,"turns":4},{"damage":0,"enemies":"Small Slimes","floor":3,"turns":3},{"damage":1,"enemies":"Jaw Worm","floor":5,"turns":3},{"damage":14,"enemies":"Gremlin Nob","floor":7,"turns":4},{"damage":0,"enemies":"Large Slime","floor":10,"turns":4},{"damage":8,"enemies":"Red Slaver","floor":13,"turns":2},{"damage":57,"enemies":"Slime Boss","floor":16,"turns":11},{"damage":10,"enemies":"Spheric Guardian","floor":18,"turns":3},{"damage":10,"enemies":"3 Byrds","floor":19,"turns":3},{"damage":0,"enemies":"Snecko","floor":21,"turns":2},{"damage":0,"enemies":"Snake Plant","floor":22,"turns":1},{"damage":5,"enemies":"Cultist and Chosen","floor":24,"turns":4},{"damage":20,"enemies":"Slavers","floor":25,"turns":4},{"damage":18,"enemies":"Book of Stabbing","floor":27,"turns":5},{"damage":0,"enemies":"Snecko","floor":28,"turns":2},{"damage":0,"enemies":"Snake Plant","floor":31,"turns":2},{"damage":48,"enemies":"hubris:MusketHawk","floor":33,"turns":9},{"damage":0,"enemies":"Orb Walker","floor":35,"turns":1},{"damage":4,"enemies":"Mind Bloom Boss Battle","floor":36,"turns":5},{"damage":0,"enemies":"3 Shapes","floor":38,"turns":3},{"damage":0,"enemies":"Nemesis","floor":42,"turns":3},{"damage":0,"enemies":"Sphere and 2 Shapes","floor":47,"turns":3},{"damage":0,"enemies":"Transient","floor":48,"turns":5},{"damage":72,"enemies":"Time Eater","floor":50,"turns":10}],"seed_played":"-7592062318486216926","potions_obtained":[{"floor":3,"key":"GamblersBrew"},{"floor":5,"key":"Dexterity Potion"},{"floor":7,"key":"Strength Potion"},{"floor":13,"key":"SteroidPotion"},{"floor":18,"key":"SpeedPotion"},{"floor":19,"key":"Block Potion"},{"floor":25,"key":"Swift Potion"},{"floor":27,"key":"Swift Potion"},{"floor":35,"key":"Dexterity Potion"},{"floor":42,"key":"SkillPotion"},{"floor":47,"key":"AttackPotion"}],"is_trial":false,"path_per_floor":["M","T","M","?","M","R","E","R","T","M","?","R","M","?","R","B",null,"M","M","?","M","M","R","M","E","T","E","M","$","R","M","R","B",null,"M","?","T","M","$","R","?","E","T","?","R","R","M","M","R","B",null],"character_chosen":"THE_CURSED","items_purchased":["Strange Spoon","Centennial Puzzle","Oddly Smooth Stone"],"campfire_rested":0,"item_purchase_floors":[29,29,39],"current_hp_per_floor":[82,82,82,82,82,82,68,68,68,76,76,76,72,82,82,25,82,72,66,66,68,78,78,77,61,61,49,57,72,72,72,72,34,82,82,78,78,82,82,82,82,82,89,89,89,89,89,89,89,17],"gold":143,"neow_bonus":"TEN_PERCENT_HP_BONUS","is_daily":false,"chose_seed":false,"campfire_upgraded":11,"win_rate":0.0,"timestamp":1609436616,"path_taken":["M","?","M","?","?","R","E","R","T","M","?","R","M","?","R","BOSS","M","M","?","?","M","R","M","E","T","E","M","?","R","?","R","BOSS","M","?","?","M","$","R","?","E","T","?","R","R","M","M","R","BOSS"],"items_purchased_type":["Relic","Relic","Relic"],"build_version":"2020-12-22","purchased_purges":3,"victory":true,"max_hp_per_floor":[82,82,82,82,82,82,82,82,82,82,82,82,82,82,82,82,82,82,82,82,82,82,82,82,82,82,82,82,82,82,82,82,82,82,82,82,82,82,82,82,82,82,89,89,89,89,89,89,89,89],"card_choices":[{"not_picked":["TheCursedMod:RapidMovement","TheCursedMod:SpreadPlague"],"picked":"TheCursedMod:TacticalStrike","floor":1},{"not_picked":["TheCursedMod:Evocation","TheCursedMod:BloodBarrier"],"picked":"TheCursedMod:CircleOfBlood","floor":3},{"not_picked":["TheCursedMod:Torture","TheCursedMod:SmokeScreen"],"picked":"TheCursedMod:SurpriseAttack","floor":5},{"not_picked":["TheCursedMod:CircleOfCorruption","TheCursedMod:CursedAmulet"],"picked":"TheCursedMod:NeowsMight","floor":7},{"not_picked":["TheCursedMod:CircleOfAmplification","TheCursedMod:TroublousMinions"],"picked":"TheCursedMod:SpitefulStrike","floor":10},{"not_picked":["TheCursedMod:Stigma","TheCursedMod:CircleOfAmplification"],"picked":"TheCursedMod:HellfireBreathing","floor":13},{"not_picked":["TheCursedMod:OutForBlood","TheCursedMod:ManaCirculation"],"picked":"TheCursedMod:ShockAndAwe","floor":16},{"not_picked":["TheCursedMod:CircleOfBlood","TheCursedMod:CursedStaff"],"picked":"TheCursedMod:Evocation","floor":18},{"not_picked":["TheCursedMod:CircleOfCorruption","TheCursedMod:SpreadPlague"],"picked":"TheCursedMod:SpitefulStrike+1","floor":19},{"not_picked":["TheCursedMod:Mangle","TheCursedMod:VitalStrike+1"],"picked":"TheCursedMod:WearCloak","floor":21},{"not_picked":["TheCursedMod:FleshFromBone","TheCursedMod:AshesToAshes"],"picked":"TheCursedMod:CircleOfFlame+1","floor":22},{"not_picked":["TheCursedMod:WearCloak","TheCursedMod:TacticalStrike","TheCursedMod:CircleOfBlood"],"picked":"SKIP","floor":24},{"not_picked":["TheCursedMod:CursedShiv","TheCursedMod:Stigma"],"picked":"TheCursedMod:Wield","floor":25},{"not_picked":["TheCursedMod:ForbiddenAlchemy","TheCursedMod:CircleOfAmplification","TheCursedMod:CircleOfBlood"],"picked":"SKIP","floor":27},{"not_picked":["TheCursedMod:Stigma","TheCursedMod:CursedStaff"],"picked":"TheCursedMod:SmokeScreen+1","floor":28},{"not_picked":["TheCursedMod:WearCloak+1","TheCursedMod:Stretching+1","TheCursedMod:ForbiddenAlchemy"],"picked":"SKIP","floor":31},{"not_picked":["TheCursedMod:ParallelWorld","TheCursedMod:CollectTribute"],"picked":"TheCursedMod:NeowsMight","floor":33},{"not_picked":["TheCursedMod:WearCloak","TheCursedMod:HellsGateOpen","TheCursedMod:FleshFromBone"],"picked":"SKIP","floor":35},{"not_picked":["TheCursedMod:WearCloak+1","TheCursedMod:CircleOfFlame","TheCursedMod:SaltUponWound+1"],"picked":"SKIP","floor":38},{"not_picked":["TheCursedMod:Evocation+1","TheCursedMod:CursedBlade+1"],"picked":"TheCursedMod:TacticalStrike+1","floor":42},{"not_picked":["TheCursedMod:Torture+1","TheCursedMod:Stretching+1","TheCursedMod:Mangle"],"picked":"SKIP","floor":47},{"not_picked":["TheCursedMod:TacticalStrike","TheCursedMod:FuryStrike"],"picked":"TheCursedMod:CursedAmulet+1","floor":48}],"player_experience":137398,"relics_obtained":[{"floor":2,"key":"Vajra"},{"floor":7,"key":"Bag of Marbles"},{"floor":9,"key":"TheCursedMod:Tack"},{"floor":17,"key":"Bag of Preparation"},{"floor":17,"key":"hubris:TinFlute"},{"floor":17,"key":"WingedGreaves"},{"floor":25,"key":"hubris:PeanutButter"},{"floor":26,"key":"MealTicket"},{"floor":27,"key":"Tiny Chest"},{"floor":36,"key":"hubris:64BitClover"},{"floor":37,"key":"MawBank"},{"floor":42,"key":"Ancient Tea Set"},{"floor":43,"key":"Strawberry"}],"event_choices":[{"damage_healed":0,"gold_gain":0,"player_choice":"Gave Potion","damage_taken":0,"relics_obtained":["hubris:TenFootPole"],"max_hp_gain":0,"max_hp_loss":0,"event_name":"WeMeetAgain","floor":4,"gold_loss":0},{"damage_healed":10,"gold_gain":0,"player_choice":"Full Heal","damage_taken":0,"max_hp_gain":0,"max_hp_loss":0,"event_name":"Wheel of Change","floor":14,"gold_loss":0},{"cards_removed":["TheCursedMod:CircleOfBlood"],"damage_healed":0,"gold_gain":0,"player_choice":"Give","damage_taken":0,"max_hp_gain":0,"max_hp_loss":0,"event_name":"betterNote:BetterNote","floor":20,"gold_loss":0,"cards_obtained":["Backlash"]},{"damage_healed":0,"gold_gain":0,"player_choice":"Fight","damage_taken":0,"max_hp_gain":0,"max_hp_loss":0,"event_name":"MindBloom","floor":36,"gold_loss":0},{"damage_healed":0,"gold_gain":0,"player_choice":"Ignored","damage_taken":0,"max_hp_gain":0,"max_hp_loss":0,"event_name":"Mysterious Sphere","floor":44,"gold_loss":0}],"is_beta":false,"boss_relics":[{"not_picked":["jesterMod:MachoBrace","hubris:RunicObelisk"],"picked":"Calling Bell"},{"not_picked":["Philosopher\u0027s Stone","Tiny House"],"picked":"SlaversCollar"}],"items_purged_floors":[29,29,39],"is_endless":false,"potions_floor_spawned":[3,5,7,13,18,19,25,27,28,35,42,47],"ascension_level":0}}