{"host":"g1wmg2w41xhsnw8g","time":1609387845,"event":{"mods":["2.2 Compatiblity","Act Like it!","Aspiration","Bard","BaseMod","Beaked The Cultist","Better Altar","Better Match","Better Note","Better Sensory Stone","Better Skull","Better Third Choice","BetterRewards","Booster Modes","CapriCore","Colored Map","Colored Powertips","Curses Come First","Defuse TimeMaze Blight","Displayed Cursed Tome","Evolution","Friendly Minions","GifTheSpireLib","Googly Eyes","Infinite Spire","Minty Spire (QoL Compilation)","Red Circlet Mod","Relic Sorter","SCP261 Mod","Shop Mod","Spicy Shops","StSLib","The Sage","Transform Curses","Wandering Minibosses","????"],"gold_per_floor":[112,112,125,125,143,178,32,65,90,90,100,100,100,116,116,218,218,238,238,250,265,284,53,53,53],"floor_reached":24,"playtime":2064,"items_purged":["beaked:Devastation"],"score":268,"play_id":"82c7eb66-f8cc-4b5f-b9cb-01153c73992c","local_time":"20201230231044","daily_mods":["SealedDeck","Specialized","Heirloom","Elite Swarm"],"is_ascension_mode":true,"campfire_choices":[{"data":"beaked:BounceBack","floor":10,"key":"SMITH"},{"floor":12,"key":"REST"},{"data":"beaked:Ceremony","floor":15,"key":"SMITH"}],"circlet_count":0,"master_deck":["beaked:Ceremony+1","beaked:Ceremony","beaked:Devastation","beaked:Devastation","beaked:Devastation","beaked:BraceForImpact","beaked:Cower","beaked:Tweet","beaked:WarriorEssence","beaked:Evade","beaked:BounceBack+1","beaked:CursingBlood","beaked:Windmill","beaked:Sacrifice","beaked:MachineSpirit","beaked:RitualOfBody","beaked:MimicMachine","beaked:SacrificialScars","beaked:DigDeep","beaked:Cower","beaked:CrazyRituals","beaked:ScreechingChant","beaked:Flinch","beaked:Recite","beaked:BarbedWire","beaked:DarkTribute","Devotion","beaked:Foresight","bard:PrismaticSpray+1","beaked:MimicWarrior","beaked:Foresight"],"relics":["beaked:MendingPlumage","EVO:Axolotl","Gambling Chip","infinitespire:CheckeredPen","aspiration:FetidBarrel","infinitespire:FocusingShard","Vajra","MerchantsRug","Orichalcum"],"acts_visited":["Exordium","TheCity"],"potions_floor_usage":[8,16,21,21,22],"damage_taken":[{"damage":21,"enemies":"Jaw Worm","floor":1,"turns":5},{"damage":10,"enemies":"Cultist","floor":3,"turns":4},{"damage":26,"enemies":"Small Slimes","floor":5,"turns":5},{"damage":25,"enemies":"Lagavulin","floor":6,"turns":7},{"damage":36,"enemies":"Gremlin Nob","floor":8,"turns":5},{"damage":40,"enemies":"2 Fungi Beasts","floor":11,"turns":6},{"damage":49,"enemies":"Exordium Wildlife","floor":14,"turns":7},{"damage":31,"enemies":"Hexaghost","floor":16,"turns":8},{"damage":53,"enemies":"Shell Parasite","floor":18,"turns":6},{"damage":36,"enemies":"Spheric Guardian","floor":20,"turns":4},{"damage":28,"enemies":"Snake Plant","floor":21,"turns":3},{"damage":131,"enemies":"Shelled Parasite and Fungi","floor":22,"turns":9},{"damage":48,"enemies":"Gremlin Leader","floor":24,"turns":3}],"seed_played":"-4582149062727513778","potions_obtained":[{"floor":6,"key":"SCP261:PenguinPunchPotion"},{"floor":8,"key":"FairyPotion"},{"floor":14,"key":"SCP261:ThunderBarPotion"},{"floor":16,"key":"Energy Potion"},{"floor":20,"key":"Energy Potion"},{"floor":21,"key":"SteroidPotion"}],"is_trial":true,"path_per_floor":["M","?","M","?","M","E","$","E","T","R","M","R","?","M","R","B",null,"M","?","M","M","M","R","E"],"character_chosen":"BEAKED_THE_CULTIST","items_purchased":["Orrery","beaked:Recite","MerchantsRug","Orichalcum"],"campfire_rested":1,"item_purchase_floors":[7,7,23,23],"current_hp_per_floor":[49,49,48,48,44,59,59,42,42,42,18,38,38,33,33,40,73,40,40,19,15,26,26,0,0],"gold":53,"neow_bonus":"","is_daily":false,"chose_seed":false,"campfire_upgraded":2,"win_rate":0.0,"timestamp":1609387844,"path_taken":["M","?","?","?","M","E","?","E","T","R","M","R","?","M","R","BOSS","M","?","M","M","M","R","E"],"items_purchased_type":["Relic","Card","Relic","Relic"],"build_version":"2020-12-22","purchased_purges":1,"victory":false,"max_hp_per_floor":[50,50,53,53,56,59,59,64,64,64,69,69,69,71,71,73,73,75,75,80,80,80,80,80,80],"card_choices":[{"not_picked":["beaked:BloodForTheGods","beaked:Tweet"],"picked":"beaked:MachineSpirit","floor":1},{"not_picked":["beaked:DesperateSwing","beaked:BraceForImpact"],"picked":"beaked:RitualOfBody","floor":3},{"not_picked":["beaked:Overexert","beaked:Tweet"],"picked":"beaked:MimicMachine","floor":5},{"not_picked":["beaked:Brainwash","beaked:WildInstinct"],"picked":"beaked:SacrificialScars","floor":6},{"not_picked":["beaked:Daydream","beaked:Cower"],"picked":"beaked:DigDeep","floor":7},{"not_picked":["beaked:FeelMyPain","beaked:Redirect"],"picked":"beaked:Cower","floor":7},{"not_picked":["beaked:Negation","beaked:Flinch"],"picked":"beaked:CrazyRituals","floor":7},{"not_picked":["beaked:Redirect","beaked:Windmill"],"picked":"beaked:ScreechingChant","floor":7},{"not_picked":["beaked:ShadowFade","beaked:CursingBlood"],"picked":"beaked:Flinch","floor":7},{"not_picked":["beaked:LiftOff","beaked:Brainwash","beaked:SacrificialScars"],"picked":"SKIP","floor":8},{"not_picked":["beaked:Poke","beaked:Flinch","beaked:CrazyRituals"],"picked":"SKIP","floor":11},{"not_picked":["beaked:CursingBlood","beaked:Poke"],"picked":"beaked:BarbedWire","floor":14},{"not_picked":["beaked:FakeOut","beaked:DarkPact"],"picked":"beaked:DarkTribute","floor":16},{"not_picked":["beaked:Insight","beaked:Redirect"],"picked":"beaked:Foresight","floor":18},{"not_picked":["beaked:SacrificialAttack","beaked:WarriorEssence"],"picked":"beaked:MimicWarrior","floor":20},{"not_picked":["beaked:Resilience","beaked:DigDeep+1","beaked:Negation"],"picked":"SKIP","floor":21},{"not_picked":["beaked:Daydream+1","beaked:RitualOfBody"],"picked":"beaked:Foresight","floor":22}],"player_experience":1058153,"relics_obtained":[{"floor":6,"key":"aspiration:FetidBarrel"},{"floor":8,"key":"infinitespire:FocusingShard"},{"floor":9,"key":"Vajra"}],"event_choices":[{"cards_removed":["beaked:CrazyRituals"],"damage_healed":0,"gold_gain":0,"player_choice":"Gave Card","damage_taken":0,"relics_obtained":["infinitespire:CheckeredPen"],"max_hp_gain":0,"max_hp_loss":0,"event_name":"WeMeetAgain","floor":2,"gold_loss":0},{"cards_removed":["beaked:Devastation"],"damage_healed":0,"gold_gain":0,"player_choice":"Purged","damage_taken":0,"max_hp_gain":0,"max_hp_loss":0,"event_name":"Purifier","floor":4,"gold_loss":0},{"cards_removed":["Devotion"],"damage_healed":0,"gold_gain":0,"player_choice":"Take \u0026 Give","damage_taken":0,"max_hp_gain":0,"max_hp_loss":0,"event_name":"betterNote:BetterNote","floor":19,"gold_loss":0,"cards_obtained":["bard:Wish"]}],"is_beta":false,"boss_relics":[{"not_picked":["aspiration:PoetsPen","Coffee Dripper"],"picked":"beaked:SacredDeck"}],"items_purged_floors":[23],"is_endless":false,"potions_floor_spawned":[6,8,14,16,20,21],"killed_by":"Gremlin Leader","ascension_level":1}}