{"host":"kdt6w7ix8lwe69i9","time":1609397511,"event":{"mods":["Bartender","BaseMod","ChefMod","Downfall","Fiend Mod","Jorbs\u0027s Wanderer Trilogy","Minty Spire (QoL Compilation)","Reimu（博丽灵梦）","Robot Space Explorer","StSLib","The Cursed","The Disciple","The Dragon Tamer","The Druid","The Elementalist","The Forsaken","The Gatherer","The Judge","The Marked","TheBandit"],"gold_per_floor":[116,116,127,143,159,159,159,232,256,271,271,287,362,388,388,493,493,504,534,534,285,297,322,322,4,27,42,68,118,150,166,166,271,271,287,287,337,337,354,389,105,105,105,118,118,128,148,161,161,161,161],"floor_reached":50,"playtime":4659,"items_purged":[],"score":634,"play_id":"6b4644e1-3015-45eb-b0ff-a04edad275c3","local_time":"20201231015151","is_ascension_mode":false,"campfire_choices":[{"data":"chefmod:QuickThaw","floor":6,"key":"SMITH"},{"data":"chefmod:QuickThaw","floor":11,"key":"SMITH"},{"floor":15,"key":"REST"},{"floor":24,"key":"REST"},{"floor":32,"key":"REST"},{"floor":45,"key":"REST"},{"floor":49,"key":"RECALL"}],"circlet_count":0,"master_deck":["chefmod:QuickThaw+1","chefmod:TodaysSpecial","chefmod:QuickThaw+1","chefmod:Gelato","chefmod:Chop","chefmod:Ratatouille","chefmod:FireUp","chefmod:IcePick","chefmod:IcePick","chefmod:CandyBowl","chefmod:Omelette","chefmod:CayenneCloud","chefmod:HotSoup","chefmod:Granita","chefmod:Gelato","chefmod:FrozenTuna","chefmod:FireUp","chefmod:BleedOut","Slimebound:Icky","chefmod:Sorbet","chefmod:VegetableTart","chefmod:FreshProduce+1","chefmod:FireUp+1","chefmod:DimSum+1","chefmod:BananaSplit+1","chefmod:VegetableTart","chefmod:PrepCook+1","chefmod:OldCookbook+1","chefmod:QuickChop+1","chefmod:TwoForOne+1","chefmod:IcePick+1","chefmod:HotSoup+1","chefmod:TwoForOne","chefmod:Bruschetta+1","chefmod:FreezeSolid+1","chefmod:LocoMoco+1","expansioncontent:CaCaw+1","chefmod:Puree+1","chefmod:IceCreamCone+1","chefmod:FireUp+1","chefmod:FireUp+1"],"relics":["Philosopher\u0027s Stone","Pen Nib","Vajra","Orichalcum","Pandora\u0027s Box","Red Mask","Mummified Hand","InkBottle","Frozen Egg 2","Bronze Scales","Gremlin Horn","Astrolabe","StoneCalendar","Singing Bowl","Membership Card","Strawberry","StrikeDummy"],"acts_visited":["Exordium","TheCity","TheBeyond"],"potions_floor_usage":[14,14,19,19,28,33,39,39,40,42,48,50,50],"damage_taken":[{"damage":0,"enemies":"Cultist","floor":1,"turns":3},{"damage":2,"enemies":"Jaw Worm","floor":3,"turns":3},{"damage":0,"enemies":"Small Slimes","floor":4,"turns":2},{"damage":0,"enemies":"3 Louse","floor":5,"turns":3},{"damage":5,"enemies":"Exordium Wildlife","floor":10,"turns":2},{"damage":0,"enemies":"Exordium Thugs","floor":12,"turns":3},{"damage":0,"enemies":"Gremlin Nob","floor":14,"turns":2},{"damage":45,"enemies":"The Guardian","floor":16,"turns":12},{"damage":0,"enemies":"Spheric Guardian","floor":18,"turns":2},{"damage":5,"enemies":"Masked Bandits","floor":19,"turns":3},{"damage":0,"enemies":"Shell Parasite","floor":22,"turns":3},{"damage":19,"enemies":"Book of Stabbing","floor":23,"turns":5},{"damage":0,"enemies":"Shelled Parasite and Fungi","floor":27,"turns":4},{"damage":32,"enemies":"Gremlin Leader","floor":28,"turns":5},{"damage":39,"enemies":"Slavers","floor":30,"turns":5},{"damage":0,"enemies":"Chosen and Byrds","floor":31,"turns":3},{"damage":3,"enemies":"Champ","floor":33,"turns":5},{"damage":21,"enemies":"3 Shapes","floor":35,"turns":3},{"damage":0,"enemies":"Mind Bloom Boss Battle","floor":37,"turns":4},{"damage":12,"enemies":"3 Darklings","floor":39,"turns":2},{"damage":26,"enemies":"Giant Head","floor":40,"turns":7},{"damage":7,"enemies":"Jaw Worm Horde","floor":42,"turns":2},{"damage":0,"enemies":"Maw","floor":44,"turns":5},{"damage":9,"enemies":"4 Shapes","floor":46,"turns":1},{"damage":12,"enemies":"Spire Growth","floor":47,"turns":4},{"damage":9,"enemies":"Sphere and 2 Shapes","floor":48,"turns":4},{"damage":43,"enemies":"Time Eater","floor":50,"turns":2}],"seed_played":"-1763470319543693592","potions_obtained":[{"floor":1,"key":"SteroidPotion"},{"floor":3,"key":"Energy Potion"},{"floor":14,"key":"SmokeBomb"},{"floor":16,"key":"LiquidBronze"},{"floor":18,"key":"Strength Potion"},{"floor":27,"key":"Regen Potion"},{"floor":31,"key":"PowerPotion"},{"floor":33,"key":"GamblersBrew"},{"floor":37,"key":"Strength Potion"},{"floor":39,"key":"LiquidBronze"},{"floor":46,"key":"SpeedPotion"},{"floor":47,"key":"ColorlessPotion"},{"floor":48,"key":"Weak Potion"}],"is_trial":false,"path_per_floor":["M","?","M","M","M","R","?","?","T","M","R","M","?","E","R","B",null,"M","?","?","$","M","E","R","$","T","M","E","?","E","M","R","B",null,"M","?","?","?","M","E","$","M","T","M","R","M","M","M","R","B"],"character_chosen":"THE_CHEF","items_purchased":["Mummified Hand","Frozen Egg 2","chefmod:FreshProduce+1","Membership Card","Strawberry","chefmod:LocoMoco+1","expansioncontent:CaCaw+1"],"campfire_rested":4,"item_purchase_floors":[21,25,25,41,41,41,41],"current_hp_per_floor":[76,76,74,74,74,74,49,49,49,44,44,44,33,33,55,10,76,76,71,71,71,71,52,74,74,74,74,51,51,12,12,34,31,76,55,55,55,55,43,17,24,17,17,17,41,32,20,11,11,0,0],"gold":161,"neow_bonus":"BOSS_RELIC","is_daily":false,"chose_seed":false,"campfire_upgraded":2,"win_rate":0.0,"timestamp":1609397511,"path_taken":["M","?","M","?","M","R","?","?","T","M","R","M","?","E","R","BOSS","M","?","?","$","?","E","R","$","T","M","E","?","E","M","R","BOSS","M","?","?","?","M","E","$","?","T","M","R","M","M","M","R","BOSS"],"items_purchased_type":["Relic","Relic","Card","Relic","Relic","Card","Card"],"build_version":"2020-12-22","purchased_purges":0,"victory":false,"max_hp_per_floor":[76,76,76,76,76,76,76,76,76,76,76,76,76,76,76,76,76,76,76,76,76,76,76,76,76,76,76,76,76,76,76,76,76,76,76,76,76,76,76,76,83,83,83,83,83,83,83,83,83,83,83],"card_choices":[{"not_picked":["chefmod:Flambe","chefmod:Escargot"],"picked":"chefmod:HotSoup","floor":1},{"not_picked":["chefmod:HotSoup","chefmod:Granita"],"picked":"chefmod:Gelato","floor":3},{"not_picked":["chefmod:FreshProduce","chefmod:MonsterBait"],"picked":"chefmod:Chop","floor":4},{"not_picked":["chefmod:Granita","chefmod:NewMenu"],"picked":"chefmod:Ratatouille","floor":5},{"not_picked":["chefmod:ZaruSoba","chefmod:Defrost"],"picked":"chefmod:FireUp","floor":10},{"not_picked":["chefmod:BaoBuns","chefmod:FryPan"],"picked":"chefmod:IcePick","floor":12},{"not_picked":["chefmod:Julienne","chefmod:Ratatouille"],"picked":"chefmod:IcePick","floor":14},{"not_picked":["chefmod:TwoForOne","chefmod:SushiPlatter"],"picked":"chefmod:CandyBowl","floor":16},{"not_picked":["chefmod:ColdSteel","chefmod:IcePick"],"picked":"chefmod:FireUp","floor":18},{"not_picked":["chefmod:CleanHouse+1","chefmod:BaoBuns"],"picked":"chefmod:BleedOut","floor":19},{"not_picked":["chefmod:FryPan+1","chefmod:DinoKale"],"picked":"chefmod:Sorbet","floor":22},{"not_picked":["chefmod:GroceryDelivery","chefmod:AllYouCanEat"],"picked":"chefmod:VegetableTart","floor":23},{"not_picked":["chefmod:Gelato+1","chefmod:FiveAlarmChili+1"],"picked":"chefmod:FireUp+1","floor":27},{"not_picked":["chefmod:DinoKale","chefmod:IcePick"],"picked":"chefmod:DimSum+1","floor":28},{"not_picked":["chefmod:Fillet","chefmod:OldCookbook"],"picked":"chefmod:BananaSplit+1","floor":30},{"not_picked":["chefmod:ColdSteel+1","chefmod:IcePick"],"picked":"chefmod:VegetableTart","floor":31},{"not_picked":["chefmod:DeepFreeze","chefmod:Tenderizer"],"picked":"chefmod:PrepCook+1","floor":33},{"not_picked":["chefmod:ZaruSoba","chefmod:MonsterBait"],"picked":"chefmod:IcePick+1","floor":35},{"not_picked":["chefmod:FireUp","chefmod:DinoKale+1"],"picked":"chefmod:HotSoup+1","floor":37},{"not_picked":["chefmod:NewMenu+1","chefmod:LiquidNitrogen"],"picked":"chefmod:Bruschetta+1","floor":39},{"not_picked":["chefmod:Flambe","chefmod:ZaruSoba+1"],"picked":"chefmod:FreezeSolid+1","floor":40},{"not_picked":["chefmod:KnifeFlurry","chefmod:QuickChop"],"picked":"chefmod:Puree+1","floor":44},{"not_picked":["chefmod:BaoBuns","chefmod:CleanHouse"],"picked":"chefmod:IceCreamCone+1","floor":46},{"not_picked":["chefmod:FryPan+1","chefmod:Chop+1"],"picked":"chefmod:FireUp+1","floor":47},{"not_picked":["chefmod:Defrost","chefmod:PotatoGratin"],"picked":"chefmod:FireUp+1","floor":48}],"player_experience":1655998,"relics_obtained":[{"floor":9,"key":"Vajra"},{"floor":14,"key":"Orichalcum"},{"floor":19,"key":"Red Mask"},{"floor":23,"key":"InkBottle"},{"floor":28,"key":"Bronze Scales"},{"floor":30,"key":"Gremlin Horn"},{"floor":37,"key":"StoneCalendar"},{"floor":40,"key":"Singing Bowl"},{"floor":43,"key":"StrikeDummy"}],"event_choices":[{"damage_healed":0,"gold_gain":0,"player_choice":"1 cards matched","damage_taken":0,"max_hp_gain":0,"max_hp_loss":0,"event_name":"Match and Keep!","floor":2,"gold_loss":0,"cards_obtained":["chefmod:QuickThaw"]},{"damage_healed":0,"gold_gain":0,"player_choice":"Success","damage_taken":25,"relics_obtained":["Pen Nib"],"max_hp_gain":0,"max_hp_loss":0,"event_name":"Scrap Ooze","floor":7,"gold_loss":0},{"damage_healed":0,"gold_gain":73,"player_choice":"Gained Gold","damage_taken":0,"max_hp_gain":0,"max_hp_loss":0,"event_name":"Golden Wing","floor":8,"gold_loss":0},{"damage_healed":0,"gold_gain":75,"player_choice":"Gather Gold","damage_taken":11,"max_hp_gain":0,"max_hp_loss":0,"event_name":"World of Goop","floor":13,"gold_loss":0},{"damage_healed":0,"gold_gain":0,"player_choice":"Fought Bandits","damage_taken":0,"max_hp_gain":0,"max_hp_loss":0,"event_name":"Masked Bandits","floor":19,"gold_loss":0},{"damage_healed":0,"gold_gain":0,"player_choice":"Fight","damage_taken":0,"max_hp_gain":0,"max_hp_loss":0,"event_name":"MindBloom","floor":37,"gold_loss":0},{"damage_healed":0,"gold_gain":0,"cards_transformed":["chefmod:HotSoup"],"player_choice":"Transformed","damage_taken":0,"max_hp_gain":0,"max_hp_loss":0,"event_name":"Transmorgrifier","floor":38,"gold_loss":0,"cards_obtained":["chefmod:TwoForOne"]}],"is_beta":false,"boss_relics":[{"not_picked":["SlaversCollar","RedLine:ReiMu"],"picked":"Pandora\u0027s Box"},{"not_picked":["Busted Crown","Runic Pyramid"],"picked":"Astrolabe"}],"items_purged_floors":[],"is_endless":false,"potions_floor_spawned":[1,3,14,16,18,27,31,33,37,39,46,47,48],"killed_by":"Time Eater","ascension_level":0}}