{"host":"84q76aodgcnul3jg","time":1609385721,"event":{"mods":["Act Like it!","Ascension Reborn","BaseMod","Colored Map","Colored Powertips","Downfall","Highlight Path","Marked Mod","Minty Spire (QoL Compilation)","Quick Restart","Rare Cards Sparkle","Reimu£¨²©ÀöÁéÃÎ£©","Remilia£¨ÀÙÃ×ÀòÑÇ£©","Replay The Spire","RumiaBox-Â¶Ã×æ«µÄÉñÃØºÐ×Ó","StSLib","The Hierophant"],"gold_per_floor":[115,132,252,268,291,307,307,324,352,374,406,406,444,444,444,570,570,584,601,619,398,417,459,459,491,523,565,565,582,217,234,234,712,712,728,728,226,249,273,313,332,42,42,42,73,92,35,52,52,52,52,52,20,55,55],"floor_reached":56,"playtime":7091,"items_purged":["Regret"],"score":400,"play_id":"d8bba0c1-06ae-454c-a5f1-7c29b30fe074","local_time":"20201231113521","is_ascension_mode":true,"campfire_choices":[{"data":"BowlingBash","floor":7.0,"key":"SMITH"},{"data":"DeceiveReality","floor":12.0,"key":"SMITH"},{"floor":15.0,"key":"RECALL"},{"data":"MasterReality","floor":28.0,"key":"SMITH"},{"data":"Devotion","floor":32.0,"key":"SMITH"},{"data":"Establishment","floor":44.0,"key":"SMITH"},{"data":"WindmillStrike","floor":49.0,"key":"SMITH"},{"data":"WindmillStrike","floor":52.0,"key":"SMITH"}],"circlet_count":0,"master_deck":["Halt+1","SashWhip","WindmillStrike+1","BowlingBash+1","DeceiveReality+1","DeceiveReality+1","CutThroughFate","ForeignInfluence+1","Weave+1","Replay:DivineShield+1","Replay:AllIn+1","WindmillStrike+1","BattleHymn+1","ForeignInfluence+1","Prostrate+1","MasterReality+1","Perseverance+1","Indignation+1","Wireheading+1","Master of Strategy+1","Devotion+1","Devotion","InnerPeace+1","Establishment+1","Scrawl+1","DeceiveReality+1","Adaptation+1","MarkedMod:GracefulMovements+1","Crescendo+1","SpiritShield+1","Replay:AllIn+1","Alpha+1","LessonLearned+1","Wish+1","SpiritShield+1","Wish+1","Ragnarok+1","SpiritShield+1","Fasting2","Devotion","Crescendo+1","Replay:Hum+1","Adaptation","WheelKick","expansioncontent:CaCaw","Crescendo+1"],"relics":["PureWater","Counterbalance","Gremlin Food","MealTicket","Damaru","Toxic Egg 2","War Paint","Toy Ornithopter","ChaoDraw","Honey Jar","Letter Opener","ZombieArmy","Replay:Bottled Flurry","StoneCalendar","Gambling Chip","Meat on the Bone","ReplayFunnel","Replay:PocketPolymizer","MoreBug","Old Coin","SoulBox","Lee\u0027s Waffle","Ccalipers","ReplayTheSpireMod:TigerMarble","MarkedMod:AcupunctureKit","Membership Card","Question Card","SumBook","Divine Protection","Pen Nib","Mastiff:ReiMu","Medical Kit","Boot"],"acts_visited":["Exordium","TheCity","TheBeyond","TheEnding"],"potions_floor_usage":[55,55,55,55],"damage_taken":[{"damage":0.0,"enemies":"2 Louse","floor":1.0,"turns":2.0},{"damage":0.0,"enemies":"Cultist","floor":2.0,"turns":1.0},{"damage":0.0,"enemies":"Jaw Worm","floor":4.0,"turns":1.0},{"damage":0.0,"enemies":"2 Fungi Beasts","floor":5.0,"turns":2.0},{"damage":0.0,"enemies":"Exordium Wildlife","floor":6.0,"turns":2.0},{"damage":0.0,"enemies":"Lots of Slimes","floor":8.0,"turns":1.0},{"damage":0.0,"enemies":"Red Slaver","floor":10.0,"turns":2.0},{"damage":0.0,"enemies":"3 Sentries","floor":11.0,"turns":2.0},{"damage":0.0,"enemies":"Replay:BlueRogue","floor":13.0,"turns":3.0},{"damage":20.0,"enemies":"The Guardian","floor":16.0,"turns":6.0},{"damage":0.0,"enemies":"Chosen","floor":18.0,"turns":1.0},{"damage":0.0,"enemies":"2 Thieves","floor":19.0,"turns":2.0},{"damage":0.0,"enemies":"Snake Plant","floor":20.0,"turns":2.0},{"damage":0.0,"enemies":"Shelled Parasite and Fungi","floor":22.0,"turns":2.0},{"damage":0.0,"enemies":"Slavers","floor":23.0,"turns":3.0},{"damage":10.0,"enemies":"Replay:Snechameleon","floor":25.0,"turns":3.0},{"damage":2.0,"enemies":"Gremlin Leader","floor":27.0,"turns":2.0},{"damage":0.0,"enemies":"Snecko","floor":29.0,"turns":3.0},{"damage":0.0,"enemies":"Cultist and Chosen","floor":31.0,"turns":1.0},{"damage":0.0,"enemies":"Automaton","floor":33.0,"turns":3.0},{"damage":0.0,"enemies":"3 Darklings","floor":35.0,"turns":2.0},{"damage":0.0,"enemies":"3 Shapes","floor":38.0,"turns":2.0},{"damage":0.0,"enemies":"Spire Growth","floor":39.0,"turns":4.0},{"damage":0.0,"enemies":"Giant Head","floor":40.0,"turns":6.0},{"damage":0.0,"enemies":"Jaw Worm Horde","floor":41.0,"turns":1.0},{"damage":0.0,"enemies":"Nemesis","floor":45.0,"turns":3.0},{"damage":0.0,"enemies":"Maw","floor":46.0,"turns":6.0},{"damage":0.0,"enemies":"Spire Growth","floor":48.0,"turns":2.0},{"damage":0.0,"enemies":"Time Eater","floor":50.0,"turns":5.0},{"damage":0.0,"enemies":"Shield and Spear","floor":54.0,"turns":3.0},{"damage":16,"enemies":"The Heart","floor":55,"turns":5}],"seed_played":"-65137944742839098","potions_obtained":[{"floor":1.0,"key":"Elixir"},{"floor":2.0,"key":"Swift Potion"},{"floor":4.0,"key":"Adrenaline Potion"},{"floor":6.0,"key":"DuplicationPotion"},{"floor":8.0,"key":"Dexterity Potion"},{"floor":16.0,"key":"Dexterity Potion"},{"floor":18.0,"key":"StancePotion"},{"floor":19.0,"key":"Regen Potion"},{"floor":20.0,"key":"PowerPotion"},{"floor":20.0,"key":"Ancient Potion"},{"floor":22.0,"key":"Regen Potion"},{"floor":22.0,"key":"Guardian:BlockOnCardUsePotion"},{"floor":23.0,"key":"BlessingOfTheForge"},{"floor":25.0,"key":"Explosive Potion"},{"floor":25.0,"key":"AttackPotion"},{"floor":27.0,"key":"AttackPotion"},{"floor":27.0,"key":"Fire Potion"},{"floor":29.0,"key":"Adrenaline Potion"},{"floor":31.0,"key":"Elixir"},{"floor":33.0,"key":"SkillPotion"},{"floor":35.0,"key":"Fire Potion"},{"floor":35.0,"key":"AttackPotion"},{"floor":38.0,"key":"Fire Potion"},{"floor":39.0,"key":"SmokeBomb"},{"floor":39.0,"key":"Fire Potion"},{"floor":40.0,"key":"Weak Potion"},{"floor":40.0,"key":"BlessingOfTheForge"},{"floor":41.0,"key":"BottledMiracle"},{"floor":45.0,"key":"Explosive Potion"},{"floor":45.0,"key":"Dexterity Potion"},{"floor":46.0,"key":"LifebloodPotion"},{"floor":46.0,"key":"Strength Potion"},{"floor":48.0,"key":"Explosive Potion"},{"floor":48.0,"key":"GamblersBrew"},{"floor":54.0,"key":"Strength Potion"}],"is_trial":false,"path_per_floor":["M","M","?","M","M","M","R","M","T","M","E","R","E","?","R","B",null,"M","M","M","$","M","E","?","E","T","E","R","M","$","M","R","B",null,"M","?","$","M","M","E","M","$","T","R","E","M","$","M","R","B",null,"R","$","E","B",null],"character_chosen":"WATCHER","items_purchased":["Study","ZombieArmy","ForeignInfluence+1","MoreBug","Master of Strategy+1","Lee\u0027s Waffle","Ccalipers","ReplayTheSpireMod:TigerMarble","Scrawl+1","Membership Card","Question Card","SumBook","Medical Kit","expansioncontent:CaCaw"],"campfire_rested":0,"item_purchase_floors":[21,21,21,30,30,37,37,37,37,42,42,42,47,53],"current_hp_per_floor":[83,83,83,83,83,83,83,83,83,83,83,83,83,83,83,69,87,87,87,87,87,87,87,87,77,77,82,82,82,87,87,87,91,91,91,91,98,98,98,98,98,98,98,98,98,98,98,98,98,102,102,102,102,102,106],"gold":55,"neow_bonus":"TEN_PERCENT_HP_BONUS","is_daily":false,"chose_seed":false,"campfire_upgraded":7,"win_rate":0.0,"timestamp":1609385721,"path_taken":["M","M","?","M","M","M","R","?","T","M","E","R","E","?","R","BOSS","M","M","M","$","M","E","?","E","T","E","R","M","$","M","R","BOSS","M","?","$","M","M","E","?","?","T","R","E","M","$","?","R","BOSS","R","$","E","BOSS"],"items_purchased_type":["Card","Relic","Card","Relic","Card","Relic","Relic","Relic","Card","Relic","Relic","Relic","Relic","Card"],"build_version":"2020-12-22","purchased_purges":1,"victory":true,"max_hp_per_floor":[83,83,83,83,83,83,83,83,83,83,83,83,83,83,83,87,87,87,87,87,87,87,87,87,87,87,87,87,87,87,87,87,91,91,91,91,98,98,98,98,98,98,98,98,98,98,98,98,98,102,102,102,102,102,106],"card_choices":[{"not_picked":["MentalFortress+1","EmptyBody+1"],"picked":"Halt+1","floor":1.0},{"not_picked":["Collect","CrushJoints"],"picked":"SashWhip","floor":2.0},{"not_picked":["Conclude","PathToVictory"],"picked":"WindmillStrike","floor":4.0},{"not_picked":["MarkedMod:FirstStrike","CutThroughFate"],"picked":"Replay:BluntJabs","floor":5.0},{"not_picked":["FlurryOfBlows+1","Replay:AtTheReady"],"picked":"BowlingBash","floor":6.0},{"not_picked":["SpiritShield","PathToVictory"],"picked":"DeceiveReality","floor":8.0},{"not_picked":["FollowUp","Nirvana+1"],"picked":"DeceiveReality+1","floor":10.0},{"not_picked":["Vengeance","Replay:ManipulateFuture"],"picked":"CutThroughFate","floor":11.0},{"not_picked":["Fasting2","BowlingBash"],"picked":"ForeignInfluence+1","floor":11.0},{"not_picked":["Collect+1","MarkedMod:Acupuncture"],"picked":"Weave+1","floor":13.0},{"not_picked":["LikeWater","PathToVictory+1"],"picked":"Replay:DivineShield+1","floor":13.0},{"not_picked":["MasterReality","Brilliance"],"picked":"Replay:AllIn+1","floor":16.0},{"not_picked":["Halt+1","WheelKick+1","Replay:AtTheReady+1"],"picked":"FlyingSleeves","floor":18.0},{"not_picked":["SashWhip+1","PathToVictory+1","MarkedMod:GentlePulse+1"],"picked":"WindmillStrike","floor":19.0},{"not_picked":["EmptyMind+1","Replay:Anticipation+1","Replay:BluntJabs+1"],"picked":"BattleHymn+1","floor":20.0},{"not_picked":["Replay:ManipulateFuture+1","FlurryOfBlows+1","CarveReality+1"],"picked":"Prostrate+1","floor":22.0},{"not_picked":["Replay:Anticipation+1","Replay:BluntJabs+1","PathToVictory+1"],"picked":"MasterReality","floor":23.0},{"not_picked":["Replay:ManipulateFuture+1","BattleHymn+1","ReachHeaven"],"picked":"Perseverance+1","floor":25.0},{"not_picked":["BowlingBash+1","Weave","Replay:AtTheReady+1"],"picked":"Indignation+1","floor":27.0},{"not_picked":["Protect+1","WheelKick","JustLucky+1"],"picked":"Wireheading+1","floor":29.0},{"not_picked":["Crescendo+1","WreathOfFlame+1","Consecrate"],"picked":"Devotion","floor":31.0},{"not_picked":["SpiritShield+1","MasterReality","MarkedMod:SlowDance+1"],"picked":"Devotion","floor":33.0},{"not_picked":["MarkedMod:FirstStrike+1","Replay:BluntJabs","Prostrate+1"],"picked":"InnerPeace+1","floor":35.0},{"not_picked":["FearNoEvil+1","PathToVictory+1","Worship+1"],"picked":"DeceiveReality+1","floor":38.0},{"not_picked":["Evaluate+1","Vault+1","Replay:DivineShield+1"],"picked":"Adaptation+1","floor":39.0},{"not_picked":["CutThroughFate+1","JustLucky+1","FlyingSleeves+1"],"picked":"MarkedMod:GracefulMovements+1","floor":40.0},{"not_picked":["Wireheading+1","Sanctity+1","EmptyBody+1"],"picked":"Crescendo+1","floor":41.0},{"not_picked":["Worship+1","SandsOfTime","ThirdEye+1","Halt+1"],"picked":"Devotion","floor":45.0},{"not_picked":["Replay:BluntJabs","EmptyMind+1","EmptyBody+1","ClearTheMind+1"],"picked":"Crescendo+1","floor":46.0},{"not_picked":["BattleHymn","WindmillStrike+1","FollowUp+1","MarkedMod:PinPointDefense+1"],"picked":"Replay:Hum+1","floor":48.0},{"not_picked":["MentalFortress","ThirdEye+1","Replay:ManipulateFuture+1","Weave"],"picked":"Crescendo+1","floor":54.0}],"player_experience":428052,"relics_obtained":[{"floor":1.0,"key":"Counterbalance"},{"floor":8.0,"key":"Gremlin Food"},{"floor":9.0,"key":"MealTicket"},{"floor":9.0,"key":"Damaru"},{"floor":11.0,"key":"Toxic Egg 2"},{"floor":13.0,"key":"War Paint"},{"floor":16.0,"key":"ChaoDraw"},{"floor":19.0,"key":"Letter Opener"},{"floor":23.0,"key":"Replay:Bottled Flurry"},{"floor":25.0,"key":"Gambling Chip"},{"floor":26.0,"key":"Meat on the Bone"},{"floor":27.0,"key":"ReplayFunnel"},{"floor":29.0,"key":"Replay:PocketPolymizer"},{"floor":33.0,"key":"Old Coin"},{"floor":40.0,"key":"MarkedMod:AcupunctureKit"},{"floor":43.0,"key":"Divine Protection"},{"floor":43.0,"key":"Pen Nib"},{"floor":45.0,"key":"Mastiff:ReiMu"},{"floor":54.0,"key":"Boot"}],"event_choices":[{"damage_healed":0.0,"max_hp_gain":0.0,"max_hp_loss":0.0,"gold_gain":100.0,"event_name":"Golden Shrine","player_choice":"Pray","floor":3.0,"gold_loss":0.0,"damage_taken":0.0},{"damage_healed":0.0,"max_hp_gain":0.0,"max_hp_loss":0.0,"gold_gain":0.0,"event_name":"Big Fish","player_choice":"Box","floor":14.0,"gold_loss":0.0,"damage_taken":0.0,"relics_obtained":["Toy Ornithopter"],"cards_obtained":["Regret"]},{"damage_healed":0.0,"max_hp_gain":0.0,"max_hp_loss":0.0,"gold_gain":0.0,"event_name":"The Mausoleum","player_choice":"Opened","floor":24.0,"gold_loss":0.0,"damage_taken":0.0,"relics_obtained":["StoneCalendar"]},{"damage_healed":0.0,"max_hp_gain":0.0,"max_hp_loss":0.0,"gold_gain":0.0,"cards_transformed":["FlyingSleeves"],"event_name":"Transmorgrifier","player_choice":"Transformed","floor":36.0,"gold_loss":0.0,"damage_taken":0.0,"cards_obtained":["Establishment"]}],"is_beta":false,"boss_relics":[{"not_picked":["Busted Crown","Empty Cage"],"picked":"Honey Jar"},{"not_picked":["EasyGame_NEW","ReplayTheSpireMod:DimensionalGlitch"],"picked":"SoulBox"}],"items_purged_floors":[37],"is_endless":false,"potions_floor_spawned":[5,10,16,20,22,25,27,35,39,40,45,46,48],"ascension_level":-20}}