{"host":"ei424ha2zqt1xblg","time":1609434407,"event":{"mods":["BaseMod","Downfall-Rebalance","Minty Spire (QoL Compilation)","MostiFishMod","StSLib","TestMod","Waifu the Spire"],"gold_per_floor":[118,132,142,142,142,185,185,228,251,651,689,743,777,793,793,884,884,905,948,829,829,845,878,878,917,992,892,916,934,970,989,989,1082,1082,1101,1101,1121,1177,1177,1218,1241,1264,1264,1277,1277,1308,1324,1362,1362,1362,1362,1362,1362,275,318,318,318],"floor_reached":56,"playtime":1893,"items_purged":["Regret","MostiFishMod:FlyOverUtopia","Bash"],"score":3075,"play_id":"e3189548-077b-4dfd-af9e-8545a073c7c6","local_time":"20210101010647","is_ascension_mode":true,"campfire_choices":[{"data":"Armaments","floor":7.0,"key":"SMITH"},{"data":"Shockwave","floor":15.0,"key":"SMITH"},{"floor":32,"key":"REST"},{"floor":49,"key":"RECALL"},{"data":"Corruption","floor":53,"key":"SMITH"}],"circlet_count":0,"master_deck":["AscendersBane","MostiFishMod:Neptune","MostiFishMod:TheEndOfMoonlight","MostiFishMod:SparklingWater","MostiFishMod:FantasySummer","MostiFishMod:NightSea","Seeing Red","Armaments+1","Body Slam","Power Through","Shockwave+1","Seeing Red","Burning Pact","Clash","Corruption+1","Carnage","Thunderclap","MostiFishMod:BrandingRite","MostiFishMod:FireWorks","Searing Blow","Limit Break","Sword Boomerang","Slimebound:Tackle+1","Slimebound:Tackle+1","Pain","Bloodletting","Burning Pact","Reaper","Madness","Madness","Feel No Pain","Metamorphosis","Armaments","Warcry"],"relics":["testmod-TestBox","MoonlightInvasionPlan","BirthdayGift-Tetrahedron","testmod-IWantAll","SynthV:TestCard","Toy Ornithopter","Golden Idol","Guardian:PocketSentry","Singing Bowl","testmod-LifeArmor","Gremlin Horn","Regal Pillow","Blue Candle","Pandora\u0027s Box","Red Mask","Paper Frog","WarpedTongs","SynthV:C4","Matryoshka","Red Skull","Transparent","testmod-Nyarlathotep","Guardian:GemstoneGun","Blood Vial","Darkstone Periapt","Orichalcum","Medical Kit","testmod-ArcanaOfDestiny","testmod-Antiphasic","Vajra"],"acts_visited":["Exordium","TheCity","TheBeyond","TheEnding"],"potions_floor_usage":[56],"damage_taken":[{"damage":0.0,"enemies":"Jaw Worm","floor":1.0,"turns":1.0},{"damage":2.0,"enemies":"Small Slimes","floor":2.0,"turns":2.0},{"damage":2.0,"enemies":"2 Louse","floor":3.0,"turns":2.0},{"damage":9.0,"enemies":"Lagavulin","floor":6.0,"turns":3.0},{"damage":6.0,"enemies":"3 Sentries","floor":8.0,"turns":3.0},{"damage":2.0,"enemies":"Gremlin Nob","floor":11.0,"turns":2.0},{"damage":5.0,"enemies":"Lagavulin","floor":13.0,"turns":2.0},{"damage":0.0,"enemies":"Looter","floor":14.0,"turns":1.0},{"damage":4.0,"enemies":"Hexaghost","floor":16.0,"turns":3.0},{"damage":2,"enemies":"Chosen","floor":18,"turns":2},{"damage":13,"enemies":"Masked Bandits","floor":19,"turns":1},{"damage":7,"enemies":"Spheric Guardian","floor":22,"turns":1},{"damage":8,"enemies":"Gremlin Leader","floor":23,"turns":3},{"damage":4,"enemies":"Book of Stabbing","floor":25,"turns":1},{"damage":8,"enemies":"3 Cultists","floor":28,"turns":1},{"damage":3,"enemies":"Cultist and Chosen","floor":29,"turns":1},{"damage":9,"enemies":"Slavers","floor":30,"turns":2},{"damage":3,"enemies":"Chosen and Byrds","floor":31,"turns":1},{"damage":24,"enemies":"Champ","floor":33,"turns":3},{"damage":12,"enemies":"3 Darklings","floor":35,"turns":1},{"damage":22,"enemies":"Orb Walker","floor":37,"turns":1},{"damage":27,"enemies":"2 Orb Walkers","floor":38,"turns":1},{"damage":17,"enemies":"Giant Head","floor":40,"turns":1},{"damage":24,"enemies":"Jaw Worm Horde","floor":41,"turns":1},{"damage":22,"enemies":"Maw","floor":42,"turns":1},{"damage":16,"enemies":"Writhing Mass","floor":44,"turns":1},{"damage":31,"enemies":"Reptomancer","floor":46,"turns":1},{"damage":28,"enemies":"4 Shapes","floor":47,"turns":1},{"damage":29,"enemies":"Giant Head","floor":48,"turns":1},{"damage":51,"enemies":"Time Eater","floor":50,"turns":2},{"damage":77,"enemies":"Awakened One","floor":51,"turns":2},{"damage":24,"enemies":"Shield and Spear","floor":55,"turns":1},{"damage":121,"enemies":"The Heart","floor":56,"turns":4}],"seed_played":"-7506371634666541373","potions_obtained":[{"floor":1.0,"key":"Fire Potion"},{"floor":6.0,"key":"Explosive Potion"},{"floor":8.0,"key":"Swift Potion"},{"floor":13.0,"key":"hexamod:EctoCoolerPotion"}],"is_trial":false,"path_per_floor":["M","M","M","?","?","E","R","E","T","?","E","T","E","M","R","B",null,"M","?","$","?","M","E","?","E","T","$","M","M","E","M","R","B",null,"M","?","M","?","?","E","M","M","T","M","?","E","M","E","R","B","B",null,"R","$","E","B"],"character_chosen":"IRONCLAD","items_purchased":["Dark Embrace","Feel No Pain","Medical Kit","testmod-ArcanaOfDestiny","Metamorphosis","Armaments","testmod-Antiphasic","Warcry"],"campfire_rested":1,"item_purchase_floors":[20,54,54,54,54,54,54,54],"current_hp_per_floor":[68,66,64,64,38,29,29,23,23,23,21,21,16,18,18,16,63,61,50,50,50,45,39,39,35,35,35,27,26,19,18,60,36,77,93,76,95,97,97,99,101,103,103,105,105,107,109,111,111,111,111,111,111,111,113,0,0],"gold":318,"neow_bonus":"BOSS_RELIC","is_daily":false,"chose_seed":false,"campfire_upgraded":3,"win_rate":0.0,"timestamp":1609434407,"path_taken":["M","M","M","?","?","E","R","E","T","?","E","?","E","M","R","BOSS","M","?","$","?","M","E","?","E","T","$","?","M","E","M","R","BOSS","M","?","M","?","?","E","M","M","T","M","?","E","?","E","R","BOSS","BOSS","R","$","E","BOSS"],"items_purchased_type":["Card","Card","Relic","Relic","Card","Card","Relic","Card"],"build_version":"2020-12-22","purchased_purges":3,"victory":false,"max_hp_per_floor":[75,75,75,75,75,75,75,75,75,75,75,75,75,77,77,79,79,79,81,81,81,83,85,85,85,85,85,85,87,89,91,91,91,91,93,93,95,97,97,99,101,103,103,105,105,107,109,111,111,111,111,111,111,111,113,113,113],"card_choices":[{"not_picked":["Warcry","Iron Wave"],"picked":"Seeing Red","floor":1.0},{"not_picked":["Thunderclap","Clash","Twin Strike","Flex"],"picked":"Armaments","floor":2.0},{"not_picked":["Warcry","Thunderclap","Flex","Twin Strike"],"picked":"Body Slam","floor":3.0},{"not_picked":["Offering","Sword Boomerang","Cleave","Pommel Strike"],"picked":"Power Through","floor":6.0},{"not_picked":["Sentinel","Pommel Strike","Infernal Blade","Intimidate"],"picked":"Shockwave","floor":8.0},{"not_picked":["Metallicize","Flex","Power Through","Sword Boomerang"],"picked":"Seeing Red","floor":11.0},{"not_picked":["Anger","Pommel Strike","Spot Weakness","Armaments"],"picked":"Burning Pact","floor":13.0},{"not_picked":["Carnage","Body Slam","Disarm","Clothesline","Reckless Charge"],"picked":"Singing Bowl","floor":14.0},{"not_picked":["Fiend Fire","MostiFishMod:ChineseTea","Feed","Brutality","Offering"],"picked":"Singing Bowl","floor":16.0},{"not_picked":["Twin Strike","Havoc","Disarm","Evolve"],"picked":"Sword Boomerang","floor":18},{"not_picked":["Thunderclap","Twin Strike","Cleave","Wild Strike","Armaments+1"],"picked":"Singing Bowl","floor":19},{"not_picked":["Havoc","Anger","Armaments","Heavy Blade","Rampage"],"picked":"Singing Bowl","floor":22},{"not_picked":["MostiFishMod:PerfectStrikeMKII","Ghostly Armor","Anger","Heavy Blade","Hemokinesis"],"picked":"Singing Bowl","floor":23},{"not_picked":["Anger","Perfected Strike","Shrug It Off","Ghostly Armor"],"picked":"Bloodletting","floor":25},{"not_picked":["Clothesline","Cleave","Warcry","Clash"],"picked":"Burning Pact","floor":28},{"not_picked":["MostiFishMod:#F4004+1","Rupture","Anger","Armaments","Flex"],"picked":"Singing Bowl","floor":29},{"not_picked":["Flame Barrier","Flex","Cleave","Sever Soul","Rage+1"],"picked":"Singing Bowl","floor":30},{"not_picked":["Perfected Strike","Anger","MostiFishMod:#F4004","Power Through","Cleave"],"picked":"Singing Bowl","floor":31},{"not_picked":["Bludgeon","MostiFishMod:PerfectStrikeMKII","MostiFishMod:FireWorks","Corruption"],"picked":"Reaper","floor":33},{"not_picked":["Battle Trance","Ghostly Armor+1","Burning Pact","Intimidate+1","Twin Strike"],"picked":"Singing Bowl","floor":35},{"not_picked":["Flame Barrier","Body Slam","Anger","MostiFishMod:WingOfPhoenix","True Grit"],"picked":"Singing Bowl","floor":37},{"not_picked":["Entrench","Sword Boomerang+1","Shrug It Off","Thunderclap","Battle Trance"],"picked":"Singing Bowl","floor":38},{"not_picked":["Sword Boomerang+1","Armaments+1","Iron Wave","Inflame","Anger"],"picked":"Singing Bowl","floor":40},{"not_picked":["Blood for Blood","Ghostly Armor","True Grit","Searing Blow","Hemokinesis"],"picked":"Singing Bowl","floor":41},{"not_picked":["Pommel Strike","Inflame","Cleave","Anger","Juggernaut"],"picked":"Singing Bowl","floor":42},{"not_picked":["Twin Strike","Iron Wave+1","Flex","Armaments","Entrench"],"picked":"Singing Bowl","floor":44},{"not_picked":["Dual Wield+1","Sword Boomerang","Dark Embrace","MostiFishMod:TemporaryOutbreak","Clash+1"],"picked":"Singing Bowl","floor":46},{"not_picked":["Anger","Iron Wave+1","Havoc","Sever Soul","Dual Wield+1"],"picked":"Singing Bowl","floor":47},{"not_picked":["Havoc","Cleave","Flex","Clash","Heavy Blade+1"],"picked":"Singing Bowl","floor":48},{"not_picked":["Anger","Cleave+1","Metallicize","Hemokinesis","Sword Boomerang"],"picked":"Singing Bowl","floor":55}],"player_experience":463074,"relics_obtained":[{"floor":1.0,"key":"SynthV:TestCard"},{"floor":6.0,"key":"Guardian:PocketSentry"},{"floor":8.0,"key":"Singing Bowl"},{"floor":9.0,"key":"testmod-LifeArmor"},{"floor":11.0,"key":"Gremlin Horn"},{"floor":12.0,"key":"Regal Pillow"},{"floor":13.0,"key":"Blue Candle"},{"floor":19,"key":"Red Mask"},{"floor":23,"key":"Paper Frog"},{"floor":25,"key":"SynthV:C4"},{"floor":26,"key":"Matryoshka"},{"floor":30,"key":"Red Skull"},{"floor":38,"key":"testmod-Nyarlathotep"},{"floor":40,"key":"Guardian:GemstoneGun"},{"floor":43,"key":"Blood Vial"},{"floor":46,"key":"Darkstone Periapt"},{"floor":48,"key":"Orichalcum"},{"floor":55,"key":"Vajra"}],"event_choices":[{"damage_healed":0.0,"max_hp_gain":0.0,"max_hp_loss":0.0,"gold_gain":0.0,"event_name":"Big Fish","player_choice":"Box","floor":4.0,"gold_loss":0.0,"damage_taken":0.0,"relics_obtained":["Toy Ornithopter"],"cards_obtained":["Regret"]},{"damage_healed":0.0,"max_hp_gain":0.0,"max_hp_loss":0.0,"gold_gain":0.0,"event_name":"Golden Idol","player_choice":"Take Damage","floor":5.0,"gold_loss":0.0,"damage_taken":26.0,"relics_obtained":["Golden Idol"]},{"damage_healed":0.0,"max_hp_gain":0.0,"max_hp_loss":0.0,"gold_gain":400.0,"event_name":"¶÷ÂåË¹µÄÅÌ×Ó","player_choice":"Sell","floor":10.0,"relics_lost":["DaveBox"],"gold_loss":0.0,"damage_taken":0.0},{"damage_healed":0,"gold_gain":0,"player_choice":"Fought Bandits","damage_taken":0,"max_hp_gain":0,"max_hp_loss":0,"event_name":"Masked Bandits","floor":19,"gold_loss":0},{"damage_healed":0,"gold_gain":0,"player_choice":"Rummage","damage_taken":0,"relics_obtained":["WarpedTongs"],"max_hp_gain":0,"max_hp_loss":0,"event_name":"Accursed Blacksmith","floor":24,"gold_loss":0,"cards_obtained":["Pain"]},{"damage_healed":0,"gold_gain":0,"player_choice":"Embrace Madness","damage_taken":17,"max_hp_gain":0,"max_hp_loss":0,"event_name":"Winding Halls","floor":36,"gold_loss":0,"cards_obtained":["Madness","Madness"]},{"damage_healed":0,"gold_gain":0,"player_choice":"Fight","damage_taken":0,"max_hp_gain":0,"max_hp_loss":0,"event_name":"Mysterious Sphere","floor":38,"gold_loss":0},{"cards_removed":["Dark Embrace"],"damage_healed":0,"gold_gain":0,"player_choice":"Removed Power","damage_taken":0,"max_hp_gain":0,"max_hp_loss":0,"event_name":"Falling","floor":39,"gold_loss":0},{"cards_removed":["Slimebound:Tackle"],"damage_healed":0,"gold_gain":0,"player_choice":"Purged","damage_taken":0,"max_hp_gain":0,"max_hp_loss":0,"event_name":"Purifier","floor":45,"gold_loss":0}],"is_beta":false,"boss_relics":[{"not_picked":["testmod-Nine","TakeMeEscape"],"picked":"Pandora\u0027s Box"},{"not_picked":["GreenFoldingFan","HereWithMe"],"picked":"Transparent"}],"items_purged_floors":[20,27,54],"is_endless":false,"potions_floor_spawned":[1,6,8,13,16,22,25,28,31,38,42,48,55],"killed_by":"The Heart","ascension_level":20}}