{"host":"31s8hzukbhz1k6i6","time":1609374341,"event":{"mods":["AchievementEnabler","BaseMod","Bestiary","Colored Map","Filter the Spire","Minty Spire (QoL Compilation)","Relic Stats","UnlockEverythingMod","ojb\u0027s Info Mod"],"gold_per_floor":[110,53,78,78,3,39,39,73,155,97,97,119,58,85,85,189,198,224,224,246,1,1,31,60,60,60,102,121,174,202,211,211,320,347,372,391,391,404,183,223,223,562,562,596,618,642,685,785,785,785,785,785,112,151,151],"floor_reached":56,"playtime":2716,"items_purged":["Strike_G","Strike_G","Quick Slash","Defend_G"],"score":2109,"play_id":"53c7932f-6d13-4a87-982d-18da5cce09b2","local_time":"20201230162541","is_ascension_mode":true,"campfire_choices":[{"data":"Deadly Poison","floor":7.0,"key":"SMITH"},{"floor":11.0,"key":"REST"},{"data":"Neutralize","floor":15.0,"key":"SMITH"},{"data":"Burst","floor":25,"key":"SMITH"},{"data":"Catalyst","floor":32,"key":"SMITH"},{"floor":49,"key":"RECALL"},{"data":"Panacea","floor":52,"key":"SMITH"}],"circlet_count":0,"master_deck":["AscendersBane","Defend_G","Defend_G","Defend_G","Defend_G","Survivor","Neutralize+1","Endless Agony","Deadly Poison+1","Noxious Fumes+1","Backflip","Noxious Fumes+1","PiercingWail","Burst+1","CurseOfTheBell","Bane+1","Deadly Poison+1","Flechettes+1","Blur","Catalyst+1","Wraith Form v2+1","Blade Dance+1","Backstab+1","Escape Plan+1","Acrobatics+1","Escape Plan+1","Outmaneuver","Panacea+1","Blur+1","Concentrate+1","Reflex+1","PiercingWail+1","Outmaneuver+1","Catalyst+1","Caltrops+1","PiercingWail+1"],"relics":["Ring of the Snake","Torii","CeramicFish","CaptainsWheel","Ice Cream","Potion Belt","Frozen Egg 2","Calling Bell","Regal Pillow","Singing Bowl","FossilizedHelix","TwistedFunnel","Snake Skull","Pocketwatch","InkBottle","Juzu Bracelet","Happy Flower","Akabeko","Astrolabe","Smiling Mask","Old Coin","Toxic Egg 2","White Beast Statue","Anchor","Toy Ornithopter","Toolbox","Shuriken"],"acts_visited":["Exordium","TheCity","TheBeyond","TheEnding"],"potions_floor_usage":[20,27,30,47,50,50,50,54,55,55,55,55],"damage_taken":[{"damage":0.0,"enemies":"Small Slimes","floor":1.0,"turns":7.0},{"damage":0.0,"enemies":"Cultist","floor":3.0,"turns":4.0},{"damage":15.0,"enemies":"Lagavulin","floor":6.0,"turns":8.0},{"damage":22.0,"enemies":"3 Sentries","floor":8.0,"turns":8.0},{"damage":1.0,"enemies":"Jaw Worm","floor":12.0,"turns":4.0},{"damage":0.0,"enemies":"Blue Slaver","floor":14.0,"turns":3.0},{"damage":1.0,"enemies":"Hexaghost","floor":16.0,"turns":8.0},{"damage":1.0,"enemies":"Shell Parasite","floor":18.0,"turns":5.0},{"damage":1,"enemies":"Spheric Guardian","floor":20,"turns":6},{"damage":0,"enemies":"Gremlin Leader","floor":23,"turns":5},{"damage":11,"enemies":"Snake Plant","floor":24,"turns":3},{"damage":15,"enemies":"Book of Stabbing","floor":27,"turns":4},{"damage":0,"enemies":"Snecko","floor":28,"turns":4},{"damage":0,"enemies":"Gremlin Leader","floor":30,"turns":5},{"damage":9,"enemies":"Champ","floor":33,"turns":8},{"damage":1,"enemies":"Orb Walker","floor":35,"turns":3},{"damage":0,"enemies":"3 Shapes","floor":36,"turns":4},{"damage":0,"enemies":"Jaw Worm Horde","floor":38,"turns":3},{"damage":0,"enemies":"Giant Head","floor":40,"turns":4},{"damage":0,"enemies":"Reptomancer","floor":42,"turns":4},{"damage":0,"enemies":"Giant Head","floor":44,"turns":7},{"damage":0,"enemies":"4 Shapes","floor":45,"turns":5},{"damage":0,"enemies":"Transient","floor":46,"turns":5},{"damage":2,"enemies":"Nemesis","floor":47,"turns":5},{"damage":33,"enemies":"Time Eater","floor":50,"turns":10},{"damage":12,"enemies":"Shield and Spear","floor":54,"turns":6},{"damage":4,"enemies":"The Heart","floor":55,"turns":8}],"seed_played":"1725876300301505457","potions_obtained":[{"floor":1.0,"key":"BlessingOfTheForge"},{"floor":12.0,"key":"Swift Potion"},{"floor":14.0,"key":"GhostInAJar"},{"floor":20,"key":"SkillPotion"},{"floor":27,"key":"FairyPotion"},{"floor":28,"key":"ColorlessPotion"},{"floor":36,"key":"LiquidBronze"},{"floor":40,"key":"SmokeBomb"},{"floor":42,"key":"PowerPotion"},{"floor":46,"key":"BlessingOfTheForge"},{"floor":47,"key":"ColorlessPotion"},{"floor":54,"key":"CultistPotion"}],"is_trial":false,"path_per_floor":["M","?","M","T","$","E","R","E","T","$","R","M","$","M","R","B",null,"M","?","M","$","?","E","M","R","T","E","M","T","E","?","R","B",null,"M","M","?","M","$","E","?","E","T","E","M","M","E","?","R","B",null,"R","$","E","B",null],"character_chosen":"THE_SILENT","items_purchased":["Noxious Fumes+1","Noxious Fumes+1","TwistedFunnel","Outmaneuver","Panacea","Caltrops+1","Anchor","Toy Ornithopter","Toolbox","Swift Potion","Dexterity Potion","SpeedPotion"],"campfire_rested":1,"item_purchase_floors":[10,13,21,39,39,53,53,53,53,53,53,53],"current_hp_per_floor":[45,45,45,45,45,30,30,8,8,8,29,28,28,28,28,27,59,58,58,57,57,57,59,48,48,48,33,33,33,35,35,35,26,62,61,61,61,63,63,63,63,63,63,63,63,63,61,61,61,28,61,61,61,54,68],"gold":151,"neow_bonus":"ONE_RARE_RELIC","is_daily":false,"chose_seed":false,"campfire_upgraded":5,"win_rate":0.0,"timestamp":1609374341,"path_taken":["M","?","?","?","$","E","R","E","T","$","R","M","$","M","R","BOSS","M","?","M","$","?","E","M","R","T","E","M","?","E","?","R","BOSS","M","M","?","M","$","E","?","E","T","E","M","M","E","?","R","BOSS","R","$","E","BOSS"],"items_purchased_type":["Card","Card","Relic","Card","Card","Card","Relic","Relic","Relic","Potion","Potion","Potion"],"build_version":"2020-12-22","purchased_purges":4,"victory":true,"max_hp_per_floor":[70,70,70,70,70,70,70,70,70,70,70,70,70,70,70,70,70,70,70,70,70,70,72,72,72,72,72,72,72,74,74,74,74,74,74,74,74,76,76,76,72,72,72,72,72,72,72,72,72,72,72,72,72,72,72],"relic_stats":{"Regal Pillow":0,"Torii":27,"Singing Bowl":6,"Happy Flower":[25],"counters":[27,146],"CeramicFish":270,"Astrolabe":["Blade Dance","Backstab","Escape Plan"],"Snake Skull":[174],"Juzu Bracelet":0,"Smiling Mask":100,"Shuriken":[1],"obtain_stats":[{"Ice Cream":6,"TwistedFunnel":21,"Regal Pillow":17,"Torii":0,"Singing Bowl":17,"CeramicFish":2,"Snake Skull":22,"Juzu Bracelet":27,"Smiling Mask":40,"Old Coin":42,"Toolbox":53,"Toxic Egg 2":44,"InkBottle":26,"Ring of the Snake":0,"Potion Belt":8,"Happy Flower":29,"Astrolabe":34,"Frozen Egg 2":9,"Akabeko":30,"White Beast Statue":47,"Calling Bell":17,"CaptainsWheel":4,"Anchor":53,"Shuriken":54,"FossilizedHelix":17,"Toy Ornithopter":53,"Pocketwatch":23},{"Ice Cream":3,"TwistedFunnel":9,"Regal Pillow":7,"Torii":0,"Singing Bowl":7,"CeramicFish":1,"Snake Skull":9,"Juzu Bracelet":12,"Smiling Mask":19,"Old Coin":20,"Toolbox":25,"Toxic Egg 2":21,"InkBottle":11,"Ring of the Snake":0,"Potion Belt":4,"Happy Flower":13,"Astrolabe":15,"Frozen Egg 2":4,"Akabeko":14,"White Beast Statue":24,"Calling Bell":7,"CaptainsWheel":2,"Anchor":25,"Shuriken":26,"FossilizedHelix":7,"Toy Ornithopter":25,"Pocketwatch":10},{"Ice Cream":19,"TwistedFunnel":53,"Regal Pillow":42,"Torii":0,"Singing Bowl":42,"CeramicFish":7,"Snake Skull":53,"Juzu Bracelet":65,"Smiling Mask":96,"Old Coin":100,"Toolbox":132,"Toxic Egg 2":107,"InkBottle":61,"Ring of the Snake":0,"Potion Belt":27,"Happy Flower":69,"Astrolabe":82,"Frozen Egg 2":27,"Akabeko":74,"White Beast Statue":122,"Calling Bell":42,"CaptainsWheel":11,"Anchor":132,"Shuriken":138,"FossilizedHelix":42,"Toy Ornithopter":132,"Pocketwatch":58}],"InkBottle":[43],"Toy Ornithopter":23,"Ring of the Snake":[62],"Pocketwatch":[57]},"card_choices":[{"not_picked":["Heel Hook","Deflect"],"picked":"Endless Agony","floor":1.0},{"not_picked":["Slice","Tactician"],"picked":"Quick Slash","floor":3.0},{"not_picked":["Concentrate","Bullet Time"],"picked":"Deadly Poison","floor":6.0},{"not_picked":["Slice","Masterful Stab","Endless Agony"],"picked":"SKIP","floor":8.0},{"not_picked":["Acrobatics","Blade Dance"],"picked":"Backflip","floor":12.0},{"not_picked":["Skewer","Flying Knee"],"picked":"PiercingWail","floor":14.0},{"not_picked":["A Thousand Cuts+1","Phantasmal Killer"],"picked":"Burst","floor":16.0},{"not_picked":["Cloak And Dagger","Flechettes"],"picked":"Bane+1","floor":18.0},{"not_picked":["PiercingWail+1","Poisoned Stab"],"picked":"Deadly Poison+1","floor":20},{"not_picked":["Grand Finale","Flechettes","Backflip"],"picked":"Singing Bowl","floor":23},{"not_picked":["Underhanded Strike","Dagger Throw"],"picked":"Flechettes+1","floor":24},{"not_picked":["Slice","Escape Plan"],"picked":"Blur","floor":27},{"not_picked":["Flying Knee+1","Tactician+1"],"picked":"Escape Plan+1","floor":28},{"not_picked":["Escape Plan","Infinite Blades+1","Flying Knee"],"picked":"Singing Bowl","floor":30},{"not_picked":["Doppelganger","Die Die Die"],"picked":"Wraith Form v2+1","floor":33},{"not_picked":["Underhanded Strike+1","Quick Slash+1"],"picked":"Acrobatics+1","floor":35},{"not_picked":["Dodge and Roll+1","Noxious Fumes+1"],"picked":"Escape Plan+1","floor":36},{"not_picked":["Heel Hook","Flying Knee+1","Underhanded Strike+1"],"picked":"Singing Bowl","floor":38},{"not_picked":["Dagger Throw+1","Reflex+1"],"picked":"Blur+1","floor":40},{"not_picked":["Dagger Spray","Prepared+1"],"picked":"Concentrate+1","floor":42},{"not_picked":["Terror+1","Bane+1"],"picked":"Reflex+1","floor":44},{"not_picked":["Blade Dance+1","Die Die Die"],"picked":"PiercingWail+1","floor":45},{"not_picked":["Quick Slash","Sucker Punch+1"],"picked":"Outmaneuver+1","floor":46},{"not_picked":["Crippling Poison+1","Tools of the Trade+1"],"picked":"Catalyst+1","floor":47},{"not_picked":["Sucker Punch+1","Blade Dance+1"],"picked":"PiercingWail+1","floor":54}],"player_experience":104780,"relics_obtained":[{"floor":4.0,"key":"CaptainsWheel"},{"floor":6.0,"key":"Ice Cream"},{"floor":8.0,"key":"Potion Belt"},{"floor":9.0,"key":"Frozen Egg 2"},{"floor":17.0,"key":"Regal Pillow"},{"floor":17.0,"key":"Singing Bowl"},{"floor":17.0,"key":"FossilizedHelix"},{"floor":23,"key":"Pocketwatch"},{"floor":26,"key":"InkBottle"},{"floor":27,"key":"Juzu Bracelet"},{"floor":29,"key":"Happy Flower"},{"floor":30,"key":"Akabeko"},{"floor":40,"key":"Smiling Mask"},{"floor":42,"key":"Old Coin"},{"floor":44,"key":"Toxic Egg 2"},{"floor":47,"key":"White Beast Statue"},{"floor":54,"key":"Shuriken"}],"event_choices":[{"damage_healed":0.0,"max_hp_gain":0.0,"max_hp_loss":0.0,"gold_gain":0.0,"event_name":"WeMeetAgain","player_choice":"Paid Gold","floor":2.0,"gold_loss":57.0,"damage_taken":0.0,"relics_obtained":["CeramicFish"]},{"damage_healed":0,"gold_gain":0,"player_choice":"Ignored","damage_taken":0,"max_hp_gain":0,"max_hp_loss":0,"event_name":"Cursed Tome","floor":19,"gold_loss":0},{"damage_healed":0,"gold_gain":0,"player_choice":"Opened","damage_taken":0,"relics_obtained":["Snake Skull"],"max_hp_gain":0,"max_hp_loss":0,"event_name":"The Mausoleum","floor":22,"gold_loss":0},{"damage_healed":0,"gold_gain":0,"player_choice":"Read","damage_taken":0,"max_hp_gain":0,"max_hp_loss":0,"event_name":"The Library","floor":31,"gold_loss":0,"cards_obtained":["Catalyst"]},{"cards_removed":["Escape Plan"],"damage_healed":0,"gold_gain":0,"player_choice":"Removed Skill","damage_taken":0,"max_hp_gain":0,"max_hp_loss":0,"event_name":"Falling","floor":37,"gold_loss":0},{"damage_healed":0,"gold_gain":0,"player_choice":"Max HP","damage_taken":0,"max_hp_gain":0,"max_hp_loss":4,"event_name":"Winding Halls","floor":41,"gold_loss":0},{"damage_healed":0,"gold_gain":100,"player_choice":"Pray","damage_taken":0,"max_hp_gain":0,"max_hp_loss":0,"event_name":"Golden Shrine","floor":48,"gold_loss":0}],"is_beta":false,"boss_relics":[{"not_picked":["Sozu","Black Star"],"picked":"Calling Bell"},{"not_picked":["Tiny House","Empty Cage"],"picked":"Astrolabe"}],"items_purged_floors":[5,21,39,53],"is_endless":false,"potions_floor_spawned":[1,12,14,20,27,28,36,40,42,46,47,54],"ascension_level":10}}