{"host":"j2lclbvdfoh0nnbr","time":1609413831,"event":{"mods":["BaseMod","Downfall","Lobotomy","LobotomyExtend","Minty Spire (QoL Compilation)","Replay The Spire","StSLib","[IsaacMod]ÒÔÈö¼âËþ"],"gold_per_floor":[132,132,139,146,167,167,167,191,191,262,283,283,309,340,340,506,506,530,537,537,604,637,683,683,683,683,683,721,721,204,238,238,349,349,373,401,443,276,313,385,385,385,385,385,385],"floor_reached":44,"playtime":2033,"items_purged":["Strike_R","Defend_R+1"],"score":496,"play_id":"4ed58717-4baa-4f2b-ab67-14a16bbacf6a","local_time":"20201231192351","is_ascension_mode":false,"campfire_choices":[{"data":"DoctorFetus","floor":6.0,"key":"SMITH"},{"data":"Life Link","floor":12.0,"key":"SMITH"},{"floor":15.0,"key":"REST"},{"floor":25,"key":"REST"},{"floor":27,"key":"REST"},{"data":"Seeing Red","floor":29,"key":"SMITH"},{"data":"expansioncontent:YouAreMine","floor":32,"key":"SMITH"},{"data":"ReplayTheSpireMod:Muscle Training","floor":42,"key":"SMITH"}],"circlet_count":0,"master_deck":["Strike_R+1","Strike_R","Strike_R","Defend_R+1","Defend_R+1","Bash","DoctorFetus+1","Seeing Red+1","Life Link+1","Inflame+1","Dazed","Dazed","Feed+1","Inflame+1","expansioncontent:YouAreMine+1","Clash+1","Twin Strike+1","ReplayTheSpireMod:Muscle Training+1","ReplayTheSpireMod:Limb From Limb","Heavy Blade+1","Bloodletting+1"],"relics":["Black Blood","HushsDoor","SalivaCoin","LetterFromLob","Replay:Accelerometer","Incense Burner","Snack Pack","Simple Rune","SacredBark","Red Mask","Replay:Bandana","Divine Protection","Ice Cream","MealTicket","ShedSkin_r","ReplayTheSpireMod:Lightbulb","Red Skull"],"acts_visited":["Exordium","TheCity","TheBeyond"],"potions_floor_usage":[37,39,40],"damage_taken":[{"damage":12.0,"enemies":"Small Slimes","floor":1.0,"turns":4.0},{"damage":2.0,"enemies":"2 Louse","floor":5.0,"turns":3.0},{"damage":1.0,"enemies":"Jaw Worm","floor":8.0,"turns":4.0},{"damage":21.0,"enemies":"Hiden Room Battle","floor":10.0,"turns":4.0},{"damage":5.0,"enemies":"Red Slaver","floor":11.0,"turns":3.0},{"damage":14.0,"enemies":"Exordium Wildlife","floor":13.0,"turns":3.0},{"damage":9.0,"enemies":"3 Louse","floor":14.0,"turns":3.0},{"damage":39.0,"enemies":"Hexaghost","floor":16.0,"turns":8.0},{"damage":15.0,"enemies":"Chosen","floor":18.0,"turns":5.0},{"damage":37.0,"enemies":"Masked Bandits","floor":21.0,"turns":5.0},{"damage":18.0,"enemies":"2 Thieves","floor":22.0,"turns":5.0},{"damage":7,"enemies":"Replay:Snechameleon","floor":23,"turns":6},{"damage":8,"enemies":"Snake Plant","floor":28,"turns":4},{"damage":13,"enemies":"Centurion and Healer","floor":31,"turns":5},{"damage":9,"enemies":"Champ","floor":33,"turns":10},{"damage":0,"enemies":"3 Shapes","floor":35,"turns":4},{"damage":16,"enemies":"3 Darklings","floor":37,"turns":5},{"damage":3,"enemies":"4 Shapes","floor":39,"turns":7},{"damage":41,"enemies":"Reptomancer","floor":40,"turns":5}],"seed_played":"-6495401676849884572","potions_obtained":[{"floor":5.0,"key":"Swift Potion"},{"floor":8.0,"key":"Elixir"},{"floor":10.0,"key":"Energy Potion"},{"floor":13.0,"key":"Flashbang"},{"floor":18.0,"key":"FearPotion"},{"floor":21.0,"key":"Weak Potion"},{"floor":31,"key":"SkillPotion"},{"floor":37,"key":"SneckoOil"}],"is_trial":false,"path_per_floor":["M","?","?","?","M","R","T","M","T","?","M","R","M","M","R","B",null,"M","?","?","?","M","E","?","R","T","R","M","R","$","M","R","B",null,"M","?","M","$","M","E","?","R","T","M"],"character_chosen":"IRONCLAD","items_purchased":["Ice Cream","MealTicket","ReplayTheSpireMod:Limb From Limb"],"campfire_rested":3,"item_purchase_floors":[30,30,38],"current_hp_per_floor":[74,74,58,51,55,55,55,60,60,45,46,46,38,35,59,26,80,71,56,56,28,18,22,22,49,49,76,74,74,74,67,67,64,91,91,69,65,80,92,65,65,65,65,65,65],"gold":385,"neow_bonus":"","is_daily":false,"chose_seed":false,"campfire_upgraded":5,"win_rate":0.0,"timestamp":1609413831,"path_taken":["M","?","?","?","?","R","?","M","T","?","M","R","M","M","R","BOSS","M","?","?","?","?","E","?","R","T","R","M","R","$","M","R","BOSS","M","?","M","$","M","E","?","R","T","?"],"items_purchased_type":["Relic","Relic","Card"],"build_version":"2020-12-22","purchased_purges":2,"victory":false,"max_hp_per_floor":[80,80,80,80,80,80,80,80,80,80,80,80,80,80,80,80,80,80,85,85,88,88,91,91,91,91,91,91,91,91,91,91,91,91,91,104,104,104,107,107,107,107,107,107,107],"card_choices":[{"not_picked":[],"picked":"DoctorFetus","floor":0.0},{"not_picked":["Armaments","Evolve","Body Slam"],"picked":"SKIP","floor":1.0},{"not_picked":["Pommel Strike","Entrench"],"picked":"Seeing Red","floor":5.0},{"not_picked":["Clothesline","Hemokinesis"],"picked":"Life Link","floor":8.0},{"not_picked":["Headbutt","Pummel"],"picked":"Inflame","floor":11.0},{"not_picked":["Perfected Strike","Anger"],"picked":"Dual Wield","floor":13.0},{"not_picked":["Wild Strike","Headbutt"],"picked":"Flex","floor":14.0},{"not_picked":["Juggernaut","Impervious"],"picked":"Feed","floor":16.0},{"not_picked":["Flex","Armaments+1"],"picked":"Inflame","floor":18.0},{"not_picked":["Entrench+1","Evolve+1","Perfected Strike"],"picked":"SKIP","floor":22.0},{"not_picked":["Anger","Clothesline"],"picked":"Clash+1","floor":23},{"not_picked":["Anger","True Grit"],"picked":"Twin Strike+1","floor":28},{"not_picked":["Twin Strike","Shockwave","Defy Death"],"picked":"SKIP","floor":31},{"not_picked":["Clothesline+1","Headbutt+1","Ghostly Armor+1"],"picked":"SKIP","floor":35},{"not_picked":["ReplayTheSpireMod:Stacked","Sword Boomerang+1"],"picked":"ReplayTheSpireMod:Muscle Training","floor":37},{"not_picked":["Sever Soul+1","Thunderclap"],"picked":"Heavy Blade+1","floor":39},{"not_picked":["Sword Boomerang","Cleave"],"picked":"Bloodletting+1","floor":40}],"player_experience":284814,"relics_obtained":[{"floor":1.0,"key":"LetterFromLob"},{"floor":7.0,"key":"Replay:Accelerometer"},{"floor":9.0,"key":"Incense Burner"},{"floor":10.0,"key":"Snack Pack"},{"floor":10.0,"key":"Simple Rune"},{"floor":21.0,"key":"Red Mask"},{"floor":23,"key":"Replay:Bandana"},{"floor":26,"key":"Divine Protection"},{"floor":40,"key":"ReplayTheSpireMod:Lightbulb"},{"floor":43,"key":"Red Skull"}],"event_choices":[{"cards_removed":["Strike_R"],"damage_healed":0.0,"max_hp_gain":0.0,"max_hp_loss":0.0,"gold_gain":0.0,"event_name":"Living Wall","player_choice":"Forget","floor":2.0,"gold_loss":0.0,"damage_taken":0.0},{"damage_healed":0.0,"max_hp_gain":0.0,"max_hp_loss":0.0,"gold_gain":0.0,"event_name":"Shining Light","player_choice":"Entered Light","floor":3.0,"gold_loss":0.0,"damage_taken":16.0,"cards_upgraded":["Strike_R","Defend_R"]},{"cards_removed":["Defend_R"],"damage_healed":0.0,"max_hp_gain":0.0,"max_hp_loss":0.0,"gold_gain":0.0,"event_name":"Golden Wing","player_choice":"Card Removal","floor":4.0,"gold_loss":0.0,"damage_taken":7.0},{"damage_healed":0.0,"max_hp_gain":0.0,"max_hp_loss":0.0,"gold_gain":0.0,"event_name":"HidenRoomEvent","player_choice":"Fight","floor":10.0,"gold_loss":0.0,"damage_taken":0.0},{"damage_healed":0.0,"max_hp_gain":5.0,"max_hp_loss":0.0,"gold_gain":0.0,"event_name":"Forgotten Altar","player_choice":"Shed Blood","floor":19.0,"gold_loss":0.0,"damage_taken":20.0},{"damage_healed":0.0,"max_hp_gain":0.0,"max_hp_loss":0.0,"gold_gain":0.0,"event_name":"Match and Keep!","player_choice":"1 cards matched","floor":20.0,"gold_loss":0.0,"damage_taken":0.0,"cards_obtained":["expansioncontent:YouAreMine"]},{"damage_healed":0.0,"max_hp_gain":0.0,"max_hp_loss":0.0,"gold_gain":0.0,"event_name":"Masked Bandits","player_choice":"Fought Bandits","floor":21.0,"gold_loss":0.0,"damage_taken":0.0},{"damage_healed":0,"gold_gain":0,"player_choice":"Ignored","damage_taken":0,"max_hp_gain":0,"max_hp_loss":0,"event_name":"Ghosts","floor":24,"gold_loss":0}],"is_beta":false,"boss_relics":[{"not_picked":["Honey Jar","Runic Pyramid"],"picked":"SacredBark"},{"not_picked":[]},{"not_picked":["ChampionBelt","Astrolabe"],"picked":"Black Blood"},{"not_picked":[]}],"items_purged_floors":[30,38],"is_endless":false,"potions_floor_spawned":[5,8,10,13,18,21,31,33,37],"ascension_level":0}}