{"host":"0nndazl0keusavit","time":1609417903,"event":{"mods":["AchievementEnabler","BaseMod","Colored Map","Curses Come First","Highlight Path","Minty Spire (QoL Compilation)","Relic Stats","StSLib"],"gold_per_floor":[18,32,51,61,61,61,72,72,72,104,104,104,29,59,59,59,59],"floor_reached":16,"playtime":495,"items_purged":["Strike_R"],"score":100,"play_id":"2ca94758-d46a-47b8-b1c6-b18080bed281","local_time":"20201231083143","is_ascension_mode":false,"campfire_choices":[{"data":"Bash","floor":6,"key":"SMITH"},{"data":"Dropkick","floor":8,"key":"SMITH"},{"data":"Strike_R","floor":12,"key":"SMITH"},{"data":"Strike_R","floor":15,"key":"SMITH"}],"circlet_count":0,"master_deck":["Strike_R+1","Strike_R+1","Strike_R","Defend_R","Defend_R","Defend_R","Bash+1","Dropkick+1"],"relics":["Burning Blood","Darkstone Periapt","Blood Vial","Incense Burner"],"acts_visited":["Exordium"],"potions_floor_usage":[10,16],"damage_taken":[{"damage":0,"enemies":"Small Slimes","floor":1,"turns":4},{"damage":2,"enemies":"2 Louse","floor":2,"turns":3},{"damage":5,"enemies":"Cultist","floor":3,"turns":4},{"damage":14,"enemies":"3 Louse","floor":4,"turns":4},{"damage":6,"enemies":"2 Fungi Beasts","floor":7,"turns":3},{"damage":34,"enemies":"3 Sentries","floor":10,"turns":10},{"damage":33,"enemies":"Hexaghost","floor":16,"turns":7}],"seed_played":"6379599427909094582","potions_obtained":[{"floor":7,"key":"Fire Potion"},{"floor":10,"key":"Weak Potion"}],"is_trial":false,"path_per_floor":["M","M","M","M","$","R","M","R","T","E","?","R","$","?","R","B"],"character_chosen":"IRONCLAD","items_purchased":[],"campfire_rested":0,"item_purchase_floors":[],"current_hp_per_floor":[80,80,80,72,72,72,72,72,72,44,26,26,26,26,26,0,0],"gold":59,"neow_bonus":"REMOVE_TWO","is_daily":false,"chose_seed":false,"campfire_upgraded":4,"win_rate":0.0,"timestamp":1609417903,"path_taken":["M","M","M","M","$","R","M","R","T","E","?","R","$","?","R","BOSS"],"items_purchased_type":[],"build_version":"2020-12-22","purchased_purges":1,"victory":false,"max_hp_per_floor":[80,80,80,80,80,80,80,80,80,80,80,80,80,80,80,80,80],"relic_stats":{"Darkstone Periapt":0,"Blood Vial":2,"counters":[7,35],"obtain_stats":[{"Darkstone Periapt":9,"Blood Vial":10,"Incense Burner":11,"Burning Blood":0},{"Darkstone Periapt":5,"Blood Vial":6,"Incense Burner":6,"Burning Blood":0},{"Darkstone Periapt":18,"Blood Vial":28,"Incense Burner":28,"Burning Blood":0}],"Burning Blood":25},"card_choices":[{"not_picked":["Thunderclap","Twin Strike","Headbutt"],"picked":"SKIP","floor":1},{"not_picked":["Body Slam","Havoc"],"picked":"Dropkick","floor":2},{"not_picked":["Spot Weakness","Shrug It Off","Anger"],"picked":"SKIP","floor":3},{"not_picked":["Combust","Rage","Cleave"],"picked":"SKIP","floor":4},{"not_picked":["Twin Strike","Rampage","Entrench"],"picked":"SKIP","floor":7},{"not_picked":["Cleave","Fiend Fire","Clash"],"picked":"SKIP","floor":10}],"player_experience":862323,"relics_obtained":[{"floor":9,"key":"Darkstone Periapt"},{"floor":10,"key":"Blood Vial"}],"event_choices":[{"damage_healed":0,"gold_gain":0,"player_choice":"Success","damage_taken":18,"relics_obtained":["Incense Burner"],"max_hp_gain":0,"max_hp_loss":0,"event_name":"Scrap Ooze","floor":11,"gold_loss":0},{"damage_healed":0,"gold_gain":30,"player_choice":"Searched \u00272\u0027 times","damage_taken":0,"max_hp_gain":0,"max_hp_loss":0,"event_name":"Dead Adventurer","floor":14,"gold_loss":0}],"is_beta":false,"boss_relics":[],"items_purged_floors":[13],"is_endless":false,"potions_floor_spawned":[7,10],"killed_by":"Hexaghost","ascension_level":0}}