{"host":"l9d4bclu8pwa3q15","time":1609409457,"event":{"mods":["Act Like it!","BaseMod","Better Altar","Better Match","Better Note","Better Sensory Stone","Better Skull","BetterRewards","Colored Map","Colored Powertips","Downfall","Emptier Cage","Gensokyo","GifTheSpireLib","Keyboard Shortcuts","Koishi","KomeijiMod","Lobotomy","LobotomyExtend","Minty Spire (QoL Compilation)","Quick Restart","Rare Cards Sparkle","Relic Sorter","Remilia_Scarlet Moed（蕾米莉亚・斯卡雷特）3.3.5","Replay The Spire","Spicy Shops","StSLib","The Alterego","UnlockEverythingMod","Waifu the Spire","WarShipGirlsR/战舰少女R mod","Yakumo Yukari mod","Youmu（魂魄妖梦）","Yuyuko"],"gold_per_floor":[99,118,118,136,136,150,150,150,150,150,167,267,267,277,296,296,296,296],"floor_reached":16,"playtime":642,"items_purged":[],"score":97,"play_id":"33574365-89d2-4c76-bacd-e0fc061f2d2d","local_time":"20201231181057","is_ascension_mode":true,"campfire_choices":[{"data":"Slimebound:Split","floor":1,"key":"SMITH"},{"data":"Slimebound:SelfFormingGoo","floor":8,"key":"SMITH"},{"data":"Slimebound:SplitAcid","floor":8,"key":"SMITH"},{"data":"Slimebound:ViciousTackle","floor":10,"key":"SMITH"},{"data":"Slimebound:SplitLeeching","floor":10,"key":"SMITH"},{"data":"Slimebound:FlameTackle","floor":13,"key":"SMITH"},{"data":"Slimebound:CorrosiveSpit","floor":13,"key":"SMITH"}],"circlet_count":0,"master_deck":["Slimebound:Strike_Slimebound","Slimebound:Strike_Slimebound","Slimebound:Strike_Slimebound","Slimebound:Tackle","Slimebound:Defend_Slimebound","Slimebound:Defend_Slimebound","Slimebound:Defend_Slimebound","Slimebound:Defend_Slimebound","Slimebound:Split+1","Slimebound:CorrosiveSpit+1","Slimebound:SelfFormingGoo+1","Slimebound:SplitLeeching+1","RemiliaMod:CYMZW","Slimebound:SplitAcid+1","Slimebound:ViciousTackle+1","Slimebound:FlameTackle+1","Slimebound:SlimeSlap","Slimebound:Repurpose"],"relics":["Slimebound:AbsorbEndCombat","LetterFromLob","downfall:ShatteredFragment","Replay:Arrowhead","Matryoshka"],"acts_visited":["Exordium"],"potions_floor_usage":[16,16],"damage_taken":[{"damage":11,"enemies":"Small Slimes","floor":2,"turns":3},{"damage":14,"enemies":"Jaw Worm","floor":4,"turns":3},{"damage":13,"enemies":"2 Louse","floor":6,"turns":2},{"damage":23,"enemies":"2 Fungi Beasts","floor":11,"turns":3},{"damage":18,"enemies":"Gremlin Gang","floor":14,"turns":3},{"damage":26,"enemies":"Lots of Slimes","floor":15,"turns":3},{"damage":61,"enemies":"downfall:Watcher","floor":16,"turns":5}],"seed_played":"-4975980231714934574","potions_obtained":[{"floor":4,"key":"Fruit Juice"},{"floor":14,"key":"Fire Potion"}],"is_trial":false,"path_per_floor":["R","M","?","M","?","M","T","R","T","R","M","?","R","M","M","B"],"character_chosen":"SLIMEBOUND","items_purchased":[],"campfire_rested":0,"item_purchase_floors":[],"current_hp_per_floor":[60,60,65,65,47,46,46,46,46,46,43,43,43,37,27,0,0,0],"gold":296,"neow_bonus":"ONE_RANDOM_RARE_CARD","is_daily":false,"chose_seed":false,"campfire_upgraded":7,"win_rate":0.0,"timestamp":1609409457,"path_taken":["R","M","?","M","?","M","T","R","?","R","M","?","R","M","M","BOSS"],"items_purchased_type":[],"build_version":"2020-12-22","purchased_purges":0,"victory":false,"max_hp_per_floor":[60,60,65,65,65,65,65,65,65,65,65,65,65,65,65,70,70,70],"card_choices":[{"not_picked":["Slimebound:LeechEnergy","Slimebound:ComboTackle"],"picked":"Slimebound:SplitLeeching","floor":2},{"not_picked":["Slimebound:GrowthPunch","Slimebound:ViciousTackle"],"picked":"Slimebound:SplitAcid","floor":4},{"not_picked":["Slimebound:ComboTackle","Slimebound:RollThrough"],"picked":"Slimebound:ViciousTackle","floor":6},{"not_picked":["Slimebound:ViciousTackle","Slimebound:ServeAndProtect"],"picked":"Slimebound:FlameTackle","floor":11},{"not_picked":["Slimebound:SplitMire","Slimebound:PressTheAttack"],"picked":"Slimebound:SlimeSlap","floor":14},{"not_picked":["Slimebound:TongueLash","Slimebound:SlimeSpikes"],"picked":"Slimebound:Repurpose","floor":15}],"player_experience":98795,"relics_obtained":[{"floor":2,"key":"LetterFromLob"},{"floor":7,"key":"Replay:Arrowhead"},{"floor":9,"key":"Matryoshka"}],"event_choices":[{"damage_healed":0,"gold_gain":0,"player_choice":"CYMZW","damage_taken":0,"max_hp_gain":5,"max_hp_loss":0,"event_name":"Remilia_CDSJ09","floor":3,"gold_loss":0}],"is_beta":false,"boss_relics":[],"items_purged_floors":[],"is_endless":false,"potions_floor_spawned":[4,14],"killed_by":"downfall:Watcher","ascension_level":1}}