{"host":"ic2t2jxz7s3jvs1m","time":1609406834,"event":{"mods":["AchievementEnabler","Aspiration","BaseMod","Better Third Choice","Block Reminder","Colored Map","Conspire","Curses Come First","Downfall","Energized Spire","Halation","Hubris","Infinite Spire","Jess\u0027s Bottle","Minty Spire (QoL Compilation)","Quick Restart","Relic Stats","Replay The Spire","SacredBarkPlus","Small Relic Pack","StSLib","The Blue Laboratory","Trackpad","Transform Curses","Uncapped","vexMod"],"gold_per_floor":[113,113,113,113,41,72,90,108,132,132,132,151,170,196,196,292,292,309,309,327,337,337,337,372,387,437,437,437,449,459,474,498,514,514,613,613,632,643,643,661,677,677,705,26,52,72,72,72,72,83,83,83],"floor_reached":53,"playtime":7423,"items_purged":["Regret"],"score":848,"play_id":"5cf6e58f-3228-4679-896b-1805cbbfd2ba","local_time":"20201231032714","is_ascension_mode":false,"campfire_choices":[{"floor":11.0,"key":"REST"},{"floor":15.0,"key":"REST"},{"data":"Replay:Bag of Tricks","floor":23.0,"key":"SMITH"},{"floor":42.0,"key":"REST"},{"floor":49,"key":"REST"},{"data":"Noxious Fumes","floor":51,"key":"SMITH"}],"circlet_count":0,"master_deck":["Strike_G","Strike_G","Strike_G","Strike_G","Defend_G","Defend_G","Defend_G","Defend_G","Survivor","Neutralize","Poisoned Stab","Catalyst","Outmaneuver","Replay:Bag of Tricks+1","Accuracy","Storm of Steel","Blur","Corpse Explosion","Draining Mist","Burst","Leg Sweep+1","ReplayTheSpireMod:Tripwire+1","Blade Dance","Calculated Gamble","Skewer","Dodge and Roll","Terror+1","Noxious Fumes+1","Footwork+1","Heel Hook","Phantasmal Killer","Deflect","ReplayTheSpireMod:Scrap Shanks","Escape Plan","Expertise+1","Distraction","Cloak And Dagger","Cloak And Dagger","Mayhem","Flying Knee","PiercingWail","Hidden Blade"],"relics":["Ring of the Snake","Smiling Mask","hubris:Towel","hubris:Icosahedron","trackpad:Mousetrap","Replay:Mystery Machine","halation:PinkSoulGem","Omamori","halation:Prosthetics","WarpedTongs","aspiration:SneckoTail","Pen Nib","halation:PromiseList","Replay:Grab Bag","conspire:SlowCooker","energizedSpire:SpiderWeb","HoveringKite","Calling Bell","Strawberry","hubris:PeanutButter","WingedGreaves","Bottled Lightning","hubris:EmptyBottle","hubris:TinFlute","Lantern","hubris:FruitBowl","aspiration:KaomsHeart"],"acts_visited":["Exordium","TheCity","TheBeyond"],"potions_floor_usage":[52,52,52,52],"damage_taken":[{"damage":0.0,"enemies":"Small Slimes","floor":1.0,"turns":2.0},{"damage":45.0,"enemies":"Gremlin Nob","floor":6.0,"turns":5.0},{"damage":3.0,"enemies":"Jaw Worm","floor":7.0,"turns":2.0},{"damage":10.0,"enemies":"2 Louse","floor":8.0,"turns":2.0},{"damage":0.0,"enemies":"Large Slime","floor":12.0,"turns":5.0},{"damage":7.0,"enemies":"3 Louse","floor":13.0,"turns":2.0},{"damage":3.0,"enemies":"Lagavulin","floor":14.0,"turns":6.0},{"damage":10.0,"enemies":"Hexaghost","floor":16.0,"turns":8.0},{"damage":0.0,"enemies":"Chosen","floor":18.0,"turns":4.0},{"damage":2.0,"enemies":"Shell Parasite","floor":20.0,"turns":5.0},{"damage":4.0,"enemies":"Centurion and Healer","floor":21.0,"turns":5.0},{"damage":26.0,"enemies":"Slavers","floor":24.0,"turns":5.0},{"damage":0.0,"enemies":"Shelled Parasite and Fungi","floor":25.0,"turns":4.0},{"damage":0.0,"enemies":"3 Cultists","floor":29.0,"turns":5.0},{"damage":0.0,"enemies":"Centurion and Healer","floor":30.0,"turns":5.0},{"damage":0.0,"enemies":"Snecko","floor":31.0,"turns":3.0},{"damage":2.0,"enemies":"Shelled Parasite and Fungi","floor":33.0,"turns":6.0},{"damage":7.0,"enemies":"Collector","floor":35.0,"turns":11.0},{"damage":13.0,"enemies":"3 Darklings","floor":37.0,"turns":6.0},{"damage":7.0,"enemies":"Orb Walker","floor":38.0,"turns":3.0},{"damage":3.0,"enemies":"Spire Growth","floor":40.0,"turns":5.0},{"damage":1.0,"enemies":"3 Darklings","floor":41.0,"turns":6.0},{"damage":0.0,"enemies":"Giant Head","floor":43.0,"turns":6.0},{"damage":2.0,"enemies":"Jaw Worm Horde","floor":46.0,"turns":3.0},{"damage":2,"enemies":"Sphere and 2 Shapes","floor":50,"turns":4},{"damage":17,"enemies":"Awakened One","floor":52,"turns":11}],"seed_played":"8200359046727368549","potions_obtained":[{"floor":1.0,"key":"Fruit Juice"},{"floor":7.0,"key":"sneckomod:MuddlingPotion"},{"floor":14.0,"key":"AttackPotion"},{"floor":16.0,"key":"Ancient Potion"},{"floor":18.0,"key":"ColorlessPotion"},{"floor":24.0,"key":"blueLaboratory:AbyssPotion"},{"floor":40.0,"key":"Toxic Potion"},{"floor":43.0,"key":"LifebloodPotion"},{"floor":46.0,"key":"blueLaboratory:BubblePotion"}],"is_trial":false,"path_per_floor":["M","?","?","?","$","E","M","M","T","?","R","M","M","E","R","B",null,"M","?","M","M","?","R","E","M","T","PTL","PTL","M","M","M","T","M","R_BF","B",null,"M","M","?","M","M","R","E","$","T","M","?","$","R","M","R_BF","B",null],"character_chosen":"THE_SILENT","items_purchased":["Outmaneuver","hubris:EmptyBottle","hubris:TinFlute","Cloak And Dagger","Mayhem","Flying Knee","hubris:FruitBowl","aspiration:KaomsHeart"],"campfire_rested":4,"item_purchase_floors":[5,44,44,44,44,44,48,48],"current_hp_per_floor":[75,75,75,75,75,30,27,17,17,17,39,39,32,29,51,41,40,40,40,38,34,34,34,8,8,8,8,8,8,8,8,8,6,18,11,47,34,27,27,24,23,37,37,37,37,35,35,151,197,195,195,178],"gold":83,"neow_bonus":"RANDOM_EVENT","is_daily":false,"chose_seed":false,"campfire_upgraded":2,"win_rate":0.0,"timestamp":1609406834,"path_taken":["M","?","?","?","$","E","M","M","T","?","R","M","M","E","R","BOSS","M","?","M","?","?","R","E","M","T","PTL","PTL","M","?","?","?","M","R_BF","BOSS","M","M","?","M","?","R","E","$","T","?","?","?","R","?","R_BF","BOSS"],"items_purchased_type":["Card","Relic","Relic","Card","Card","Card","Relic","Relic"],"build_version":"2020-12-22","purchased_purges":1,"victory":true,"max_hp_per_floor":[75,75,75,75,75,75,75,75,75,75,75,75,75,75,75,75,40,40,40,40,40,40,40,40,40,40,40,40,40,40,40,40,40,40,40,47,47,47,47,47,47,47,47,47,47,47,47,197,197,197,197,197],"relic_stats":{"counters":[26,129],"HoveringKite":[11],"Pen Nib":[17],"Smiling Mask":25,"obtain_stats":[{"trackpad:Mousetrap":6,"Lantern":45,"aspiration:SneckoTail":24,"HoveringKite":36,"Replay:Mystery Machine":9,"halation:Prosthetics":17,"hubris:EmptyBottle":44,"Smiling Mask":2,"hubris:Icosahedron":4,"Strawberry":36,"WingedGreaves":36,"halation:PromiseList":32,"hubris:TinFlute":44,"Ring of the Snake":0,"Replay:Grab Bag":36,"hubris:FruitBowl":48,"Pen Nib":26,"conspire:SlowCooker":36,"Omamori":14,"hubris:Towel":3,"energizedSpire:SpiderWeb":36,"WarpedTongs":19,"Calling Bell":36,"hubris:PeanutButter":36,"aspiration:KaomsHeart":48,"Bottled Lightning":43,"halation:PinkSoulGem":10},{"trackpad:Mousetrap":2,"Lantern":23,"aspiration:SneckoTail":12,"HoveringKite":18,"Replay:Mystery Machine":4,"halation:Prosthetics":8,"hubris:EmptyBottle":23,"Smiling Mask":1,"hubris:Icosahedron":1,"Strawberry":18,"WingedGreaves":18,"halation:PromiseList":16,"hubris:TinFlute":23,"Ring of the Snake":0,"Replay:Grab Bag":18,"hubris:FruitBowl":24,"Pen Nib":13,"conspire:SlowCooker":18,"Omamori":7,"hubris:Towel":1,"energizedSpire:SpiderWeb":18,"WarpedTongs":9,"Calling Bell":18,"hubris:PeanutButter":18,"aspiration:KaomsHeart":24,"Bottled Lightning":23,"halation:PinkSoulGem":4},{"trackpad:Mousetrap":7,"Lantern":111,"aspiration:SneckoTail":51,"HoveringKite":85,"Replay:Mystery Machine":11,"halation:Prosthetics":32,"hubris:EmptyBottle":111,"Smiling Mask":2,"hubris:Icosahedron":2,"Strawberry":85,"WingedGreaves":85,"halation:PromiseList":68,"hubris:TinFlute":111,"Ring of the Snake":0,"Replay:Grab Bag":85,"hubris:FruitBowl":114,"Pen Nib":55,"conspire:SlowCooker":85,"Omamori":24,"hubris:Towel":2,"energizedSpire:SpiderWeb":85,"WarpedTongs":36,"Calling Bell":85,"hubris:PeanutButter":85,"aspiration:KaomsHeart":114,"Bottled Lightning":111,"halation:PinkSoulGem":11}],"Ring of the Snake":[52],"WarpedTongs":[93]},"card_choices":[{"not_picked":["Poisoned Stab","Acrobatics"],"picked":"Catalyst","floor":1.0},{"not_picked":["Quick Slash","Acrobatics"],"picked":"Replay:Bag of Tricks","floor":6.0},{"not_picked":["Deflect","Backflip"],"picked":"Accuracy","floor":7.0},{"not_picked":["Blade Dance","ReplayTheSpireMod:Exploit Weakness"],"picked":"Storm of Steel","floor":8.0},{"not_picked":["Underhanded Strike","Dagger Throw"],"picked":"Blur","floor":12.0},{"not_picked":["Deadly Poison","Reflex"],"picked":"Corpse Explosion","floor":13.0},{"not_picked":["Backflip","Bane"],"picked":"Draining Mist","floor":14.0},{"not_picked":["Adrenaline","Grand Finale"],"picked":"Burst","floor":16.0},{"not_picked":["Prepared+1","Bane"],"picked":"Leg Sweep+1","floor":18.0},{"not_picked":["hubris:SlightOfHand","Hidden Blade"],"picked":"ReplayTheSpireMod:Tripwire+1","floor":20.0},{"not_picked":["Bane+1","hubris:SlightOfHand"],"picked":"Blade Dance","floor":21.0},{"not_picked":["Sucker Punch","Blade Dance+1"],"picked":"Skewer","floor":24.0},{"not_picked":["PiercingWail","Deadly Poison"],"picked":"Dodge and Roll","floor":25.0},{"not_picked":["Flying Knee","Escape Plan"],"picked":"Terror","floor":29.0},{"not_picked":["Deadly Poison+1","ReplayTheSpireMod:Exploit Weakness+1"],"picked":"Noxious Fumes","floor":30.0},{"not_picked":["hubris:SlightOfHand+1","Flying Knee"],"picked":"Footwork+1","floor":31.0},{"not_picked":["Poisoned Stab","Calculated Gamble"],"picked":"Heel Hook","floor":33.0},{"not_picked":["Wraith Form v2","Poison Darts"],"picked":"Phantasmal Killer","floor":35.0},{"not_picked":["Acrobatics","Flying Knee"],"picked":"Deflect","floor":37.0},{"not_picked":["Flying Knee","conspire:PoisonWeapons"],"picked":"ReplayTheSpireMod:Scrap Shanks","floor":38.0},{"not_picked":["Dagger Spray","Leg Sweep"],"picked":"Escape Plan","floor":40.0},{"not_picked":["Quick Slash+1","Dagger Spray+1"],"picked":"Expertise+1","floor":41.0},{"not_picked":["Dagger Spray+1","hubris:SlightOfHand"],"picked":"Distraction","floor":43.0},{"not_picked":["Fluid Movement","Deadly Poison+1"],"picked":"PiercingWail","floor":46.0},{"not_picked":["Cloak And Dagger","PiercingWail"],"picked":"Hidden Blade","floor":50}],"player_experience":281585,"relics_obtained":[{"floor":6.0,"key":"trackpad:Mousetrap"},{"floor":9.0,"key":"Replay:Mystery Machine"},{"floor":14.0,"key":"Omamori"},{"floor":24.0,"key":"aspiration:SneckoTail"},{"floor":26.0,"key":"Pen Nib"},{"floor":32.0,"key":"halation:PromiseList"},{"floor":36.0,"key":"Strawberry"},{"floor":36.0,"key":"hubris:PeanutButter"},{"floor":36.0,"key":"WingedGreaves"},{"floor":43.0,"key":"Bottled Lightning"},{"floor":45.0,"key":"Lantern"}],"event_choices":[{"damage_healed":0.0,"max_hp_gain":0.0,"max_hp_loss":0.0,"gold_gain":0.0,"event_name":"Big Fish","player_choice":"Box","floor":2.0,"gold_loss":0.0,"damage_taken":0.0,"relics_obtained":["Smiling Mask"],"cards_obtained":["Regret"]},{"damage_healed":0.0,"max_hp_gain":0.0,"max_hp_loss":0.0,"gold_gain":0.0,"event_name":"Accursed Blacksmith","player_choice":"Rummage","floor":19.0,"gold_loss":0.0,"damage_taken":0.0,"relics_obtained":["WarpedTongs"],"cards_obtained":["Pain"]},{"damage_healed":0.0,"max_hp_gain":0.0,"max_hp_loss":0.0,"gold_gain":0.0,"cards_transformed":["Strike_G"],"event_name":"Transmorgrifier","player_choice":"Transformed","floor":22.0,"gold_loss":0.0,"damage_taken":0.0,"cards_obtained":["Calculated Gamble"]},{"cards_removed":["Defend_G"],"damage_healed":0.0,"max_hp_gain":0.0,"max_hp_loss":0.0,"gold_gain":0.0,"event_name":"Purifier","player_choice":"Purged","floor":39.0,"gold_loss":0.0,"damage_taken":0.0}],"is_beta":false,"boss_relics":[{"not_picked":["trackpad:StolenKidneys","conspire:SpecialSausage"],"picked":"halation:Prosthetics"},{"not_picked":["halation:Yufonium","aspiration:RunicSpoon"],"picked":"Replay:Grab Bag"},{"not_picked":["halation:CatFaceCupcake","aspiration:FutureDiary"],"picked":"conspire:SlowCooker"},{"not_picked":["trackpad:Trackpad","ReplayTheSpireMod:Onyx Gauntlets"],"picked":"energizedSpire:SpiderWeb"},{"not_picked":["Snecko Scales","Kintsugi"],"picked":"HoveringKite"},{"not_picked":["conspire:RunicOctahedron","SacredBark"],"picked":"Calling Bell"}],"items_purged_floors":[5],"is_endless":false,"potions_floor_spawned":[1,7,14,16,18,20,24,40,43,46],"ascension_level":0}}