{"host":"Zion","time":1609376648,"event":{"mods":["AchievementEnabler","BaseMod","Colored Map","DeckTracker","Minty Spire (QoL Compilation)","Quick Restart","Rare Cards Sparkle"],"gold_per_floor":[118,43,61,61,76,151,151,183,207,207,207,239,139,157,157,262,262,278,378,388,230,243,274,291,305,355,305,323,323,335,354,354,354,354],"floor_reached":33,"playtime":1330,"items_purged":["Strike_R","Strike_R","Defend_R","Defend_R"],"score":395,"play_id":"345cf383-cf3b-4e32-af50-f1f343cbdbd2","local_time":"20201231100408","is_ascension_mode":true,"campfire_choices":[{"data":"Wild Strike","floor":7.0,"key":"SMITH"},{"floor":11.0,"key":"REST"},{"data":"Bash","floor":15.0,"key":"SMITH"},{"data":"Flame Barrier","floor":29.0,"key":"SMITH"},{"data":"Shockwave","floor":32,"key":"SMITH"}],"circlet_count":0,"master_deck":["Defend_R","Bash+1","Wild Strike+1","Pummel+1","Pommel Strike+1","Flame Barrier+1","Impervious","Ghostly Armor","Shrug It Off","Fire Breathing+1","Shockwave+1"],"relics":["Burning Blood","PreservedInsect","Anchor","Whetstone","Empty Cage","Gremlin Horn","Smiling Mask"],"acts_visited":["Exordium","TheCity"],"potions_floor_usage":[],"damage_taken":[{"damage":19.0,"enemies":"Jaw Worm","floor":1.0,"turns":5.0},{"damage":1.0,"enemies":"Cultist","floor":3.0,"turns":3.0},{"damage":5.0,"enemies":"Small Slimes","floor":5.0,"turns":3.0},{"damage":37.0,"enemies":"Lagavulin","floor":8.0,"turns":7.0},{"damage":0.0,"enemies":"Gremlin Nob","floor":12.0,"turns":2.0},{"damage":0.0,"enemies":"Blue Slaver","floor":14.0,"turns":3.0},{"damage":20.0,"enemies":"Slime Boss","floor":16.0,"turns":8.0},{"damage":1.0,"enemies":"Chosen","floor":18.0,"turns":5.0},{"damage":16.0,"enemies":"Spheric Guardian","floor":20.0,"turns":5.0},{"damage":0.0,"enemies":"Chosen and Byrds","floor":22.0,"turns":6.0},{"damage":38.0,"enemies":"Book of Stabbing","floor":23.0,"turns":7.0},{"damage":12.0,"enemies":"Cultist and Chosen","floor":24.0,"turns":7.0},{"damage":0.0,"enemies":"Snecko","floor":25.0,"turns":5.0},{"damage":2.0,"enemies":"Chosen and Byrds","floor":28.0,"turns":4.0},{"damage":0.0,"enemies":"Shelled Parasite and Fungi","floor":30.0,"turns":5.0},{"damage":3,"enemies":"Centurion and Healer","floor":31,"turns":6},{"damage":0,"enemies":"Automaton","floor":33,"turns":2}],"seed_played":"2057862893862330871","potions_obtained":[{"floor":3.0,"key":"BlessingOfTheForge"},{"floor":12.0,"key":"Strength Potion"},{"floor":14.0,"key":"Energy Potion"},{"floor":22.0,"key":"SteroidPotion"},{"floor":25.0,"key":"EntropicBrew"},{"floor":28.0,"key":"Swift Potion"}],"is_trial":false,"path_per_floor":["M","$","M","?","M","?","R","E","T","?","R","E","$","M","R","B",null,"M","?","M","$","M","E","M","M","T","$","M","R","M","M","R","B"],"character_chosen":"IRONCLAD","items_purchased":["Ghostly Armor"],"campfire_rested":1,"item_purchase_floors":[21],"current_hp_per_floor":[59,59,64,64,65,54,54,23,23,11,35,41,41,47,47,33,68,73,73,63,63,69,37,31,37,37,37,41,41,47,50,50,50,50],"gold":354,"neow_bonus":"REMOVE_CARD","is_daily":false,"chose_seed":false,"campfire_upgraded":4,"win_rate":0.0,"timestamp":1609376648,"path_taken":["M","$","M","?","?","?","R","E","T","?","R","E","$","M","R","BOSS","M","?","M","$","M","E","M","M","T","$","?","R","M","M","R","BOSS"],"items_purchased_type":["Card"],"build_version":"2020-12-18","purchased_purges":4,"victory":false,"max_hp_per_floor":[80,80,80,80,80,80,80,80,80,80,80,80,80,80,80,80,80,80,80,80,80,80,80,80,80,80,80,80,80,80,80,80,80,80],"card_choices":[{"not_picked":["Pommel Strike","Sentinel"],"picked":"Wild Strike","floor":1.0},{"not_picked":["Heavy Blade","Havoc","Armaments"],"picked":"SKIP","floor":3.0},{"not_picked":["Cleave","Dual Wield"],"picked":"Pommel Strike","floor":5.0},{"not_picked":["Havoc","Twin Strike","Pommel Strike"],"picked":"SKIP","floor":8.0},{"not_picked":["Heavy Blade","Perfected Strike"],"picked":"Flame Barrier","floor":12.0},{"not_picked":["Disarm","Pummel","Warcry"],"picked":"SKIP","floor":14.0},{"not_picked":["Brutality","Barricade"],"picked":"Impervious","floor":16.0},{"not_picked":["Pommel Strike+1","Headbutt","Spot Weakness"],"picked":"SKIP","floor":18.0},{"not_picked":["Iron Wave+1","Clash+1","Armaments+1"],"picked":"SKIP","floor":20.0},{"not_picked":["Heavy Blade+1","Dual Wield"],"picked":"Shrug It Off","floor":22.0},{"not_picked":["Flame Barrier","Headbutt+1","Wild Strike+1"],"picked":"SKIP","floor":23.0},{"not_picked":["Carnage","Sword Boomerang","Body Slam"],"picked":"SKIP","floor":24.0},{"not_picked":["Exhume","Headbutt"],"picked":"Fire Breathing+1","floor":25.0},{"not_picked":["Armaments+1","Havoc","Bloodletting"],"picked":"SKIP","floor":28.0},{"not_picked":["Twin Strike","Flame Barrier","Cleave"],"picked":"SKIP","floor":30.0},{"not_picked":["Havoc","Shrug It Off+1"],"picked":"Shockwave","floor":31}],"player_experience":197947,"relics_obtained":[{"floor":8.0,"key":"PreservedInsect"},{"floor":12.0,"key":"Whetstone"},{"floor":23.0,"key":"Gremlin Horn"},{"floor":26.0,"key":"Smiling Mask"}],"event_choices":[{"damage_healed":0.0,"max_hp_gain":0.0,"max_hp_loss":0.0,"gold_gain":0.0,"cards_transformed":["Strike_R"],"event_name":"Transmorgrifier","player_choice":"Transformed","floor":4.0,"gold_loss":0.0,"damage_taken":0.0,"cards_obtained":["Pummel"]},{"damage_healed":0.0,"max_hp_gain":0.0,"max_hp_loss":0.0,"gold_gain":75.0,"event_name":"World of Goop","player_choice":"Gather Gold","floor":6.0,"gold_loss":0.0,"damage_taken":11.0},{"damage_healed":0.0,"max_hp_gain":0.0,"max_hp_loss":0.0,"gold_gain":0.0,"event_name":"Scrap Ooze","player_choice":"Success","floor":10.0,"gold_loss":0.0,"damage_taken":12.0,"relics_obtained":["Anchor"]},{"damage_healed":0.0,"max_hp_gain":0.0,"max_hp_loss":0.0,"gold_gain":100.0,"event_name":"Golden Shrine","player_choice":"Pray","floor":19.0,"gold_loss":0.0,"damage_taken":0.0}],"is_beta":true,"boss_relics":[{"not_picked":["SacredBark","Runic Pyramid"],"picked":"Empty Cage"}],"items_purged_floors":[2,13,21,27],"is_endless":false,"potions_floor_spawned":[3,12,14,22,25,28],"killed_by":"Automaton","ascension_level":6}}