{"host":"wd6rqtfuac3imub6","time":1609452780,"event":{"mods":["ATMod(°¢èªMod)","Act Like it!","BaseMod","Gensokyo","Lobotomy","Minty Spire (QoL Compilation)","Quick Restart","StSLib"],"gold_per_floor":[10,10,24,42,20,38,64,64,64,83,96,115,115,131,131,131,131],"floor_reached":16,"playtime":576,"items_purged":[],"score":106,"play_id":"c47528cc-ece0-4862-aee3-0e09342c48e2","local_time":"20210101061300","is_ascension_mode":false,"campfire_choices":[{"data":"Infinite Blades","floor":13,"key":"SMITH"},{"data":"Dagger Spray","floor":15,"key":"SMITH"}],"circlet_count":0,"master_deck":["Strike_G","Strike_G","Strike_G","Strike_G","Strike_G","Defend_G","Defend_G","Defend_G","Survivor","Neutralize","Flying Knee+1","Cloak And Dagger","Flying Knee","Cloak And Dagger","Dagger Spray+1","Infinite Blades+1","Dagger Spray"],"relics":["Ring of the Snake","AT_ATBox","AT_ForceNature","White Beast Statue"],"acts_visited":["Exordium"],"potions_floor_usage":[10,16],"damage_taken":[{"damage":0,"enemies":"Small Slimes","floor":1,"turns":4},{"damage":0,"enemies":"Jaw Worm","floor":3,"turns":3},{"damage":1,"enemies":"Cultist","floor":4,"turns":3},{"damage":9,"enemies":"Gremlin Gang","floor":6,"turns":4},{"damage":27,"enemies":"Lagavulin","floor":7,"turns":6},{"damage":3,"enemies":"2 Fungi Beasts","floor":10,"turns":2},{"damage":6,"enemies":"Exordium Wildlife","floor":11,"turns":3},{"damage":0,"enemies":"3 Louse","floor":12,"turns":3},{"damage":0,"enemies":"Large Slime","floor":14,"turns":4},{"damage":32,"enemies":"The Guardian","floor":16,"turns":8}],"seed_played":"-6899122006501502878","potions_obtained":[{"floor":4,"key":"CunningPotion"},{"floor":10,"key":"Strength Potion"},{"floor":11,"key":"Swift Potion"},{"floor":12,"key":"Poison Potion"}],"is_trial":false,"path_per_floor":["M","?","M","M","$","M","E","?","T","M","M","M","R","M","R","B"],"character_chosen":"THE_SILENT","items_purchased":["Cloak And Dagger"],"campfire_rested":0,"item_purchase_floors":[5],"current_hp_per_floor":[70,70,70,69,69,60,33,38,38,35,29,29,29,29,29,0,0],"gold":131,"neow_bonus":"REMOVE_TWO","is_daily":false,"chose_seed":false,"campfire_upgraded":2,"win_rate":0.0,"timestamp":1609452780,"path_taken":["M","?","M","M","$","M","E","?","T","?","M","M","R","?","R","BOSS"],"items_purchased_type":["Card"],"build_version":"2020-12-22","purchased_purges":0,"victory":false,"max_hp_per_floor":[70,70,70,70,70,70,70,70,70,70,70,70,70,70,70,70,70],"card_choices":[{"not_picked":["AT_WindFlip","Noxious Fumes"],"picked":"Flying Knee","floor":1},{"not_picked":["PiercingWail","Dodge and Roll"],"picked":"Cloak And Dagger","floor":3},{"not_picked":["Blade Dance","Setup"],"picked":"Flying Knee","floor":4},{"not_picked":["Flying Knee","Bane"],"picked":"Underhanded Strike","floor":6},{"not_picked":["PiercingWail","Glass Knife","Outmaneuver"],"picked":"SKIP","floor":7},{"not_picked":["Deflect","Bane"],"picked":"Dagger Spray","floor":10},{"not_picked":["Concentrate","Acrobatics"],"picked":"Infinite Blades","floor":11},{"not_picked":["Bouncing Flask","AT_WindFlip","Acrobatics"],"picked":"SKIP","floor":12},{"not_picked":["Terror","Tactician"],"picked":"Dagger Spray","floor":14}],"player_experience":85304,"relics_obtained":[{"floor":7,"key":"AT_ForceNature"},{"floor":9,"key":"White Beast Statue"}],"event_choices":[{"damage_healed":0,"gold_gain":0,"player_choice":"Grow","damage_taken":0,"max_hp_gain":0,"max_hp_loss":0,"event_name":"Living Wall","floor":2,"gold_loss":0,"cards_upgraded":["Flying Knee"]},{"cards_removed":["Underhanded Strike"],"damage_healed":5,"gold_gain":0,"player_choice":"Offered Common","damage_taken":0,"max_hp_gain":0,"max_hp_loss":0,"event_name":"Bonfire Elementals","floor":8,"gold_loss":0},{"cards_removed":["Underhanded Strike"],"damage_healed":5,"gold_gain":0,"player_choice":"Offered Special","damage_taken":0,"max_hp_gain":0,"max_hp_loss":0,"event_name":"Bonfire Elementals","floor":8,"gold_loss":0}],"is_beta":false,"boss_relics":[],"items_purged_floors":[],"is_endless":false,"potions_floor_spawned":[4,10,11,12,14],"killed_by":"The Guardian","ascension_level":0}}