{"host":"rmxeoilydwnfa1ap","time":1609426954,"event":{"mods":["2.2 Compatiblity","BaseMod","Better Third Choice","BetterRewards","Defuse TimeMaze Blight","HololiveMod","Hubris","Humility","Minty Spire (QoL Compilation)","Rare Cards Sparkle","Remove Card Discount Mod","Shop Mod","Spicy Shops","StSLib","¡¾ÒÅÎï¿¨ÅÆ¡¿REMEMod"],"gold_per_floor":[77,55,230,230,230,230,230,230,230,230,230,230,230,156,156,258,258,269,269,289,289,289,289],"floor_reached":22,"playtime":531,"items_purged":["Hololive_DiamondStrike","Hololive_WolfAndLamb","Hololive_FlareMind","Hololive_DurableLive","Hololive_Recruit","Hololive_AWSL","Hololive_ScarfAndHalo","Hololive_OpenUp","Hololive_ASMR","Hololive_StarCraft","Hololive_BeCareful"],"score":216,"play_id":"0294a8bd-fda1-414e-8f37-cd5f033baa5d","local_time":"20201231230234","daily_mods":["SealedDeck","Shiny","Vintage","Heirloom","Time Dilation","Flight","Elite Swarm"],"is_ascension_mode":false,"campfire_choices":[{"data":"Hololive_HighAtkLowDef","floor":6.0,"key":"SMITH"},{"data":"Hololive_Rebound","floor":7.0,"key":"SMITH"},{"data":"Hololive_CallMoonaHoshinova","floor":8.0,"key":"SMITH"},{"data":"Hololive_MaximGun","floor":10.0,"key":"SMITH"},{"data":"Hololive_Thief","floor":11.0,"key":"SMITH"},{"data":"Hololive_CocoNews","floor":12.0,"key":"SMITH"},{"data":"Hololive_CallRoboco","floor":15.0,"key":"SMITH"}],"circlet_count":0,"master_deck":["Hololive_Thief+1","Hololive_DDD","Hololive_Rebirth","Hololive_HighAtkLowDef+1","Hololive_IdolExercise","Hololive_Nanodesu","Hololive_CocoNews","Hololive_Rebound+1","Hololive_StrengthChampion","Hololive_CallRoboco+1","Hololive_CocoNews+1","Hololive_CallShishiroBotan","Hololive_CallMoonaHoshinova+1","Hololive_CallAiraniIofifteen","Hololive_CallMurasakiShion","Doubt","Hololive_CallShiranuiFlare","Hololive_Thief","Hololive_Nanodesu","hubris:DuctTapeCard"],"relics":["Hololive_TheStar","REME_ComplimentaryCards","hubris:BundleOfHerbs","Vajra","REME_LimitBreaker","Singing Bowl","hubris:DuctTape","Art of War"],"acts_visited":["Exordium","TheCity"],"potions_floor_usage":[],"damage_taken":[{"damage":0.0,"enemies":"Small Slimes","floor":1.0,"turns":3.0},{"damage":0.0,"enemies":"The Guardian","floor":16.0,"turns":7.0},{"damage":0.0,"enemies":"Shell Parasite","floor":18.0,"turns":4.0},{"damage":0,"enemies":"2 Thieves","floor":20,"turns":4},{"damage":0,"enemies":"Snecko","floor":22,"turns":1}],"seed_played":"7016473676477309215","potions_obtained":[],"is_trial":true,"path_per_floor":["M","$","?","?","?","R","R","R","T","R","R","R","?","$","R","B",null,"M","?","M","$","M"],"character_chosen":"Hololive_HololiveCharacter","items_purchased":["Hololive_Thief"],"campfire_rested":0,"item_purchase_floors":[14],"current_hp_per_floor":[35,35,35,35,17,17,17,17,17,17,17,17,17,17,17,17,35,35,35,35,35,35,35],"gold":289,"neow_bonus":"","is_daily":false,"chose_seed":false,"campfire_upgraded":7,"win_rate":0.0,"timestamp":1609426954,"path_taken":["M","$","?","?","?","R","R","R","T","R","R","R","?","?","R","BOSS","M","?","M","$","?"],"items_purchased_type":["Card"],"build_version":"2020-12-22","purchased_purges":11,"victory":false,"max_hp_per_floor":[35,35,35,35,35,35,35,35,35,35,35,35,35,35,35,35,35,35,35,35,35,35,35],"card_choices":[{"not_picked":["Hololive_Rebirth","Hololive_Recruit","Hololive_WolfAndLamb"],"picked":"Hololive_Nanodesu","floor":16.0}],"player_experience":63082,"relics_obtained":[{"floor":1.0,"key":"Vajra"},{"floor":9.0,"key":"Singing Bowl"},{"floor":18,"key":"hubris:DuctTape"},{"floor":20,"key":"Art of War"}],"event_choices":[{"damage_healed":0.0,"max_hp_gain":0.0,"max_hp_loss":0.0,"gold_gain":175.0,"event_name":"betterThird:BetterSerpent","player_choice":"AGREE","floor":3.0,"gold_loss":0.0,"damage_taken":55.0},{"damage_healed":0.0,"max_hp_gain":0.0,"max_hp_loss":0.0,"gold_gain":0.0,"event_name":"The Cleric","player_choice":"Leave","floor":4.0,"gold_loss":0.0,"damage_taken":0.0},{"damage_healed":0.0,"max_hp_gain":0.0,"max_hp_loss":0.0,"gold_gain":0.0,"event_name":"betterThird:BetterScrap","player_choice":"Relic ","floor":5.0,"gold_loss":0.0,"damage_taken":18.0,"cards_obtained":["Offering"]},{"damage_healed":0,"gold_gain":0,"player_choice":"0 cards matched","damage_taken":0,"max_hp_gain":0,"max_hp_loss":0,"event_name":"Match and Keep!","floor":19,"gold_loss":0,"cards_obtained":[]}],"is_beta":false,"boss_relics":[{"not_picked":["hubris:BlackHole","hubris:TerracottaHorce","Ectoplasm"]}],"items_purged_floors":[2,2,2,2,2,2,2,2,2,2,2],"is_endless":true,"potions_floor_spawned":[20],"killed_by":"Snecko","ascension_level":0}}