{"host":"yblq3p6acu4d7asa","time":1609418047,"event":{"mods":["AchievementEnabler","Act Like it!","BaseMod","Colored Map","Downfall","Hermit","Highlight Path","Infinite Spire","Minty Spire (QoL Compilation)","READ ME - Guardian Mod","Replay The Spire","Shop Mod","StSLib","The Bug Knight","The Cursed"],"gold_per_floor":[99,99,63,63,63,79,79,98,98,98,118,145,156,166,176,176,176,176],"floor_reached":16,"playtime":1543,"items_purged":[],"score":102,"play_id":"6c572543-5a25-4186-9439-c952bef1c9b5","local_time":"20201231153407","is_ascension_mode":false,"campfire_choices":[{"data":"Slimebound:Split","floor":1,"key":"SMITH"},{"floor":10,"key":"REST"}],"circlet_count":0,"master_deck":["Slimebound:Strike_Slimebound","Slimebound:Strike_Slimebound","Slimebound:Strike_Slimebound","Slimebound:Tackle","Slimebound:Defend_Slimebound","Slimebound:Defend_Slimebound","Slimebound:Defend_Slimebound","Slimebound:Defend_Slimebound","Slimebound:Split+1","Slimebound:CorrosiveSpit","Slimebound:SamplingLick","Slimebound:GoopSpray","Slimebound:SlimeSpikes","Slimebound:SlimeSpikes","Slimebound:RejuvenatingLick","Slimebound:LivingWall","Slimebound:ProtectTheBoss","Slimebound:Schlurp","Slimebound:FinishingTackle","Slimebound:LeechingTouch","Slimebound:RollThrough","Slimebound:WasteNot"],"relics":["Slimebound:AbsorbEndCombat","downfall:HeartsMalice","Pen Nib","Replay:Multitool","Lizard Tail"],"acts_visited":["Exordium"],"potions_floor_usage":[12,12,16],"damage_taken":[{"damage":0,"enemies":"Cultist","floor":2,"turns":1},{"damage":0,"enemies":"downfall:FleeingMerchant","floor":3,"turns":1},{"damage":0,"enemies":"Small Slimes","floor":4,"turns":1},{"damage":11,"enemies":"Jaw Worm","floor":6,"turns":3},{"damage":24,"enemies":"3 Louse","floor":8,"turns":4},{"damage":20,"enemies":"Exordium Thugs","floor":11,"turns":7},{"damage":42,"enemies":"Lagavulin","floor":12,"turns":12},{"damage":14,"enemies":"Large Slime","floor":13,"turns":6},{"damage":15,"enemies":"Blue Slaver","floor":14,"turns":4},{"damage":35,"enemies":"Lots of Slimes","floor":15,"turns":5},{"damage":58,"enemies":"downfall:Ironclad","floor":16,"turns":9}],"seed_played":"4516182703071154338","potions_obtained":[{"floor":6,"key":"Block Potion"},{"floor":8,"key":"DuplicationPotion"},{"floor":11,"key":"Block Potion"},{"floor":15,"key":"SkillPotion"}],"is_trial":false,"path_per_floor":["R","M","$","M","?","M","T","M","?","R","M","E","M","M","M","B"],"character_chosen":"SLIMEBOUND","items_purchased":["Slimebound:SlimeSpikes"],"campfire_rested":1,"item_purchase_floors":[3],"current_hp_per_floor":[60,60,60,60,35,42,42,32,32,50,48,20,32,23,33,0,0,0],"gold":176,"neow_bonus":"THREE_ENEMY_KILL","is_daily":false,"chose_seed":false,"campfire_upgraded":1,"win_rate":0.0,"timestamp":1609418047,"path_taken":["R","M","$","M","?","M","T","M","?","R","M","E","M","?","M","BOSS"],"items_purchased_type":["Card"],"build_version":"2020-12-22","purchased_purges":0,"victory":false,"max_hp_per_floor":[60,60,60,60,60,60,60,60,60,60,60,60,60,60,60,60,60,60],"card_choices":[{"not_picked":["Slimebound:SlimeBrawl","Slimebound:LeechingTouch"],"picked":"Slimebound:SamplingLick","floor":2},{"not_picked":["Slimebound:Grow","Slimebound:SelfFormingGoo"],"picked":"Slimebound:GoopSpray","floor":3},{"not_picked":["Slimebound:RollThrough","Slimebound:SplitBruiser"],"picked":"Slimebound:RejuvenatingLick","floor":4},{"not_picked":["Slimebound:BestDefense","Slimebound:PressTheAttack"],"picked":"Slimebound:LivingWall","floor":6},{"not_picked":["Slimebound:PressTheAttack","Slimebound:SamplingLick"],"picked":"Slimebound:ProtectTheBoss","floor":8},{"not_picked":["Slimebound:Prepare","Slimebound:GrowthPunch"],"picked":"Slimebound:Schlurp","floor":11},{"not_picked":["Slimebound:RollThrough","Slimebound:Schlurp"],"picked":"Slimebound:FinishingTackle","floor":12},{"not_picked":["Slimebound:HauntingLick","Slimebound:LeechEnergy"],"picked":"Slimebound:LeechingTouch","floor":13},{"not_picked":["Slimebound:FirmFortitude","Slimebound:GoopSpray"],"picked":"Slimebound:RollThrough","floor":14},{"not_picked":["Slimebound:LeechingTouch","Slimebound:SplitBruiser"],"picked":"Slimebound:WasteNot","floor":15}],"player_experience":4215,"relics_obtained":[{"floor":7,"key":"Replay:Multitool"},{"floor":12,"key":"Lizard Tail"}],"event_choices":[{"damage_healed":0,"gold_gain":0,"player_choice":"Success","damage_taken":25,"relics_obtained":["Pen Nib"],"max_hp_gain":0,"max_hp_loss":0,"event_name":"Scrap Ooze","floor":5,"gold_loss":0}],"is_beta":false,"boss_relics":[],"items_purged_floors":[],"is_endless":false,"potions_floor_spawned":[6,8,11,15],"killed_by":"downfall:Ironclad","ascension_level":0}}