{"host":"i0dqv19ybe2atd47","time":1609440412,"event":{"mods":["2.2 Compatiblity","A Magickal Journey","AchievementEnabler","Act Like it!","BaseMod","Beaked The Cultist","Bestiary","BetterRewards","CapriCore","ChefMod","Colored Map","Conspire","Curses Come First","Dio Mod","Downfall","Duelist Mod","Elementarium","GungeonMod","Hallownest","Hermit","Kratos Character Expansion","Melee Mod","Minty Spire (QoL Compilation)","Quick Restart","Rare Cards Sparkle","Replay The Spire","Robot Space Explorer","Shade Mod","Spicy Shops","StSLib","The Blackbeard","The Bug Knight","The Caster","The Cursed","The Disciple","The Dragon Tamer","The Edgeheg","The Jungle","The Necromancer","The Runesmith","The Showman","The Trickster","The Wild Card","TheLocksmith","TheVacant","Yuri Mod"],"gold_per_floor":[100,112,126,139,153,189,216,216,47,47,47,76,76,176,186,186,186],"floor_reached":16,"playtime":1596,"items_purged":[],"score":100,"play_id":"086eaf31-7bdb-43e3-89ad-329782f5642e","local_time":"20201231134652","is_ascension_mode":false,"campfire_choices":[{"floor":1,"key":"RECALL"},{"floor":8,"key":"REST"},{"data":"yuri:Stalk","floor":10,"key":"SMITH"},{"floor":13,"key":"REST"}],"circlet_count":0,"master_deck":["yuri:yuriStrike","yuri:yuriStrike","yuri:yuriStrike","yuri:yuriStrike","yuri:yuriStrike","yuri:yuriDefend","yuri:yuriDefend","yuri:yuriDefend","yuri:yuriDefend","yuri:yuriDefend","yuri:Oolong","yuri:yuriStab","yuri:ThrowBook","yuri:ReactiveMadness","yuri:ChibiInvasion","yuri:Stalk+1","yuri:RecklessStrike","yuri:ReactiveMadness","yuri:ThrowingKnives","yuri:ThrowingKnives","yuri:HeavierStrike","yuri:BookRed","yuri:Stare"],"relics":["yuri:yuriKnife","Oddly Smooth Stone","Centennial Puzzle","DemoMod:GnawedKey","White Beast Statue","Potion Belt"],"acts_visited":["Exordium"],"potions_floor_usage":[16,16],"damage_taken":[{"damage":2,"enemies":"Cultist","floor":2,"turns":3},{"damage":1,"enemies":"Jaw Worm","floor":3,"turns":4},{"damage":3,"enemies":"Small Slimes","floor":4,"turns":3},{"damage":4,"enemies":"3 Louse","floor":5,"turns":3},{"damage":34,"enemies":"conspire:MimicChest","floor":6,"turns":6},{"damage":10,"enemies":"downfall:FleeingMerchant","floor":9,"turns":4},{"damage":21,"enemies":"3 Sentries","floor":12,"turns":4},{"damage":41,"enemies":"downfall:LadyInBlue","floor":14,"turns":7},{"damage":0,"enemies":"Lots of Slimes","floor":15,"turns":2},{"damage":58,"enemies":"downfall:Defect","floor":16,"turns":6}],"seed_played":"-1382074036537420535","potions_obtained":[{"floor":2,"key":"SteroidPotion"},{"floor":4,"key":"conspire:TimeTravelPotion"},{"floor":12,"key":"Fire Potion"},{"floor":14,"key":"BlessingOfTheForge"},{"floor":14,"key":"Swift Potion"}],"is_trial":false,"path_per_floor":["R","M","M","M","M","?","T","R","$","R","?","E","R","?","M","B"],"character_chosen":"YURI","items_purchased":["yuri:ThrowingKnives","DemoMod:GnawedKey"],"campfire_rested":2,"item_purchase_floors":[9,9],"current_hp_per_floor":[88,86,88,85,85,54,54,80,74,74,74,57,83,46,50,0,0],"gold":186,"neow_bonus":"TEN_PERCENT_HP_BONUS","is_daily":false,"chose_seed":false,"campfire_upgraded":1,"win_rate":0.0,"timestamp":1609440412,"path_taken":["R","M","?","M","M","?","T","R","$","R","?","E","R","?","M","BOSS"],"items_purchased_type":["Card","Relic"],"build_version":"2020-12-22","purchased_purges":0,"victory":false,"max_hp_per_floor":[88,88,88,88,88,88,88,88,88,88,88,88,88,88,88,88,88],"card_choices":[{"not_picked":["yuri:DeepBreathing","yuri:GlitchedStrike"],"picked":"yuri:ThrowBook","floor":2},{"not_picked":["yuri:AdaptiveAI","yuri:ThrowBook"],"picked":"yuri:ReactiveMadness","floor":3},{"not_picked":["yuri:ThrowBook","yuri:GlitchedStrike"],"picked":"yuri:ChibiInvasion","floor":4},{"not_picked":["yuri:GreenTea","yuri:TPose"],"picked":"yuri:Stalk","floor":5},{"not_picked":["yuri:JumpScare","yuri:DebugCard"],"picked":"yuri:RecklessStrike","floor":6},{"not_picked":["yuri:MirrorInsanity","yuri:GlitchedStrike"],"picked":"yuri:ReactiveMadness","floor":9},{"not_picked":["yuri:DeepBreathing","yuri:SelfHarm"],"picked":"yuri:HeavierStrike","floor":12},{"not_picked":["yuri:yuriQuickStrike","yuri:MPose"],"picked":"yuri:BookRed","floor":14},{"not_picked":["yuri:Skip","yuri:ThrowBook"],"picked":"yuri:Stare","floor":15}],"player_experience":45763,"relics_obtained":[{"floor":6,"key":"Oddly Smooth Stone"},{"floor":7,"key":"Centennial Puzzle"},{"floor":12,"key":"White Beast Statue"},{"floor":14,"key":"Potion Belt"}],"event_choices":[{"damage_healed":0,"gold_gain":0,"player_choice":"Leave","damage_taken":0,"max_hp_gain":0,"max_hp_loss":0,"event_name":"conspire:Investor","floor":11,"gold_loss":0}],"is_beta":false,"boss_relics":[],"items_purged_floors":[],"is_endless":false,"potions_floor_spawned":[2,4,12,15],"killed_by":"downfall:Defect","ascension_level":0}}