{"host":"dntw6kil9p09eemm","time":1609416381,"event":{"mods":["Alarm Clock","Aspiration","BaseMod","Downfall","Hermit","Hubris","Minty Spire (QoL Compilation)","Permanent Neow","Replay The Spire","Shop Mod","StSLib"],"gold_per_floor":[109,109,109,121,140,140,169,169,169,180,81,101,117,133,133,232,232,245,279,298,298,313,313,313,325,325,424,424,436,188,188,188,188],"floor_reached":31,"playtime":1747,"items_purged":["hexamod:Strike","hexamod:Defend"],"score":364,"play_id":"4f0d6045-cf98-4c25-9a6a-ea5e890c459a","local_time":"20201231210621","is_ascension_mode":false,"campfire_choices":[{"data":"hexamod:Float","floor":6,"key":"SMITH"},{"data":"hexamod:GhostflameInferno","floor":8,"key":"SMITH"},{"data":"hexamod:Again","floor":15,"key":"SMITH"}],"circlet_count":0,"master_deck":["hexamod:Defend","hexamod:Sear","hexamod:Float+1","hexamod:GhostflameInferno+1","hexamod:ThermalTransfer","hexamod:TimeWarp","hexamod:ApocalypticArmor+1","hexamod:DynamicBlow","hexamod:Again+1","hexamod:VolcanoVisage","hexamod:SpectralSpark","Headbutt+1","Bite","Bite","Bite","Bite","Bite","Cleave","Anger","Shrug It Off"],"relics":["hexamod:SpiritBrand","MerchantsRug","aspiration:IroncladSkillbook","Enchiridion","Orichalcum"],"acts_visited":["Exordium","TheCity"],"potions_floor_usage":[22],"damage_taken":[{"damage":0,"enemies":"Jaw Worm","floor":1,"turns":4},{"damage":0,"enemies":"Small Slimes","floor":4,"turns":2},{"damage":0,"enemies":"Cultist","floor":5,"turns":3},{"damage":7,"enemies":"Gremlin Nob","floor":7,"turns":3},{"damage":0,"enemies":"2 Fungi Beasts","floor":10,"turns":3},{"damage":0,"enemies":"3 Louse","floor":12,"turns":3},{"damage":4,"enemies":"Looter","floor":13,"turns":3},{"damage":0,"enemies":"Lots of Slimes","floor":14,"turns":3},{"damage":14,"enemies":"Fading Forest","floor":16,"turns":11},{"damage":20,"enemies":"2 Thieves","floor":18,"turns":5},{"damage":0,"enemies":"Chosen","floor":20,"turns":3},{"damage":13,"enemies":"Snake Plant","floor":22,"turns":3},{"damage":15,"enemies":"Snecko","floor":25,"turns":3},{"damage":20,"enemies":"3 Cultists","floor":29,"turns":4},{"damage":29,"enemies":"Centurion and Healer","floor":31,"turns":4}],"seed_played":"3457504444001726678","potions_obtained":[{"floor":7,"key":"Dexterity Potion"},{"floor":10,"key":"BlessingOfTheForge"},{"floor":13,"key":"EssenceOfSteel"},{"floor":14,"key":"champ:CounterPotion"},{"floor":16,"key":"Block Potion"},{"floor":18,"key":"Explosive Potion"},{"floor":20,"key":"Languid Potion"},{"floor":29,"key":"Strength Potion"}],"is_trial":false,"path_per_floor":["M","?","?","M","M","R","E","R","T","M","$","M","M","M","R","B",null,"M","$","M","?","M","?","?","M","T","$","?","M","$","M"],"character_chosen":"THE_SPIRIT","items_purchased":["MerchantsRug","Orichalcum"],"campfire_rested":0,"item_purchase_floors":[11,30],"current_hp_per_floor":[70,70,70,70,70,70,63,63,63,66,66,66,62,62,62,58,73,57,57,61,51,44,28,28,25,25,25,25,17,17,0,0,0],"gold":188,"neow_bonus":"ONE_RANDOM_RARE_CARD","is_daily":false,"chose_seed":false,"campfire_upgraded":3,"win_rate":0.0,"timestamp":1609416381,"path_taken":["M","?","?","M","M","R","E","R","T","M","$","M","M","M","R","BOSS","M","$","M","?","M","?","?","M","T","$","?","M","$","M"],"items_purchased_type":["Relic","Relic"],"build_version":"2020-12-22","purchased_purges":2,"victory":false,"max_hp_per_floor":[70,70,70,70,70,70,70,70,70,73,73,73,73,73,73,73,73,73,73,73,51,51,51,51,51,51,51,51,51,51,51,51,51],"card_choices":[{"not_picked":["hexamod:Hexaguard","hexamod:NightmareStrike"],"picked":"hexamod:ThermalTransfer","floor":1},{"not_picked":["hexamod:GhostLash","hexamod:SpectersWail","hexamod:NightmareStrike"],"picked":"SKIP","floor":4},{"not_picked":["hexamod:GhostLash","hexamod:SpectersWail","hexamod:NightmareStrike"],"picked":"SKIP","floor":4},{"not_picked":["hexamod:Firestarter","hexamod:BacktrackSmack","hexamod:Hexaguard"],"picked":"SKIP","floor":5},{"not_picked":["hexamod:RainOfEmbers","hexamod:NightmareStrike","hexamod:BacktrackSmack"],"picked":"SKIP","floor":7},{"not_picked":["hexamod:FastForward","hexamod:ChargedBarrage"],"picked":"hexamod:ApocalypticArmor","floor":10},{"not_picked":["hexamod:BacktrackSmack","hexamod:GhostLash"],"picked":"hexamod:DynamicBlow","floor":12},{"not_picked":["hexamod:SwordOfDarkness","hexamod:GhostLash"],"picked":"hexamod:Again","floor":13},{"not_picked":["hexamod:PowerFromBeyond","hexamod:GhostLash","hexamod:AdvancingGuard"],"picked":"SKIP","floor":14},{"not_picked":["hexamod:TurnItUp","hexamod:CrushingStance"],"picked":"hexamod:VolcanoVisage","floor":16},{"not_picked":["Wild Strike+1","Cleave+1","True Grit"],"picked":"hexamod:SpectralSpark","floor":18},{"not_picked":["Blood for Blood+1","hexamod:SoulSteal","Clothesline"],"picked":"Headbutt+1","floor":20},{"not_picked":["Fiend Fire","Body Slam+1","Power Through"],"picked":"Cleave","floor":22},{"not_picked":["Sword Boomerang","Flex","Abandon+1"],"picked":"Anger","floor":25},{"not_picked":["Clothesline","Flex","Twin Strike"],"picked":"Shrug It Off","floor":29}],"player_experience":498394,"relics_obtained":[{"floor":7,"key":"PreservedInsect"},{"floor":9,"key":"Replay:Ringing Soul"},{"floor":23,"key":"Enchiridion"},{"floor":26,"key":"hexamod:SoulOfChaos"}],"event_choices":[{"damage_healed":0,"gold_gain":0,"cards_transformed":["hexamod:Defend"],"player_choice":"Change","damage_taken":0,"max_hp_gain":0,"max_hp_loss":0,"event_name":"Living Wall","floor":2,"gold_loss":0,"cards_obtained":["hexamod:TimeWarp"]},{"damage_healed":0,"gold_gain":0,"player_choice":"Ignored","damage_taken":0,"max_hp_gain":0,"max_hp_loss":0,"event_name":"NoteForYourself","floor":3,"gold_loss":0},{"damage_healed":0,"gold_gain":0,"player_choice":"Became a vampire","damage_taken":0,"max_hp_gain":0,"max_hp_loss":22,"event_name":"Vampires","floor":21,"gold_loss":0,"cards_obtained":["Bite","Bite","Bite","Bite","Bite"]},{"damage_healed":0,"gold_gain":0,"player_choice":"Obtained Book","damage_taken":16,"max_hp_gain":0,"max_hp_loss":0,"event_name":"Cursed Tome","floor":23,"gold_loss":0},{"cards_removed":["hexamod:Defend"],"damage_healed":0,"gold_gain":0,"player_choice":"Elegance","damage_taken":0,"max_hp_gain":0,"max_hp_loss":0,"event_name":"Back to Basics","floor":24,"gold_loss":0},{"damage_healed":0,"gold_gain":0,"player_choice":"Upgraded","damage_taken":0,"max_hp_gain":0,"max_hp_loss":0,"event_name":"Upgrade Shrine","floor":28,"gold_loss":0,"cards_upgraded":["hexamod:ApocalypticArmor"]}],"is_beta":false,"boss_relics":[{"not_picked":["Philosopher\u0027s Stone","ChewingGum"],"picked":"aspiration:IroncladSkillbook"}],"items_purged_floors":[11,30],"is_endless":false,"potions_floor_spawned":[7,10,13,14,16,18,20,29],"killed_by":"Centurion and Healer","ascension_level":0}}