{"host":"foq4mrde4mssg7vt","time":1609443009,"event":{"mods":["AchievementEnabler","BaseMod","Colored Map","Colored Powertips","Highlight Path","Minty Spire (QoL Compilation)","Relic Stats","everything is the same but u backflip on backflip"],"gold_per_floor":[111,127,145,145,145,145,174,184,184,184,195,195,33,66,66,140,140,155,105,30,45,45,70,70,70,95,121,221,45,45,45,45,117,117,136,136,60,73,98,98,125,125,125,138,167,167,167,72,72,72,72,72,18,49,49],"floor_reached":56,"playtime":3062,"items_purged":["Strike_G","Strike_G"],"score":2255,"play_id":"7af9c16e-c341-4d6a-88e1-a77a6d881132","local_time":"20210101033009","is_ascension_mode":true,"campfire_choices":[{"data":"After Image","floor":6.0,"key":"SMITH"},{"data":"Neutralize","floor":10.0,"key":"SMITH"},{"floor":12.0,"key":"REST"},{"data":"Dash","floor":15.0,"key":"SMITH"},{"floor":24.0,"key":"REST"},{"floor":30.0,"key":"REST"},{"data":"Ghostly","floor":32.0,"key":"SMITH"},{"data":"Ghostly","floor":40,"key":"SMITH"},{"data":"Burst","floor":47,"key":"SMITH"},{"floor":49,"key":"RECALL"},{"data":"Ghostly","floor":52,"key":"SMITH"}],"circlet_count":0,"master_deck":["AscendersBane","Defend_G","Defend_G","Defend_G","Defend_G","Defend_G","Survivor","Neutralize+1","After Image+1","Poisoned Stab","Blade Dance","Dagger Throw","Dash+1","PiercingWail+1","Deadly Poison+1","Wraith Form v2+1","Adrenaline+1","Finisher+1","Die Die Die+1","Cloak And Dagger","Burst+1","Footwork","Ghostly+1","Ghostly+1","Ghostly+1","Wraith Form v2","Deflect","Calculated Gamble","Tactician","Catalyst","Noxious Fumes","PiercingWail"],"relics":["Ring of the Snake","Mercury Hourglass","CaptainsWheel","Torii","TwistedFunnel","War Paint","Astrolabe","Paper Crane","Snake Skull","Tough Bandages","Ninja Scroll","Runic Pyramid","Mango","Nunchaku","Pen Nib","Bronze Scales","Orichalcum"],"acts_visited":["Exordium","TheCity","TheBeyond","TheEnding"],"potions_floor_usage":[33,55,55],"damage_taken":[{"damage":14.0,"enemies":"Jaw Worm","floor":1.0,"turns":8.0},{"damage":0.0,"enemies":"Small Slimes","floor":2.0,"turns":4.0},{"damage":0.0,"enemies":"Cultist","floor":3.0,"turns":3.0},{"damage":4.0,"enemies":"Lagavulin","floor":7.0,"turns":7.0},{"damage":3.0,"enemies":"Lots of Slimes","floor":8.0,"turns":4.0},{"damage":8.0,"enemies":"Large Slime","floor":11.0,"turns":5.0},{"damage":1.0,"enemies":"Gremlin Nob","floor":14.0,"turns":4.0},{"damage":3.0,"enemies":"The Guardian","floor":16.0,"turns":9.0},{"damage":12.0,"enemies":"3 Byrds","floor":18.0,"turns":3.0},{"damage":12.0,"enemies":"Shell Parasite","floor":21.0,"turns":6.0},{"damage":6.0,"enemies":"Book of Stabbing","floor":23.0,"turns":6.0},{"damage":1.0,"enemies":"Slavers","floor":27.0,"turns":5.0},{"damage":13.0,"enemies":"Colosseum Slavers","floor":28.0,"turns":3.0},{"damage":7.0,"enemies":"Colosseum Nobs","floor":28.0,"turns":4.0},{"damage":0,"enemies":"Collector","floor":33,"turns":12},{"damage":12,"enemies":"3 Shapes","floor":35,"turns":2},{"damage":3,"enemies":"3 Darklings","floor":38,"turns":5},{"damage":0,"enemies":"Mind Bloom Boss Battle","floor":39,"turns":8},{"damage":0,"enemies":"Nemesis","floor":41,"turns":8},{"damage":0,"enemies":"Maw","floor":44,"turns":9},{"damage":0,"enemies":"Giant Head","floor":45,"turns":11},{"damage":7,"enemies":"Awakened One","floor":50,"turns":14},{"damage":0,"enemies":"Shield and Spear","floor":54,"turns":8},{"damage":1,"enemies":"The Heart","floor":55,"turns":9}],"seed_played":"8546253869245413644","potions_obtained":[{"floor":1.0,"key":"ColorlessPotion"},{"floor":5.0,"key":"FearPotion"},{"floor":5.0,"key":"EssenceOfSteel"},{"floor":8.0,"key":"Poison Potion"},{"floor":14.0,"key":"BlessingOfTheForge"},{"floor":23.0,"key":"DuplicationPotion"},{"floor":33,"key":"SteroidPotion"}],"is_trial":false,"path_per_floor":["M","M","M","?","?","R","E","M","T","R","M","R","$","E","R","B",null,"M","?","$","M","$","E","R","$","T","E","?","$","R","?","R","B",null,"M","?","$","M","?","R","E","$","T","M","E","?","R","$","R","B",null,"R","$","E","B",null],"character_chosen":"THE_SILENT","items_purchased":["TwistedFunnel","Footwork","Calculated Gamble","Noxious Fumes","PiercingWail","Block Potion"],"campfire_rested":3,"item_purchase_floors":[13,29,37,48,48,53],"current_hp_per_floor":[45,45,45,40,40,40,36,33,33,33,25,43,43,42,42,39,55,43,43,43,31,31,25,43,43,43,42,22,22,40,30,30,30,30,18,18,18,15,29,29,29,29,29,29,29,29,29,29,29,22,37,37,37,37,36],"gold":49,"neow_bonus":"THREE_RARE_CARDS","is_daily":false,"chose_seed":false,"campfire_upgraded":7,"win_rate":0.0,"timestamp":1609443009,"path_taken":["M","M","M","?","?","R","E","M","T","R","?","R","?","E","R","BOSS","M","?","$","?","?","E","R","$","T","E","?","$","R","?","R","BOSS","M","?","$","?","?","R","E","?","T","M","E","?","R","$","R","BOSS","R","$","E","BOSS"],"items_purchased_type":["Relic","Card","Card","Card","Card","Potion"],"build_version":"2020-12-22","purchased_purges":2,"victory":true,"max_hp_per_floor":[60,60,60,60,60,60,60,60,60,60,60,60,60,60,60,60,60,60,60,60,60,60,60,60,60,60,60,60,60,60,30,30,30,30,30,30,30,30,44,44,44,44,44,44,44,42,42,42,42,42,42,42,42,42,42],"relic_stats":{"Torii":39,"counters":[24,155],"Astrolabe":["Adrenaline","Finisher","Die Die Die"],"Snake Skull":[95],"Pen Nib":[9],"War Paint":["Deadly Poison","PiercingWail"],"Orichalcum":[12],"Mercury Hourglass":[577],"Tough Bandages":[192],"Nunchaku":[9],"Bronze Scales":[212],"obtain_stats":[{"TwistedFunnel":13,"Torii":9,"Astrolabe":17,"Mango":39,"Snake Skull":27,"Pen Nib":43,"War Paint":14,"Paper Crane":23,"Orichalcum":54,"Mercury Hourglass":4,"CaptainsWheel":7,"Tough Bandages":28,"Nunchaku":41,"Ninja Scroll":28,"Bronze Scales":45,"Ring of the Snake":0,"Runic Pyramid":34},{"TwistedFunnel":6,"Torii":5,"Astrolabe":8,"Mango":18,"Snake Skull":12,"Pen Nib":19,"War Paint":7,"Paper Crane":11,"Orichalcum":23,"Mercury Hourglass":3,"CaptainsWheel":4,"Tough Bandages":14,"Nunchaku":19,"Ninja Scroll":14,"Bronze Scales":21,"Ring of the Snake":0,"Runic Pyramid":15},{"TwistedFunnel":30,"Torii":25,"Astrolabe":43,"Mango":97,"Snake Skull":63,"Pen Nib":104,"War Paint":34,"Paper Crane":58,"Orichalcum":146,"Mercury Hourglass":15,"CaptainsWheel":22,"Tough Bandages":70,"Nunchaku":104,"Ninja Scroll":70,"Bronze Scales":124,"Ring of the Snake":0,"Runic Pyramid":82}],"Ring of the Snake":[48]},"card_choices":[{"not_picked":["Tools of the Trade","Envenom"],"picked":"After Image","floor":0.0},{"not_picked":["Caltrops","Well Laid Plans"],"picked":"Poisoned Stab","floor":1.0},{"not_picked":["Eviscerate","Heel Hook"],"picked":"Blade Dance","floor":2.0},{"not_picked":["Cloak And Dagger","Accuracy"],"picked":"Dagger Throw","floor":3.0},{"not_picked":["Slice","Acrobatics"],"picked":"Dash","floor":7.0},{"not_picked":["Deflect","Dagger Spray"],"picked":"PiercingWail","floor":8.0},{"not_picked":["Escape Plan","Dagger Throw"],"picked":"Deadly Poison","floor":11.0},{"not_picked":["Backstab","Dagger Spray","Quick Slash"],"picked":"SKIP","floor":14.0},{"not_picked":["Venomology","Bullet Time"],"picked":"Wraith Form v2","floor":16.0},{"not_picked":["Deflect","Acrobatics"],"picked":"Cloak And Dagger","floor":18.0},{"not_picked":["Underhanded Strike","Choke","Prepared"],"picked":"SKIP","floor":21.0},{"not_picked":["Flying Knee","Dodge and Roll","Sucker Punch"],"picked":"SKIP","floor":23.0},{"not_picked":["Bouncing Flask","Dagger Throw","Expertise+1"],"picked":"SKIP","floor":27.0},{"not_picked":["Flying Knee","Concentrate"],"picked":"Burst","floor":28.0},{"not_picked":["Storm of Steel","Malaise"],"picked":"Wraith Form v2","floor":33},{"not_picked":["Sucker Punch","Backflip"],"picked":"Deflect","floor":35},{"not_picked":["Deadly Poison","Skewer+1","Sucker Punch+1"],"picked":"SKIP","floor":38},{"not_picked":["Distraction","Wraith Form v2"],"picked":"Tactician","floor":39},{"not_picked":["Blade Dance+1","Prepared+1"],"picked":"Catalyst","floor":41},{"not_picked":["Dodge and Roll","Acrobatics","Heel Hook"],"picked":"SKIP","floor":44},{"not_picked":["Choke","PiercingWail","Flying Knee+1"],"picked":"SKIP","floor":45},{"not_picked":["Backflip","Tactician","Sucker Punch"],"picked":"SKIP","floor":54}],"player_experience":349669,"relics_obtained":[{"floor":7.0,"key":"CaptainsWheel"},{"floor":9.0,"key":"Torii"},{"floor":14.0,"key":"War Paint"},{"floor":23.0,"key":"Paper Crane"},{"floor":27.0,"key":"Snake Skull"},{"floor":28.0,"key":"Tough Bandages"},{"floor":28.0,"key":"Ninja Scroll"},{"floor":39,"key":"Mango"},{"floor":41,"key":"Nunchaku"},{"floor":43,"key":"Pen Nib"},{"floor":45,"key":"Bronze Scales"},{"floor":54,"key":"Orichalcum"}],"event_choices":[{"damage_healed":0.0,"max_hp_gain":0.0,"max_hp_loss":0.0,"gold_gain":0.0,"event_name":"Scrap Ooze","player_choice":"Success","floor":4.0,"gold_loss":0.0,"damage_taken":5.0,"relics_obtained":["Mercury Hourglass"]},{"damage_healed":0.0,"max_hp_gain":0.0,"max_hp_loss":0.0,"gold_gain":0.0,"event_name":"Lab","player_choice":"Got Potions","floor":5.0,"gold_loss":0.0,"damage_taken":0.0},{"damage_healed":0.0,"max_hp_gain":0.0,"max_hp_loss":0.0,"gold_gain":0.0,"event_name":"Designer","player_choice":"Upgrade","floor":19.0,"gold_loss":50.0,"damage_taken":0.0,"cards_upgraded":["Wraith Form v2"]},{"damage_healed":0.0,"max_hp_gain":0.0,"max_hp_loss":0.0,"gold_gain":0.0,"event_name":"Colosseum","player_choice":"Fight","floor":28.0,"gold_loss":0.0,"damage_taken":0.0},{"damage_healed":0.0,"max_hp_gain":0.0,"max_hp_loss":0.0,"gold_gain":0.0,"event_name":"Colosseum","player_choice":"Fought Nobs","floor":28.0,"gold_loss":0.0,"damage_taken":0.0},{"damage_healed":0.0,"max_hp_gain":0.0,"max_hp_loss":30.0,"gold_gain":0.0,"event_name":"Ghosts","player_choice":"Became a Ghost","floor":31.0,"gold_loss":0.0,"damage_taken":0.0,"cards_obtained":["Ghostly","Ghostly","Ghostly"]},{"damage_healed":0,"gold_gain":0,"player_choice":"0 cards matched","damage_taken":0,"max_hp_gain":0,"max_hp_loss":0,"event_name":"Match and Keep!","floor":36,"gold_loss":0,"cards_obtained":[]},{"damage_healed":0,"gold_gain":0,"player_choice":"Fight","damage_taken":0,"max_hp_gain":0,"max_hp_loss":0,"event_name":"MindBloom","floor":39,"gold_loss":0},{"damage_healed":0,"gold_gain":0,"player_choice":"Max HP","damage_taken":0,"max_hp_gain":0,"max_hp_loss":2,"event_name":"Winding Halls","floor":46,"gold_loss":0}],"is_beta":false,"boss_relics":[{"not_picked":["Runic Dome","Snecko Eye"],"picked":"Astrolabe"},{"not_picked":["Tiny House","Pandora\u0027s Box"],"picked":"Runic Pyramid"}],"items_purged_floors":[20,29],"is_endless":false,"potions_floor_spawned":[1,8,11,14,23,27,28,33,35,41,45],"ascension_level":17}}