{"host":"3jjxuhjpio8e4zkv","time":1609381694,"event":{"mods":["BaseMod","Colored Map","Highlight Path","Minty Spire (QoL Compilation)","Permanent Neow","Relic Stats","StSLib"],"gold_per_floor":[18,18,34,49,72,72,72,106,106,106,129,129,142,167,167,167,167],"floor_reached":16,"playtime":617,"items_purged":[],"score":208,"play_id":"e132b601-eb2e-4242-93a3-5c8074f0da3e","local_time":"20201230212814","is_ascension_mode":true,"campfire_choices":[{"data":"Dagger Spray","floor":6.0,"key":"SMITH"},{"data":"Predator","floor":10.0,"key":"SMITH"},{"data":"Cloak And Dagger","floor":12.0,"key":"SMITH"},{"data":"Caltrops","floor":15.0,"key":"SMITH"}],"circlet_count":0,"master_deck":["AscendersBane","Strike_G","Strike_G","Strike_G","Strike_G","Defend_G","Defend_G","Defend_G","Defend_G","Survivor","Neutralize","Deflect","Cloak And Dagger+1","Dagger Spray+1","Caltrops+1","Backstab+1","Predator+1","Deflect+1","Blade Dance+1","Setup+1"],"relics":["Ring of the Snake","Golden Idol","Oddly Smooth Stone","Toxic Egg 2"],"acts_visited":["Exordium"],"potions_floor_usage":[16,16],"damage_taken":[{"damage":0.0,"enemies":"2 Louse","floor":1.0,"turns":4.0},{"damage":1.0,"enemies":"Small Slimes","floor":3.0,"turns":4.0},{"damage":0.0,"enemies":"Cultist","floor":4.0,"turns":4.0},{"damage":2.0,"enemies":"Lots of Slimes","floor":5.0,"turns":3.0},{"damage":16.0,"enemies":"3 Sentries","floor":8.0,"turns":6.0},{"damage":0.0,"enemies":"Red Slaver","floor":11.0,"turns":4.0},{"damage":0.0,"enemies":"Looter","floor":13.0,"turns":2.0},{"damage":2.0,"enemies":"Large Slime","floor":14.0,"turns":3.0},{"damage":16,"enemies":"Hexaghost","floor":16,"turns":7}],"seed_played":"4898915375186434249","potions_obtained":[{"floor":3.0,"key":"Energy Potion"},{"floor":5.0,"key":"LiquidBronze"},{"floor":11.0,"key":"SpeedPotion"},{"floor":13.0,"key":"Swift Potion"}],"is_trial":false,"path_per_floor":["M","?","M","M","M","R","?","E","T","R","M","R","M","M","R","B"],"character_chosen":"THE_SILENT","items_purchased":[],"campfire_rested":0,"item_purchase_floors":[],"current_hp_per_floor":[59,36,35,35,33,33,33,17,17,17,17,17,17,15,15,0,0],"gold":167,"neow_bonus":"TRANSFORM_TWO_CARDS","is_daily":false,"chose_seed":false,"campfire_upgraded":4,"win_rate":0.0,"timestamp":1609381694,"path_taken":["M","?","M","M","M","R","?","E","T","R","M","R","?","M","R","BOSS"],"items_purchased_type":[],"build_version":"2020-12-22","purchased_purges":0,"victory":false,"max_hp_per_floor":[66,66,66,66,66,66,66,66,66,66,66,66,66,66,66,66,66],"relic_stats":{"counters":[9,37],"Golden Idol":31,"obtain_stats":[{"Golden Idol":2,"Oddly Smooth Stone":8,"Toxic Egg 2":9,"Ring of the Snake":0},{"Golden Idol":1,"Oddly Smooth Stone":5,"Toxic Egg 2":5,"Ring of the Snake":0},{"Golden Idol":4,"Oddly Smooth Stone":21,"Toxic Egg 2":21,"Ring of the Snake":0}],"Ring of the Snake":[18]},"card_choices":[{"not_picked":["Deadly Poison","Infinite Blades"],"picked":"Dagger Spray","floor":1.0},{"not_picked":["Underhanded Strike","Slice"],"picked":"Caltrops","floor":3.0},{"not_picked":["Expertise","Riddle With Holes","Bane"],"picked":"SKIP","floor":4.0},{"not_picked":["Underhanded Strike","Dodge and Roll"],"picked":"Backstab","floor":5.0},{"not_picked":["Noxious Fumes","Expertise"],"picked":"Predator","floor":8.0},{"not_picked":["Outmaneuver+1","Skewer"],"picked":"Deflect+1","floor":11.0},{"not_picked":["Predator","Underhanded Strike"],"picked":"Blade Dance+1","floor":13.0},{"not_picked":["Poisoned Stab","Riddle With Holes"],"picked":"Setup+1","floor":14.0}],"player_experience":1147861,"relics_obtained":[{"floor":8.0,"key":"Oddly Smooth Stone"},{"floor":9.0,"key":"Toxic Egg 2"}],"event_choices":[{"damage_healed":0.0,"max_hp_gain":0.0,"max_hp_loss":0.0,"gold_gain":0.0,"event_name":"Golden Idol","player_choice":"Take Damage","floor":2.0,"gold_loss":0.0,"damage_taken":23.0,"relics_obtained":["Golden Idol"]},{"damage_healed":0.0,"max_hp_gain":0.0,"max_hp_loss":0.0,"gold_gain":0.0,"event_name":"Upgrade Shrine","player_choice":"Upgraded","floor":7.0,"gold_loss":0.0,"damage_taken":0.0,"cards_upgraded":["Backstab"]}],"is_beta":false,"boss_relics":[],"items_purged_floors":[],"is_endless":false,"potions_floor_spawned":[3,5,11,13,14],"killed_by":"Hexaghost","ascension_level":20}}