{"host":"z9811rt50ti81n54","time":1609405465,"event":{"mods":["BaseMod","Minty Spire (QoL Compilation)","Relic Stats"],"gold_per_floor":[118,118,135,152,167,201,201,201,224,239,264,279,279,311,311,412,412,412,187,187,187,18,18,18,18,18,18,18,18,18,18,18,18,18,18,18,18],"floor_reached":38,"playtime":981,"items_purged":["Strike_P","Strike_P"],"score":865,"play_id":"ed6cf6f6-d66a-4941-bfdf-8c8703da5d2c","local_time":"20201231180425","is_ascension_mode":true,"campfire_choices":[{"data":"Judgement","floor":7.0,"key":"SMITH"},{"data":"Eruption","floor":13.0,"key":"SMITH"},{"data":"Ragnarok","floor":15.0,"key":"SMITH"},{"data":"Blasphemy","floor":23.0,"key":"SMITH"},{"data":"Ragnarok","floor":32,"key":"SMITH"}],"circlet_count":0,"master_deck":["Strike_P","Strike_P+1","Defend_P","Defend_P","Defend_P","Defend_P","Eruption+1","Vigilance","JustLucky","SandsOfTime+1","CutThroughFate","TalkToTheHand","Judgement+1","WheelKick","Brilliance","LikeWater","Ragnarok+1","Blasphemy+1","ClearTheMind+1","TalkToTheHand","Necronomicurse","Devotion","Ragnarok+1","RitualDagger","Ragnarok"],"relics":["HolyWater","PreservedInsect","Pen Nib","Bag of Preparation","Regal Pillow","InkBottle","Ectoplasm","Medical Kit","Pear","Necronomicon","Mummified Hand","Boot","Whetstone"],"acts_visited":["Exordium","TheCity","TheBeyond"],"potions_floor_usage":[37,37,37],"damage_taken":[{"damage":2.0,"enemies":"2 Louse","floor":1.0,"turns":2.0},{"damage":0.0,"enemies":"Cultist","floor":3.0,"turns":3.0},{"damage":2.0,"enemies":"Small Slimes","floor":4.0,"turns":2.0},{"damage":4.0,"enemies":"3 Louse","floor":5.0,"turns":5.0},{"damage":14.0,"enemies":"Gremlin Nob","floor":6.0,"turns":4.0},{"damage":3.0,"enemies":"Gremlin Gang","floor":10.0,"turns":4.0},{"damage":0.0,"enemies":"3 Sentries","floor":11.0,"turns":4.0},{"damage":0.0,"enemies":"Blue Slaver","floor":12.0,"turns":1.0},{"damage":7.0,"enemies":"Lagavulin","floor":14.0,"turns":4.0},{"damage":26.0,"enemies":"Hexaghost","floor":16.0,"turns":7.0},{"damage":0.0,"enemies":"Spheric Guardian","floor":18.0,"turns":2.0},{"damage":0.0,"enemies":"3 Byrds","floor":21.0,"turns":2.0},{"damage":0.0,"enemies":"Gremlin Leader","floor":24.0,"turns":1.0},{"damage":0.0,"enemies":"Snecko","floor":27.0,"turns":1.0},{"damage":0.0,"enemies":"Book of Stabbing","floor":28.0,"turns":1.0},{"damage":0.0,"enemies":"Centurion and Healer","floor":29.0,"turns":1.0},{"damage":0.0,"enemies":"Gremlin Leader","floor":30.0,"turns":2.0},{"damage":0,"enemies":"Champ","floor":33,"turns":4},{"damage":0,"enemies":"3 Shapes","floor":35,"turns":1},{"damage":32,"enemies":"Donu and Deca","floor":37,"turns":5}],"seed_played":"-8215877549193645553","potions_obtained":[{"floor":3.0,"key":"Ancient Potion"},{"floor":6.0,"key":"FairyPotion"},{"floor":8.0,"key":"FairyPotion"},{"floor":10.0,"key":"Ancient Potion"},{"floor":14.0,"key":"Regen Potion"},{"floor":16.0,"key":"SteroidPotion"}],"is_trial":false,"path_per_floor":["M","?","M","M","M","E","R","?","T","M","E","M","R","E","R","B",null,"M","$","?","M","$","R","E","?","T","M","E","M","E","?","R","B",null,"M","?","B",null],"character_chosen":"WATCHER","items_purchased":["Medical Kit","TalkToTheHand"],"campfire_rested":0,"item_purchase_floors":[19,22],"current_hp_per_floor":[70,75,75,73,69,55,55,55,55,52,52,52,52,45,45,19,77,77,77,77,77,77,77,87,71,71,71,71,71,71,65,65,65,87,87,87,60],"gold":18,"neow_bonus":"RANDOM_COMMON_RELIC","is_daily":false,"chose_seed":false,"campfire_upgraded":5,"win_rate":0.0,"timestamp":1609405465,"path_taken":["M","?","M","M","M","E","R","?","T","M","E","?","R","E","R","BOSS","M","$","?","M","$","R","E","?","T","M","E","M","E","?","R","BOSS","M","?","BOSS"],"items_purchased_type":["Relic","Card"],"build_version":"2020-12-22","purchased_purges":2,"victory":true,"max_hp_per_floor":[72,77,77,77,77,77,77,77,77,77,77,77,77,77,77,77,77,77,77,77,77,77,77,87,87,87,87,87,87,87,87,87,87,87,87,87,87],"relic_stats":{"Regal Pillow":0,"counters":[20,56],"PreservedInsect":218,"Pen Nib":[9],"Bag of Preparation":[30],"Whetstone":["Strike_P","SandsOfTime"],"Medical Kit":[1],"Boot":[7],"Mummified Hand":[8],"Ectoplasm":277,"Necronomicon":[13],"obtain_stats":[{"Regal Pillow":11,"Pear":24,"PreservedInsect":0,"Pen Nib":6,"Bag of Preparation":9,"Whetstone":30,"Medical Kit":19,"Boot":28,"Mummified Hand":26,"HolyWater":34,"Ectoplasm":17,"Necronomicon":25,"PureWater":0,"InkBottle":14},{"Regal Pillow":7,"Pear":13,"PreservedInsect":0,"Pen Nib":5,"Bag of Preparation":5,"Whetstone":17,"Medical Kit":11,"Boot":15,"Mummified Hand":13,"HolyWater":18,"Ectoplasm":10,"Necronomicon":13,"PureWater":0,"InkBottle":9},{"Regal Pillow":24,"Pear":41,"PreservedInsect":0,"Pen Nib":16,"Bag of Preparation":16,"Whetstone":46,"Medical Kit":38,"Boot":43,"Mummified Hand":41,"HolyWater":50,"Ectoplasm":36,"Necronomicon":41,"PureWater":0,"InkBottle":29}],"InkBottle":[9]},"card_choices":[{"not_picked":["ThirdEye","SashWhip"],"picked":"JustLucky","floor":1.0},{"not_picked":["Adaptation","CrushJoints"],"picked":"SandsOfTime","floor":3.0},{"not_picked":["FlurryOfBlows","JustLucky"],"picked":"CutThroughFate","floor":4.0},{"not_picked":["Halt","ThirdEye"],"picked":"TalkToTheHand","floor":5.0},{"not_picked":["WheelKick","Prostrate"],"picked":"Judgement","floor":6.0},{"not_picked":["Pray","FollowUp"],"picked":"WheelKick","floor":10.0},{"not_picked":["ReachHeaven","SignatureMove"],"picked":"Brilliance","floor":11.0},{"not_picked":["ThirdEye","EmptyBody"],"picked":"LikeWater","floor":12.0},{"not_picked":["CrushJoints","ForeignInfluence"],"picked":"Ragnarok","floor":14.0},{"not_picked":["Judgement","MasterReality"],"picked":"Blasphemy","floor":16.0},{"not_picked":["JustLucky+1","SandsOfTime+1","BattleHymn"],"picked":"SKIP","floor":18.0},{"not_picked":["EmptyFist","Consecrate"],"picked":"ClearTheMind+1","floor":21.0},{"not_picked":["LikeWater","Crescendo","SashWhip+1"],"picked":"SKIP","floor":24.0},{"not_picked":["EmptyMind","BowlingBash","Wireheading"],"picked":"SKIP","floor":27.0},{"not_picked":["Fasting2","WheelKick","InnerPeace"],"picked":"SKIP","floor":28.0},{"not_picked":["PathToVictory","JustLucky"],"picked":"Devotion","floor":29.0},{"not_picked":["FlurryOfBlows+1","SandsOfTime"],"picked":"Ragnarok","floor":30.0},{"not_picked":["MasterReality","Judgement"],"picked":"Ragnarok","floor":33},{"not_picked":["FollowUp","Protect","SignatureMove"],"picked":"SKIP","floor":35}],"player_experience":260908,"relics_obtained":[{"floor":6.0,"key":"Pen Nib"},{"floor":9.0,"key":"Bag of Preparation"},{"floor":11.0,"key":"Regal Pillow"},{"floor":14.0,"key":"InkBottle"},{"floor":24.0,"key":"Pear"},{"floor":25.0,"key":"Necronomicon"},{"floor":26.0,"key":"Mummified Hand"},{"floor":28.0,"key":"Boot"},{"floor":30.0,"key":"Whetstone"}],"event_choices":[{"damage_healed":0.0,"max_hp_gain":5.0,"max_hp_loss":0.0,"gold_gain":0.0,"event_name":"Big Fish","player_choice":"Donut","floor":2.0,"gold_loss":0.0,"damage_taken":0.0},{"damage_healed":0.0,"max_hp_gain":0.0,"max_hp_loss":0.0,"gold_gain":0.0,"event_name":"Lab","player_choice":"Got Potions","floor":8.0,"gold_loss":0.0,"damage_taken":0.0},{"damage_healed":0.0,"max_hp_gain":0.0,"max_hp_loss":0.0,"gold_gain":0.0,"event_name":"Vampires","player_choice":"Ignored","floor":20.0,"gold_loss":0.0,"damage_taken":0.0},{"damage_healed":0.0,"max_hp_gain":0.0,"max_hp_loss":0.0,"gold_gain":0.0,"event_name":"Cursed Tome","player_choice":"Obtained Book","floor":25.0,"gold_loss":0.0,"damage_taken":16.0},{"damage_healed":0,"gold_gain":0,"player_choice":"Joined the Cult","damage_taken":6,"max_hp_gain":0,"max_hp_loss":0,"event_name":"Nest","floor":31,"gold_loss":0,"cards_obtained":["RitualDagger"]},{"damage_healed":0,"gold_gain":0,"player_choice":"Took Portal","damage_taken":0,"max_hp_gain":0,"max_hp_loss":0,"event_name":"SecretPortal","floor":36,"gold_loss":0}],"is_beta":false,"boss_relics":[{"not_picked":["Empty Cage","Astrolabe"],"picked":"Ectoplasm"},{"not_picked":["Black Star","Sozu"],"picked":"HolyWater"}],"items_purged_floors":[19,22],"is_endless":false,"potions_floor_spawned":[3,6,10,11,14,16,18,21,27,29,33],"ascension_level":1}}