{"host":"mqhvlr3kpxebko0t","time":1609425569,"event":{"mods":["AchievementEnabler","BaseMod","Colored Map","Colored Powertips","KOR Keyword Fix","Keyboard Shortcuts","Minty Spire (QoL Compilation)","StSLib","SuperFastMode"],"gold_per_floor":[112,112,112,112,112,112,145,145,199,212,212,230,248,272,272,366,366,390,275,295,313,329,329,329],"floor_reached":23,"playtime":321,"items_purged":["Strike_B"],"score":382,"play_id":"0fe10568-5c00-49d8-ab46-faf19363b77a","local_time":"20201231233929","is_ascension_mode":true,"campfire_choices":[{"data":"Zap","floor":6.0,"key":"SMITH"},{"data":"Sweeping Beam","floor":8.0,"key":"SMITH"},{"data":"Coolheaded","floor":11.0,"key":"SMITH"},{"data":"Coolheaded","floor":15.0,"key":"SMITH"}],"circlet_count":0,"master_deck":["AscendersBane","Strike_B","Defend_B+1","Defend_B","Defend_B","Defend_B","Zap+1","Dualcast","Sweeping Beam+1","All For One+1","Coolheaded+1","Coolheaded+1","Streamline","FTL","Biased Cognition","Gash","Defragment","White Noise"],"relics":["Cracked Core","NeowsBlessing","Golden Idol","DataDisk","Blood Vial","Fusion Hammer"],"acts_visited":["Exordium","TheCity"],"potions_floor_usage":[],"damage_taken":[{"damage":0.0,"enemies":"Cultist","floor":1.0,"turns":1.0},{"damage":0.0,"enemies":"3 Sentries","floor":7.0,"turns":1.0},{"damage":0.0,"enemies":"Jaw Worm","floor":10.0,"turns":1.0},{"damage":2.0,"enemies":"Small Slimes","floor":12.0,"turns":2.0},{"damage":6.0,"enemies":"3 Louse","floor":13.0,"turns":2.0},{"damage":0.0,"enemies":"Gremlin Gang","floor":14.0,"turns":2.0},{"damage":25.0,"enemies":"Slime Boss","floor":16.0,"turns":7.0},{"damage":9.0,"enemies":"Shell Parasite","floor":18.0,"turns":3.0},{"damage":0,"enemies":"Chosen","floor":20,"turns":3},{"damage":36,"enemies":"Shelled Parasite and Fungi","floor":21,"turns":4},{"damage":0,"enemies":"Sentry and Sphere","floor":22,"turns":5},{"damage":16,"enemies":"Slavers","floor":23,"turns":1}],"seed_played":"4821973004487071581","potions_obtained":[{"floor":12.0,"key":"SneckoOil"},{"floor":14.0,"key":"PowerPotion"},{"floor":16.0,"key":"PotionOfCapacity"},{"floor":18,"key":"BlessingOfTheForge"},{"floor":21,"key":"Energy Potion"}],"is_trial":false,"path_per_floor":["M","?","?","?","?","R","E","R","T","M","R","M","M","M","R","B",null,"M","$","M","M","M","E"],"character_chosen":"DEFECT","items_purchased":["Defragment"],"campfire_rested":0,"item_purchase_floors":[19],"current_hp_per_floor":[64,64,57,36,36,36,36,36,36,38,38,38,34,36,36,13,51,44,44,46,12,14,0,0],"gold":329,"neow_bonus":"THREE_ENEMY_KILL","is_daily":false,"chose_seed":false,"campfire_upgraded":4,"win_rate":0.0,"timestamp":1609425569,"path_taken":["M","?","?","?","?","R","E","R","T","M","R","M","M","M","R","BOSS","M","$","M","M","M","E"],"items_purchased_type":["Card"],"build_version":"2020-12-22","purchased_purges":1,"victory":false,"max_hp_per_floor":[71,71,71,71,64,64,64,64,64,64,64,64,64,64,64,64,64,64,64,64,64,64,64,64],"card_choices":[{"not_picked":["Streamline","Beam Cell"],"picked":"Sweeping Beam","floor":1.0},{"not_picked":["Stack","Undo","Rip and Tear"],"picked":"SKIP","floor":7.0},{"not_picked":["Undo","Stack"],"picked":"Coolheaded","floor":10.0},{"not_picked":["Hello World","Sweeping Beam"],"picked":"Coolheaded","floor":12.0},{"not_picked":["Steam","Auto Shields"],"picked":"Streamline","floor":13.0},{"not_picked":["Skim","Sweeping Beam"],"picked":"FTL","floor":14.0},{"not_picked":["Echo Form","Buffer"],"picked":"Biased Cognition","floor":16.0},{"not_picked":["Ball Lightning","Cold Snap+1"],"picked":"Gash","floor":18},{"not_picked":["Double Energy","Static Discharge","Genetic Algorithm+1"],"picked":"SKIP","floor":20},{"not_picked":["Rip and Tear","Beam Cell+1","Hologram"],"picked":"SKIP","floor":21},{"not_picked":["Streamline","White Noise","Double Energy"],"picked":"SKIP","floor":22},{"not_picked":["Streamline","Double Energy"],"picked":"White Noise","floor":22}],"player_experience":686452,"relics_obtained":[{"floor":7.0,"key":"DataDisk"},{"floor":9.0,"key":"Blood Vial"}],"event_choices":[{"damage_healed":0.0,"max_hp_gain":0.0,"max_hp_loss":0.0,"gold_gain":0.0,"cards_transformed":["Strike_B"],"event_name":"Living Wall","player_choice":"Change","floor":2.0,"gold_loss":0.0,"damage_taken":0.0,"cards_obtained":["All For One"]},{"cards_removed":["Strike_B"],"damage_healed":0.0,"max_hp_gain":0.0,"max_hp_loss":0.0,"gold_gain":0.0,"event_name":"Golden Wing","player_choice":"Card Removal","floor":3.0,"gold_loss":0.0,"damage_taken":7.0},{"damage_healed":0.0,"max_hp_gain":0.0,"max_hp_loss":0.0,"gold_gain":0.0,"event_name":"Shining Light","player_choice":"Entered Light","floor":4.0,"gold_loss":0.0,"damage_taken":21.0,"cards_upgraded":["All For One","Defend_B"]},{"damage_healed":0.0,"max_hp_gain":0.0,"max_hp_loss":7.0,"gold_gain":0.0,"event_name":"Golden Idol","player_choice":"Lose Max HP","floor":5.0,"gold_loss":0.0,"damage_taken":0.0,"relics_obtained":["Golden Idol"]}],"is_beta":false,"boss_relics":[{"not_picked":["Busted Crown","Snecko Eye"],"picked":"Fusion Hammer"}],"items_purged_floors":[19],"is_endless":false,"potions_floor_spawned":[12,14,16,18,21],"killed_by":"Slavers","ascension_level":15}}