{"host":"uzcks4yhskks9i02","time":1609405041,"event":{"mods":["BaseMod","Minty Spire (QoL Compilation)","Quick Restart"],"gold_per_floor":[113,123,46,46,57,88,100,131,131,131,206,240,240,256,256,352,352,365,365,365,316,336,336,368,368,368,400,360,371,371,396,396,499,499,510,510,530,165,0,0,30,40,63,82,82,102,117,149,149,149],"floor_reached":51,"playtime":2835,"items_purged":["Writhe"],"score":1327,"play_id":"abf807cf-0ace-43a2-970a-b24274acc084","local_time":"20201231015721","is_ascension_mode":true,"campfire_choices":[{"floor":10.0,"key":"REST"},{"floor":13.0,"key":"REST"},{"floor":15.0,"key":"REST"},{"floor":23.0,"key":"DIG"},{"floor":25.0,"key":"REST"},{"floor":32.0,"key":"DIG"},{"floor":40.0,"key":"DIG"},{"floor":45.0,"key":"DIG"},{"floor":49.0,"key":"DIG"}],"circlet_count":0,"master_deck":["AscendersBane","Strike_P","Defend_P","Defend_P","Defend_P","Defend_P","Eruption","Vigilance+1","SashWhip+1","WheelKick+1","Vault+1","DevaForm","Adaptation","Consecrate","WheelKick","Protect+1","Wallop","Blasphemy+1","Swivel+1","WheelKick+1","ThirdEye+1","DeusExMachina+1","Protect+1","SashWhip+1","CarveReality+1","WheelKick+1","ForeignInfluence+1","Prostrate+1","Crescendo+1","ConjureBlade+1","DeceiveReality+1","Prostrate+1","Consecrate+1","ReachHeaven","ThirdEye+1","LikeWater+1","DeusExMachina+1","FearNoEvil"],"relics":["PureWater","Peace Pipe","Toy Ornithopter","Toxic Egg 2","TeardropLocket","Shovel","Astrolabe","Bag of Marbles","Pen Nib","Eternal Feather","Ancient Tea Set","War Paint","Bottled Flame","Ginger","Sozu","Lizard Tail","Red Mask","InkBottle","Mercury Hourglass","Dream Catcher","Mummified Hand","Incense Burner","Ornamental Fan"],"acts_visited":["Exordium","TheCity","TheBeyond"],"potions_floor_usage":[],"damage_taken":[{"damage":0.0,"enemies":"Cultist","floor":1.0,"turns":4.0},{"damage":0.0,"enemies":"2 Louse","floor":2.0,"turns":2.0},{"damage":0.0,"enemies":"Small Slimes","floor":5.0,"turns":3.0},{"damage":25.0,"enemies":"3 Sentries","floor":6.0,"turns":5.0},{"damage":16.0,"enemies":"Exordium Wildlife","floor":7.0,"turns":8.0},{"damage":12.0,"enemies":"Gremlin Nob","floor":8.0,"turns":4.0},{"damage":32.0,"enemies":"3 Sentries","floor":12.0,"turns":7.0},{"damage":1.0,"enemies":"Blue Slaver","floor":14.0,"turns":3.0},{"damage":8.0,"enemies":"The Guardian","floor":16.0,"turns":10.0},{"damage":4.0,"enemies":"Shell Parasite","floor":18.0,"turns":6.0},{"damage":6.0,"enemies":"2 Thieves","floor":22.0,"turns":4.0},{"damage":38.0,"enemies":"Book of Stabbing","floor":24.0,"turns":8.0},{"damage":13.0,"enemies":"Gremlin Leader","floor":27.0,"turns":5.0},{"damage":0.0,"enemies":"Shelled Parasite and Fungi","floor":29.0,"turns":1.0},{"damage":0.0,"enemies":"Slavers","floor":31.0,"turns":3.0},{"damage":26.0,"enemies":"Champ","floor":33.0,"turns":9.0},{"damage":15.0,"enemies":"3 Darklings","floor":35.0,"turns":4.0},{"damage":0.0,"enemies":"3 Shapes","floor":37.0,"turns":1.0},{"damage":3.0,"enemies":"Reptomancer","floor":41.0,"turns":3.0},{"damage":2.0,"enemies":"Maw","floor":42.0,"turns":5.0},{"damage":7.0,"enemies":"Spire Growth","floor":44.0,"turns":4.0},{"damage":6.0,"enemies":"Sphere and 2 Shapes","floor":46.0,"turns":4.0},{"damage":23.0,"enemies":"Writhing Mass","floor":47.0,"turns":7.0},{"damage":0.0,"enemies":"Giant Head","floor":48.0,"turns":5.0},{"damage":27,"enemies":"Donu and Deca","floor":50,"turns":8}],"seed_played":"-7211783071079971098","potions_obtained":[{"floor":2.0,"key":"DuplicationPotion"},{"floor":7.0,"key":"FearPotion"},{"floor":8.0,"key":"Swift Potion"},{"floor":14.0,"key":"LiquidMemories"},{"floor":22.0,"key":"Fruit Juice"},{"floor":29.0,"key":"DistilledChaos"},{"floor":33.0,"key":"Dexterity Potion"}],"is_trial":false,"path_per_floor":["M","M","$","?","M","E","M","E","T","R","?","E","R","M","R","B",null,"M","?","?","$","M","R","E","R","T","E","$","M","?","E","R","B",null,"M","?","M","$","?","R","E","M","T","M","R","M","M","E","R","B",null],"character_chosen":"WATCHER","items_purchased":["Vault","Protect+1","ForeignInfluence+1","Lizard Tail"],"campfire_rested":4,"item_purchase_floors":[3,21,28,38],"current_hp_per_floor":[65,65,65,70,70,45,29,22,22,43,32,5,26,25,46,38,62,63,63,63,63,57,57,29,51,51,38,38,38,38,43,61,35,65,50,85,85,85,85,85,82,80,80,73,85,79,56,56,77,50],"gold":149,"neow_bonus":"ONE_RARE_RELIC","is_daily":false,"chose_seed":false,"campfire_upgraded":0,"win_rate":0.0,"timestamp":1609405041,"path_taken":["M","M","$","?","M","E","M","E","T","R","?","E","R","M","R","BOSS","M","?","?","?","M","R","E","R","T","E","$","?","?","E","R","BOSS","M","?","?","?","?","R","E","M","T","M","R","M","?","E","R","BOSS"],"items_purchased_type":["Card","Card","Card","Relic"],"build_version":"2020-12-22","purchased_purges":1,"victory":true,"max_hp_per_floor":[65,65,65,70,70,70,70,70,70,70,70,70,70,70,70,70,70,70,70,70,70,70,70,75,75,75,75,75,75,75,75,75,75,75,75,85,85,85,85,85,85,85,85,85,85,85,85,85,85,85],"card_choices":[{"not_picked":["CrushJoints","EmptyFist"],"picked":"SashWhip","floor":1.0},{"not_picked":["Swivel","Evaluate"],"picked":"WheelKick","floor":2.0},{"not_picked":["LikeWater","PathToVictory"],"picked":"DevaForm","floor":5.0},{"not_picked":["SashWhip","FlurryOfBlows"],"picked":"Adaptation","floor":6.0},{"not_picked":["Evaluate","Crescendo"],"picked":"Consecrate","floor":7.0},{"not_picked":["BowlingBash","CutThroughFate"],"picked":"WheelKick","floor":8.0},{"not_picked":["Conclude","JustLucky"],"picked":"Protect+1","floor":12.0},{"not_picked":["Fasting2","MasterReality"],"picked":"Wallop","floor":14.0},{"not_picked":["Vault+1","Brilliance"],"picked":"Blasphemy+1","floor":16.0},{"not_picked":["PathToVictory+1","JustLucky"],"picked":"ThirdEye+1","floor":18.0},{"not_picked":["BowlingBash","CutThroughFate"],"picked":"SashWhip","floor":22.0},{"not_picked":["EmptyFist+1","Vengeance+1"],"picked":"CarveReality+1","floor":24.0},{"not_picked":["Meditate+1","Weave"],"picked":"WheelKick+1","floor":27.0},{"not_picked":["EmptyBody+1","EmptyFist"],"picked":"Prostrate+1","floor":29.0},{"not_picked":["ThirdEye+1","InnerPeace+1"],"picked":"Crescendo+1","floor":31.0},{"not_picked":["Devotion","Vault+1"],"picked":"ConjureBlade+1","floor":33.0},{"not_picked":["FollowUp+1","EmptyBody+1"],"picked":"DeceiveReality+1","floor":35.0},{"not_picked":["FollowUp","FlurryOfBlows"],"picked":"Prostrate+1","floor":37.0},{"not_picked":["BowlingBash","Nirvana+1"],"picked":"Consecrate+1","floor":41.0},{"not_picked":["SashWhip","Consecrate+1"],"picked":"ReachHeaven","floor":42.0},{"not_picked":["Collect+1","BowlingBash+1"],"picked":"ThirdEye+1","floor":44.0},{"not_picked":["MentalFortress+1","SashWhip+1"],"picked":"LikeWater+1","floor":46.0},{"not_picked":["CrushJoints","Evaluate+1"],"picked":"DeusExMachina+1","floor":47.0},{"not_picked":["Consecrate+1","WheelKick+1"],"picked":"FearNoEvil","floor":48.0}],"player_experience":472376,"relics_obtained":[{"floor":6.0,"key":"Toy Ornithopter"},{"floor":8.0,"key":"Toxic Egg 2"},{"floor":9.0,"key":"TeardropLocket"},{"floor":12.0,"key":"Shovel"},{"floor":23.0,"key":"Bag of Marbles"},{"floor":24.0,"key":"Pen Nib"},{"floor":26.0,"key":"Eternal Feather"},{"floor":27.0,"key":"Ancient Tea Set"},{"floor":31.0,"key":"Bottled Flame"},{"floor":32.0,"key":"Ginger"},{"floor":40.0,"key":"InkBottle"},{"floor":41.0,"key":"Mercury Hourglass"},{"floor":43.0,"key":"Dream Catcher"},{"floor":45.0,"key":"Mummified Hand"},{"floor":48.0,"key":"Incense Burner"},{"floor":49.0,"key":"Ornamental Fan"}],"event_choices":[{"damage_healed":0.0,"max_hp_gain":5.0,"max_hp_loss":0.0,"gold_gain":0.0,"event_name":"Big Fish","player_choice":"Donut","floor":4.0,"gold_loss":0.0,"damage_taken":0.0},{"damage_healed":0.0,"max_hp_gain":0.0,"max_hp_loss":0.0,"gold_gain":75.0,"event_name":"World of Goop","player_choice":"Gather Gold","floor":11.0,"gold_loss":0.0,"damage_taken":11.0},{"damage_healed":0.0,"max_hp_gain":0.0,"max_hp_loss":0.0,"gold_gain":0.0,"event_name":"The Library","player_choice":"Read","floor":19.0,"gold_loss":0.0,"damage_taken":0.0,"cards_obtained":["DeusExMachina"]},{"damage_healed":0.0,"max_hp_gain":0.0,"max_hp_loss":0.0,"gold_gain":0.0,"event_name":"Ghosts","player_choice":"Ignored","floor":20.0,"gold_loss":0.0,"damage_taken":0.0},{"damage_healed":0.0,"max_hp_gain":0.0,"max_hp_loss":0.0,"gold_gain":0.0,"event_name":"The Mausoleum","player_choice":"Opened","floor":30.0,"gold_loss":0.0,"damage_taken":0.0,"relics_obtained":["War Paint"],"cards_obtained":["Writhe"]},{"cards_removed":["LessonLearned"],"damage_healed":25.0,"max_hp_gain":10.0,"max_hp_loss":0.0,"gold_gain":0.0,"event_name":"Bonfire Elementals","player_choice":"Offered Rare","floor":36.0,"gold_loss":0.0,"damage_taken":0.0},{"damage_healed":0.0,"max_hp_gain":0.0,"max_hp_loss":0.0,"gold_gain":0.0,"event_name":"Tomb of Lord Red Mask","player_choice":"Paid","floor":39.0,"gold_loss":165.0,"damage_taken":0.0,"relics_obtained":["Red Mask"]}],"is_beta":false,"boss_relics":[{"not_picked":["Empty Cage","Snecko Eye"],"picked":"Astrolabe"},{"not_picked":["Pandora\u0027s Box","SacredBark"],"picked":"Sozu"}],"items_purged_floors":[38],"is_endless":false,"potions_floor_spawned":[2,7,8,14,22,29,33,35,37,46,47],"ascension_level":11}}