{"host":"5gc11emcm5chfr5t","time":1609374374,"event":{"mods":["2.2 Compatiblity","AchievementEnabler","BaseMod","Bestiary","Better Note","Colored Map","Colored Powertips","Downfall","Googly Eyes","Minty Spire (QoL Compilation)","Rare Cards Sparkle","StSLib"],"gold_per_floor":[112,112,92,107,127,453,463,463,535,53,67,86,86,86,86,165,165,183,211,222,14,14,14,45,55,79,109,122,122,133,152,152,226,226,239,251,251,473,473,473,229,244,269,269,29,60,60,60,60,60,60],"floor_reached":50,"playtime":2004,"items_purged":[],"score":1095,"play_id":"6bfe7cba-3f65-4134-8450-9bdac2987728","local_time":"20201230192614","is_ascension_mode":true,"campfire_choices":[{"floor":13,"key":"REST"},{"floor":15,"key":"REST"},{"floor":23,"key":"RECALL"},{"floor":29,"key":"REST"},{"data":"expansioncontent:DashGenerateEvil","floor":32,"key":"SMITH"},{"floor":40,"key":"REST"},{"floor":44,"key":"REST"},{"floor":47,"key":"REST"},{"floor":49,"key":"REST"}],"circlet_count":0,"master_deck":["AscendersBane","sneckomod:Strike","sneckomod:Strike","sneckomod:Defend","sneckomod:Defend+1","sneckomod:Defend+1","sneckomod:TailWhip","sneckomod:SnekBite","sneckomod:Unknown","sneckomod:Unknown","sneckomod:UnknownVulnerable","sneckomod:IronFang","sneckomod:WideSting","sneckomod:WideSting","sneckomod:UnknownUncommonAttack","expansioncontent:DashGenerateEvil+1","expansioncontent:PrepareCrush+1","sneckomod:QuickBite","sneckomod:SoulRoll","sneckomod:UnknownRarePower","sneckomod:SoulCleanse","sneckomod:SoulDraw","sneckomod:UnknownExhaust","expansioncontent:GuardianWhirl","sneckomod:DiceBlock","sneckomod:QuickMove","sneckomod:UnknownClassBLUE","sneckomod:UnknownEthereal","sneckomod:ImprovisedAttack","sneckomod:QuickMove","sneckomod:CheapStock+1","sneckomod:Transmogrify","sneckomod:SlitherStrike","sneckomod:SnakeSap","Writhe","sneckomod:DangerNoodle","expansioncontent:DashGenerateEvil","sneckomod:SoulRoll","sneckomod:UnknownVulnerable+1","sneckomod:MorePower"],"relics":["sneckomod:SneckoSoul","NeowsBlessing","Strawberry","Red Mask","War Paint","Potion Belt","Juzu Bracelet","Black Star","Snecko Eye","StoneCalendar","Anchor","Membership Card","sneckomod:SuperSneckoEye","Smiling Mask"],"acts_visited":["Exordium","TheCity","TheBeyond"],"potions_floor_usage":[6,7,16,16,24,24,27,30,42,46,46,46,50],"damage_taken":[{"damage":0,"enemies":"2 Louse","floor":1,"turns":1},{"damage":0,"enemies":"Cultist","floor":4,"turns":1},{"damage":0,"enemies":"Jaw Worm","floor":5,"turns":1},{"damage":42,"enemies":"3 Sentries","floor":6,"turns":9},{"damage":27,"enemies":"Exordium Thugs","floor":7,"turns":4},{"damage":0,"enemies":"Gremlin Gang","floor":11,"turns":2},{"damage":1,"enemies":"3 Louse","floor":12,"turns":2},{"damage":50,"enemies":"The Guardian","floor":16,"turns":8},{"damage":16,"enemies":"Shell Parasite","floor":18,"turns":2},{"damage":43,"enemies":"Masked Bandits","floor":19,"turns":5},{"damage":26,"enemies":"3 Byrds","floor":20,"turns":4},{"damage":31,"enemies":"Slavers","floor":24,"turns":3},{"damage":10,"enemies":"Sentry and Sphere","floor":25,"turns":6},{"damage":14,"enemies":"Book of Stabbing","floor":27,"turns":4},{"damage":0,"enemies":"Snake Plant","floor":28,"turns":3},{"damage":0,"enemies":"3 Cultists","floor":30,"turns":4},{"damage":0,"enemies":"Snecko","floor":31,"turns":3},{"damage":57,"enemies":"Collector","floor":33,"turns":7},{"damage":20,"enemies":"3 Darklings","floor":35,"turns":4},{"damage":31,"enemies":"3 Shapes","floor":36,"turns":5},{"damage":47,"enemies":"Sphere and 2 Shapes","floor":42,"turns":6},{"damage":74,"enemies":"Giant Head","floor":46,"turns":8},{"damage":109,"enemies":"Awakened One","floor":50,"turns":6}],"seed_played":"-1125781398597145944","potions_obtained":[{"floor":3,"key":"BlessingOfTheForge"},{"floor":4,"key":"Fruit Juice"},{"floor":7,"key":"BlessingOfTheForge"},{"floor":11,"key":"SkillPotion"},{"floor":20,"key":"LiquidMemories"},{"floor":24,"key":"LiquidBronze"},{"floor":28,"key":"hexamod:EctoCoolerPotion"},{"floor":33,"key":"Dexterity Potion"},{"floor":35,"key":"SpeedPotion"},{"floor":46,"key":"Block Potion"}],"is_trial":false,"path_per_floor":["M","$","?","M","M","E","M","?","T","$","M","M","R","?","R","B",null,"M","?","M","$","?","R","E","M","T","E","M","R","M","M","R","B",null,"M","M","?","?","?","R","$","M","T","R","$","E","R","?","R","B"],"character_chosen":"THE_SNECKO","items_purchased":["expansioncontent:DashGenerateEvil","expansioncontent:PrepareCrush","Strawberry","expansioncontent:GuardianWhirl","SteroidPotion","sneckomod:DiceBlock","expansioncontent:DashGenerateEvil","sneckomod:SoulRoll","Membership Card","sneckomod:UnknownClassRED","Energy Potion","Block Potion"],"campfire_rested":7,"item_purchase_floors":[10,10,10,21,21,21,41,41,45,45,45,45],"current_hp_per_floor":[76,76,76,76,76,34,13,13,13,20,20,19,48,53,83,34,86,70,27,2,2,114,114,83,74,74,63,63,97,97,97,97,40,97,77,46,69,69,69,103,103,72,72,107,108,34,69,69,104,0,0],"gold":60,"neow_bonus":"THREE_ENEMY_KILL","is_daily":false,"chose_seed":false,"campfire_upgraded":1,"win_rate":0.0,"timestamp":1609374374,"path_taken":["M","$","?","M","M","E","?","?","T","?","?","M","R","?","R","BOSS","M","?","M","$","?","R","E","M","T","E","M","R","M","M","R","BOSS","M","M","?","?","?","R","$","M","T","R","$","E","R","?","R","BOSS"],"items_purchased_type":["Card","Card","Relic","Card","Potion","Card","Card","Card","Relic","Card","Potion","Potion"],"build_version":"2020-12-22","purchased_purges":0,"victory":false,"max_hp_per_floor":[84,84,84,84,84,84,90,90,90,97,97,97,97,102,102,103,103,103,103,104,104,114,114,114,115,115,116,116,116,116,116,116,116,116,116,116,116,116,116,116,116,117,117,117,118,118,118,118,118,118,118],"card_choices":[{"not_picked":["sneckomod:Unknown1Cost","sneckomod:UnknownClassTHE_CHAMP_GRAY"],"picked":"sneckomod:UnknownVulnerable","floor":1},{"not_picked":["sneckomod:UnknownWeak","sneckomod:DiceCrush"],"picked":"sneckomod:IronFang","floor":4},{"not_picked":["sneckomod:DiceBlock","sneckomod:Unknown1Cost"],"picked":"sneckomod:WideSting","floor":5},{"not_picked":["sneckomod:UnknownWeak","sneckomod:UnknownEthereal"],"picked":"sneckomod:WideSting","floor":6},{"not_picked":["sneckomod:RainOfDice","sneckomod:QuickMove"],"picked":"sneckomod:UnknownUncommonAttack","floor":7},{"not_picked":["sneckomod:SoulDraw","sneckomod:UnknownStrength"],"picked":"sneckomod:QuickBite","floor":11},{"not_picked":["sneckomod:UnknownClassHEXA_GHOST_PURPLE","sneckomod:SoulExchange"],"picked":"sneckomod:SoulRoll","floor":12},{"not_picked":["sneckomod:SerpentMind","sneckomod:UnlimitedRolls"],"picked":"sneckomod:UnknownRarePower","floor":16},{"not_picked":["sneckomod:UnknownUncommonPower+1","sneckomod:DiceCrush"],"picked":"sneckomod:SoulCleanse","floor":18},{"not_picked":["sneckomod:MasterEye","sneckomod:UnknownCommonAttack"],"picked":"sneckomod:SoulDraw","floor":19},{"not_picked":["sneckomod:UnknownCommonSkill","sneckomod:WideSting"],"picked":"sneckomod:UnknownExhaust","floor":20},{"not_picked":["sneckomod:Nope","sneckomod:Unknown1Cost"],"picked":"sneckomod:QuickMove","floor":24},{"not_picked":["sneckomod:MasterEye","sneckomod:Unknown1Cost+1"],"picked":"sneckomod:UnknownClassBLUE","floor":25},{"not_picked":["sneckomod:UnknownStrike","sneckomod:UnknownWeak"],"picked":"sneckomod:UnknownEthereal","floor":27},{"not_picked":["sneckomod:DiceBlock","sneckomod:UnknownWeak"],"picked":"sneckomod:ImprovisedAttack","floor":28},{"not_picked":["sneckomod:UnknownCommonAttack","sneckomod:DiceBlock"],"picked":"sneckomod:QuickMove","floor":30},{"not_picked":["sneckomod:DiceBoulder","sneckomod:UnknownWeak"],"picked":"sneckomod:CheapStock+1","floor":31},{"not_picked":["sneckomod:SoulExchange","sneckomod:Restock"],"picked":"sneckomod:Transmogrify","floor":33},{"not_picked":["sneckomod:UnknownBlock+1","sneckomod:Unknown1Cost"],"picked":"sneckomod:SlitherStrike","floor":35},{"not_picked":["sneckomod:IronFang+1","sneckomod:UnknownCommonSkill"],"picked":"sneckomod:SnakeSap","floor":36},{"not_picked":["sneckomod:UnknownX","sneckomod:UnknownEthereal"],"picked":"sneckomod:UnknownVulnerable+1","floor":42},{"not_picked":["sneckomod:WideSting","sneckomod:UnknownWeak"],"picked":"sneckomod:MorePower","floor":46}],"player_experience":507491,"relics_obtained":[{"floor":6,"key":"Old Coin"},{"floor":19,"key":"Red Mask"},{"floor":24,"key":"War Paint"},{"floor":26,"key":"Potion Belt"},{"floor":27,"key":"Juzu Bracelet"},{"floor":35,"key":"StoneCalendar"},{"floor":36,"key":"Snecko Eye"},{"floor":42,"key":"StoneCalendar"},{"floor":43,"key":"Anchor"},{"floor":46,"key":"sneckomod:SuperSneckoEye"},{"floor":46,"key":"Smiling Mask"}],"event_choices":[{"damage_healed":0,"gold_gain":0,"player_choice":"Bought 1 Potion","damage_taken":0,"max_hp_gain":0,"max_hp_loss":0,"event_name":"The Woman in Blue","floor":3,"gold_loss":0},{"damage_healed":0,"gold_gain":0,"player_choice":"1 cards matched","damage_taken":0,"max_hp_gain":0,"max_hp_loss":0,"event_name":"Match and Keep!","floor":8,"gold_loss":0,"cards_obtained":["sneckomod:Restock"]},{"damage_healed":0,"gold_gain":0,"player_choice":"Donut","damage_taken":0,"max_hp_gain":5,"max_hp_loss":0,"event_name":"Big Fish","floor":14,"gold_loss":0},{"damage_healed":0,"gold_gain":0,"player_choice":"Fought Bandits","damage_taken":0,"max_hp_gain":0,"max_hp_loss":0,"event_name":"Masked Bandits","floor":19,"gold_loss":0},{"cards_removed":["sneckomod:Restock"],"damage_healed":102,"gold_gain":0,"player_choice":"Offered Rare","damage_taken":0,"max_hp_gain":10,"max_hp_loss":0,"event_name":"Bonfire Elementals","floor":22,"gold_loss":0},{"damage_healed":23,"gold_gain":0,"player_choice":"Writhe","damage_taken":0,"max_hp_gain":0,"max_hp_loss":0,"event_name":"Winding Halls","floor":37,"gold_loss":0,"cards_obtained":["Writhe"]},{"damage_healed":0,"gold_gain":222,"player_choice":"Wore Mask","damage_taken":0,"max_hp_gain":0,"max_hp_loss":0,"event_name":"Tomb of Lord Red Mask","floor":38,"gold_loss":0},{"damage_healed":0,"gold_gain":0,"cards_transformed":["sneckomod:Strike"],"player_choice":"Transformed","damage_taken":0,"max_hp_gain":0,"max_hp_loss":0,"event_name":"Transmorgrifier","floor":39,"gold_loss":0,"cards_obtained":["sneckomod:DangerNoodle"]},{"cards_removed":["sneckomod:UnknownClassRED"],"damage_healed":0,"gold_gain":0,"player_choice":"Removed Skill","damage_taken":0,"max_hp_gain":0,"max_hp_loss":0,"event_name":"Falling","floor":48,"gold_loss":0}],"is_beta":false,"boss_relics":[{"not_picked":["Runic Dome","Empty Cage"],"picked":"Snecko Eye"},{"not_picked":["Coffee Dripper","SlaversCollar"],"picked":"Black Star"}],"items_purged_floors":[],"is_endless":false,"potions_floor_spawned":[4,7,11,20,24,28,33,35,46],"killed_by":"Awakened One","ascension_level":20}}