{"host":"1fg1a150gjswaegv","time":1609405649,"event":{"mods":["BaseMod","Hermit","Minty Spire (QoL Compilation)","StSLib"],"gold_per_floor":[112,130,177,187,198,198,21,41,68,68,98,98,114,124,124,225,275,291,303,303,55,72,72,97,97,97,110,120,120,120,146,146,146,146],"floor_reached":33,"playtime":2623,"items_purged":["hermit:Strike_Hermit"],"score":314,"play_id":"9ca109a2-883a-43bb-9387-0655814889e4","local_time":"20201231030729","is_ascension_mode":false,"campfire_choices":[{"data":"hermit:Dive","floor":6,"key":"SMITH"},{"floor":15,"key":"REST"},{"data":"hermit:ShadowCloak","floor":23,"key":"SMITH"},{"data":"hermit:Vantage","floor":30,"key":"SMITH"},{"floor":32,"key":"REST"}],"circlet_count":0,"master_deck":["hermit:Strike_Hermit","hermit:Strike_Hermit","hermit:Strike_Hermit","hermit:Defend_Hermit","hermit:Defend_Hermit","hermit:Defend_Hermit","hermit:Defend_Hermit","hermit:Snapshot","hermit:Covet","hermit:SprayPray","hermit:Dive+1","hermit:TakeCover","hermit:Quickdraw","hermit:Horror","hermit:SprayPray","hermit:CalledShot","hermit:WideOpen","Mind Blast+1","hermit:ShadowCloak+1","hermit:Enervate","hermit:RoundhouseKick","hermit:Spite","hermit:FlashPowder","hermit:Combo+1","hermit:HoleUp","hermit:Misfire","hermit:Vantage+1","hermit:WideOpen+1","hermit:ItchyTrigger","hermit:Determination","hermit:Grudge"],"relics":["hermit:Momento","NeowsBlessing","Anchor","PreservedInsect","Orichalcum","Lantern","Tiny House","OrangePellets","CaptainsWheel","Bag of Preparation","Bird Faced Urn","Nilry\u0027s Codex","Dream Catcher"],"acts_visited":["Exordium","TheCity"],"potions_floor_usage":[5,11,16,16,19,24,24,31],"damage_taken":[{"damage":0,"enemies":"Cultist","floor":1,"turns":1},{"damage":0,"enemies":"Jaw Worm","floor":2,"turns":1},{"damage":0,"enemies":"Small Slimes","floor":4,"turns":1},{"damage":0,"enemies":"Exordium Thugs","floor":5,"turns":6},{"damage":0,"enemies":"Large Slime","floor":8,"turns":7},{"damage":19,"enemies":"3 Sentries","floor":11,"turns":6},{"damage":0,"enemies":"Blue Slaver","floor":13,"turns":2},{"damage":3,"enemies":"2 Fungi Beasts","floor":14,"turns":3},{"damage":26,"enemies":"Slime Boss","floor":16,"turns":14},{"damage":0,"enemies":"Chosen","floor":18,"turns":3},{"damage":16,"enemies":"Shell Parasite","floor":19,"turns":4},{"damage":0,"enemies":"Chosen and Byrds","floor":22,"turns":6},{"damage":0,"enemies":"Book of Stabbing","floor":24,"turns":6},{"damage":8,"enemies":"Cultist and Chosen","floor":27,"turns":10},{"damage":2,"enemies":"Snake Plant","floor":28,"turns":3},{"damage":27,"enemies":"Gremlin Leader","floor":31,"turns":10},{"damage":66,"enemies":"Champ","floor":33,"turns":9}],"seed_played":"-8423123776247300834","potions_obtained":[{"floor":2,"key":"LiquidMemories"},{"floor":4,"key":"SkillPotion"},{"floor":13,"key":"EssenceOfSteel"},{"floor":14,"key":"LiquidMemories"},{"floor":17,"key":"Fire Potion"},{"floor":22,"key":"Block Potion"},{"floor":28,"key":"SkillPotion"}],"is_trial":false,"path_per_floor":["M","M","T","M","M","R","$","M","T","?","E","?","M","M","R","B",null,"M","M","?","$","M","R","E","?","T","M","M","?","R","E","R","B"],"character_chosen":"HERMIT","items_purchased":["hermit:Horror","hermit:SprayPray","OrangePellets","hermit:HoleUp","DistilledChaos"],"campfire_rested":2,"item_purchase_floors":[7,7,21,21,21],"current_hp_per_floor":[75,75,75,75,75,75,75,75,75,50,31,31,31,28,50,24,80,80,64,80,80,80,80,80,80,80,72,72,56,56,33,57,0,0],"gold":146,"neow_bonus":"THREE_ENEMY_KILL","is_daily":false,"chose_seed":false,"campfire_upgraded":3,"win_rate":0.0,"timestamp":1609405649,"path_taken":["M","M","?","M","M","R","$","M","T","?","E","?","M","M","R","BOSS","M","M","?","?","M","R","E","?","T","M","?","?","R","E","R","BOSS"],"items_purchased_type":["Card","Card","Relic","Card","Potion"],"build_version":"2020-12-22","purchased_purges":1,"victory":false,"max_hp_per_floor":[75,75,75,75,75,75,75,75,75,75,75,75,75,75,75,75,80,80,80,80,80,80,80,80,80,80,80,80,80,80,80,80,80,80],"card_choices":[{"not_picked":["hermit:ItchyTrigger","hermit:Feint"],"picked":"hermit:SprayPray","floor":1},{"not_picked":["hermit:Purgatory","hermit:HoleUp"],"picked":"hermit:Dive","floor":2},{"not_picked":["hermit:Coalescence","hermit:LowProfile"],"picked":"hermit:TakeCover","floor":4},{"not_picked":["hermit:Midnight","hermit:Roulette"],"picked":"hermit:Quickdraw","floor":5},{"not_picked":["hermit:BodyArmor","hermit:Maintenance"],"picked":"hermit:CalledShot","floor":8},{"not_picked":["hermit:Snipe","hermit:Dive"],"picked":"hermit:DeadMansHand","floor":11},{"not_picked":["hermit:Manifest","hermit:Ricochet"],"picked":"hermit:ShadowCloak","floor":13},{"not_picked":["hermit:Roulette","hermit:Deadeye"],"picked":"hermit:Enervate","floor":14},{"not_picked":["hermit:Magnum","hermit:Purgatory"],"picked":"hermit:RoundhouseKick","floor":16},{"not_picked":["hermit:GoldenBullet","hermit:Dive"],"picked":"hermit:Spite","floor":17},{"not_picked":["hermit:Glare","hermit:Determination"],"picked":"hermit:FlashPowder","floor":18},{"not_picked":["hermit:Snipe+1","hermit:Coalescence"],"picked":"hermit:Combo+1","floor":19},{"not_picked":["hermit:TrackingShot","hermit:Ricochet"],"picked":"hermit:Misfire","floor":22},{"not_picked":["hermit:Combo","hermit:Feint"],"picked":"hermit:Vantage","floor":24},{"not_picked":["hermit:CalledShot","hermit:Roulette"],"picked":"hermit:WideOpen+1","floor":27},{"not_picked":["hermit:Roulette","hermit:Gambit"],"picked":"hermit:ItchyTrigger","floor":28},{"not_picked":["hermit:Roughhouse","hermit:Coalescence"],"picked":"hermit:Determination","floor":31},{"not_picked":["hermit:DeadMansHand","hermit:Maintenance"],"picked":"hermit:Grudge","floor":32}],"player_experience":23236,"relics_obtained":[{"floor":3,"key":"Anchor"},{"floor":9,"key":"PreservedInsect"},{"floor":11,"key":"Lantern"},{"floor":24,"key":"CaptainsWheel"},{"floor":26,"key":"Bird Faced Urn"},{"floor":29,"key":"Nilry\u0027s Codex"},{"floor":31,"key":"Dream Catcher"}],"event_choices":[{"damage_healed":0,"gold_gain":0,"player_choice":"Success","damage_taken":25,"relics_obtained":["Orichalcum"],"max_hp_gain":0,"max_hp_loss":0,"event_name":"Scrap Ooze","floor":10,"gold_loss":0},{"damage_healed":0,"gold_gain":0,"player_choice":"2 cards matched","damage_taken":0,"max_hp_gain":0,"max_hp_loss":0,"event_name":"Match and Keep!","floor":12,"gold_loss":0,"cards_obtained":["hermit:WideOpen","Mind Blast"]},{"cards_removed":["hermit:DeadMansHand"],"damage_healed":16,"gold_gain":0,"player_choice":"Offered Uncommon","damage_taken":0,"max_hp_gain":0,"max_hp_loss":0,"event_name":"Bonfire Elementals","floor":20,"gold_loss":0},{"damage_healed":0,"gold_gain":0,"player_choice":"Opened","damage_taken":0,"relics_obtained":["Bag of Preparation"],"max_hp_gain":0,"max_hp_loss":0,"event_name":"The Mausoleum","floor":25,"gold_loss":0},{"damage_healed":0,"gold_gain":0,"player_choice":"Obtained Book","damage_taken":16,"max_hp_gain":0,"max_hp_loss":0,"event_name":"Cursed Tome","floor":29,"gold_loss":0}],"is_beta":false,"boss_relics":[{"not_picked":["hermit:DentedPlate","Runic Pyramid"],"picked":"Tiny House"}],"items_purged_floors":[7],"is_endless":false,"potions_floor_spawned":[2,4,13,14,22,28],"killed_by":"Champ","ascension_level":0}}