{"host":"88sw61cmk1203zgj","time":1609391415,"event":{"mods":["BaseMod","Minty Spire (QoL Compilation)"],"gold_per_floor":[217,197,209,227,247,247,278,278,278,305,319,319,339,371,371,469,469,480,492,492,507,42,68,68,68,68,80,94,94,108,121,121,222,222,242,242,254,304,324,324,8,8,32,32,52,78,97,112,112,112,112,112,5,33,33,33],"floor_reached":55,"playtime":3748,"items_purged":["Electrodynamics","Dualcast"],"score":1077,"play_id":"74c3e679-9aba-4309-aeb5-ea419a5b1f51","local_time":"20201231001015","is_ascension_mode":true,"campfire_choices":[{"data":"Beam Cell","floor":6.0,"key":"SMITH"},{"data":"Hologram","floor":15.0,"key":"SMITH"},{"data":"Heatsinks","floor":25.0,"key":"SMITH"},{"floor":32.0,"key":"REST"},{"floor":40.0,"key":"REST"},{"data":"Buffer","floor":42.0,"key":"SMITH"},{"floor":44.0,"key":"RECALL"},{"data":"Zap","floor":49.0,"key":"PURGE"},{"data":"Machine Learning","floor":52.0,"key":"SMITH"}],"circlet_count":0,"master_deck":["AscendersBane","Beam Cell+1","Gash","Cold Snap","FTL+1","Chill","Hologram+1","Rebound","Self Repair","Machine Learning+1","Buffer+1","Darkness","Electrodynamics","Scrape","Recycle","Genetic Algorithm","Streamline","Ball Lightning+1","Gash","Gash","Heatsinks+1","Glacier","Loop+1","Coolheaded+1","Skim+1","Biased Cognition","White Noise","Storm","Defragment","Defragment","Loop","Storm","Steam+1","Heatsinks"],"relics":["Cracked Core","Vajra","Whetstone","Sundial","Shuriken","InkBottle","Pandora\u0027s Box","Mummified Hand","Pear","The Courier","Inserter","Peace Pipe","Meat on the Bone","Toy Ornithopter","Juzu Bracelet","Symbiotic Virus"],"acts_visited":["Exordium","TheCity","TheBeyond","TheEnding"],"potions_floor_usage":[55,55,55],"damage_taken":[{"damage":0.0,"enemies":"Cultist","floor":1.0,"turns":3.0},{"damage":0.0,"enemies":"Small Slimes","floor":3.0,"turns":3.0},{"damage":0.0,"enemies":"2 Louse","floor":4.0,"turns":3.0},{"damage":0.0,"enemies":"Large Slime","floor":5.0,"turns":4.0},{"damage":19.0,"enemies":"3 Sentries","floor":7.0,"turns":10.0},{"damage":8.0,"enemies":"Gremlin Nob","floor":10.0,"turns":3.0},{"damage":8.0,"enemies":"Lots of Slimes","floor":11.0,"turns":3.0},{"damage":0.0,"enemies":"Exordium Thugs","floor":13.0,"turns":4.0},{"damage":7.0,"enemies":"Lagavulin","floor":14.0,"turns":6.0},{"damage":18.0,"enemies":"The Guardian","floor":16.0,"turns":8.0},{"damage":1.0,"enemies":"3 Byrds","floor":18.0,"turns":4.0},{"damage":0.0,"enemies":"Spheric Guardian","floor":19.0,"turns":3.0},{"damage":30.0,"enemies":"Snake Plant","floor":21.0,"turns":4.0},{"damage":39.0,"enemies":"Slavers","floor":23.0,"turns":4.0},{"damage":10.0,"enemies":"3 Cultists","floor":27.0,"turns":4.0},{"damage":0.0,"enemies":"Centurion and Healer","floor":28.0,"turns":6.0},{"damage":0.0,"enemies":"Sentry and Sphere","floor":30.0,"turns":3.0},{"damage":16.0,"enemies":"Snake Plant","floor":31.0,"turns":2.0},{"damage":15.0,"enemies":"Collector","floor":33.0,"turns":5.0},{"damage":36.0,"enemies":"3 Darklings","floor":35.0,"turns":4.0},{"damage":0.0,"enemies":"Orb Walker","floor":37.0,"turns":3.0},{"damage":28.0,"enemies":"Mind Bloom Boss Battle","floor":38.0,"turns":6.0},{"damage":22.0,"enemies":"Spire Growth","floor":39.0,"turns":4.0},{"damage":26.0,"enemies":"Transient","floor":45.0,"turns":5.0},{"damage":66.0,"enemies":"Nemesis","floor":46.0,"turns":6.0},{"damage":20.0,"enemies":"3 Darklings","floor":47.0,"turns":3.0},{"damage":0.0,"enemies":"4 Shapes","floor":48.0,"turns":3.0},{"damage":11.0,"enemies":"Donu and Deca","floor":50.0,"turns":6.0},{"damage":0.0,"enemies":"Shield and Spear","floor":54.0,"turns":4.0},{"damage":107,"enemies":"The Heart","floor":55,"turns":6}],"seed_played":"4589109267842785598","potions_obtained":[{"floor":2.0,"key":"DuplicationPotion"},{"floor":5.0,"key":"Swift Potion"},{"floor":10.0,"key":"ColorlessPotion"},{"floor":12.0,"key":"EssenceOfDarkness"},{"floor":12.0,"key":"PotionOfCapacity"},{"floor":13.0,"key":"SteroidPotion"},{"floor":14.0,"key":"GamblersBrew"},{"floor":18.0,"key":"EntropicBrew"},{"floor":46.0,"key":"Ancient Potion"},{"floor":54.0,"key":"Block Potion"}],"is_trial":false,"path_per_floor":["M","?","M","M","M","R","E","T","T","E","M","?","M","E","R","B",null,"M","M","T","M","$","E","?","R","T","M","M","?","M","M","R","B",null,"M","?","M","?","M","R","$","R","T","R","M","E","M","M","R","B",null,"R","$","E","B"],"character_chosen":"DEFECT","items_purchased":["Mummified Hand","Heatsinks","Glacier","Defragment","Defragment","Meat on the Bone","Heatsinks"],"campfire_rested":2,"item_purchase_floors":[22,22,22,41,41,41,53],"current_hp_per_floor":[68,68,68,68,68,68,49,49,49,41,33,33,33,33,33,22,62,68,75,75,52,52,30,30,30,30,27,34,34,41,32,57,49,76,47,47,54,33,18,43,43,43,43,43,36,44,36,55,55,56,78,78,78,85,0,0],"gold":33,"neow_bonus":"HUNDRED_GOLD","is_daily":false,"chose_seed":false,"campfire_upgraded":5,"win_rate":0.0,"timestamp":1609391415,"path_taken":["M","?","?","M","M","R","E","?","T","E","M","?","M","E","R","BOSS","M","M","?","M","$","E","?","R","T","M","M","?","M","?","R","BOSS","M","?","M","?","M","R","$","R","T","R","M","E","M","M","R","BOSS","R","$","E","BOSS"],"items_purchased_type":["Relic","Card","Card","Card","Card","Relic","Card"],"build_version":"2020-12-22","purchased_purges":2,"victory":false,"max_hp_per_floor":[75,75,75,75,75,75,75,75,75,75,75,75,75,75,75,75,75,75,75,75,75,75,85,85,85,85,85,85,85,85,85,85,85,85,85,85,85,85,85,85,85,85,85,85,85,85,85,85,85,85,85,85,85,85,85,85],"card_choices":[{"not_picked":["Go for the Eyes","Blizzard"],"picked":"Beam Cell","floor":1.0},{"not_picked":["Blizzard","Conserve Battery"],"picked":"Gash","floor":3.0},{"not_picked":["Fusion","Hello World"],"picked":"Cold Snap","floor":4.0},{"not_picked":["Reprogram","Consume"],"picked":"FTL","floor":5.0},{"not_picked":["Compile Driver","Reinforced Body"],"picked":"Chill","floor":7.0},{"not_picked":["Steam","Machine Learning"],"picked":"Hologram","floor":10.0},{"not_picked":["Rip and Tear","Barrage"],"picked":"Rebound","floor":11.0},{"not_picked":["Fusion","Chill"],"picked":"Self Repair","floor":13.0},{"not_picked":["Beam Cell","Genetic Algorithm"],"picked":"Machine Learning","floor":14.0},{"not_picked":["Biased Cognition","Reboot"],"picked":"Buffer","floor":16.0},{"not_picked":["Cold Snap","Rebound"],"picked":"Ball Lightning+1","floor":18.0},{"not_picked":["Chaos","Turbo"],"picked":"Gash","floor":19.0},{"not_picked":["Ball Lightning","Loop"],"picked":"Gash","floor":21.0},{"not_picked":["Blizzard","Doom and Gloom"],"picked":"Loop+1","floor":23.0},{"not_picked":["Leap+1","Turbo"],"picked":"Coolheaded+1","floor":27.0},{"not_picked":["Stack+1","FTL"],"picked":"Skim+1","floor":28.0},{"not_picked":["Consume","Stack","Blizzard"],"picked":"SKIP","floor":30.0},{"not_picked":["Blizzard","Scrape+1","Barrage"],"picked":"SKIP","floor":31.0},{"not_picked":["Hyperbeam","Amplify"],"picked":"Biased Cognition","floor":33.0},{"not_picked":["Sweeping Beam","Rebound+1"],"picked":"White Noise","floor":35.0},{"not_picked":["Hello World","Scrape","Streamline+1"],"picked":"SKIP","floor":37.0},{"not_picked":["Aggregate+1","Go for the Eyes"],"picked":"Storm","floor":38.0},{"not_picked":["Coolheaded","Leap","Hologram"],"picked":"SKIP","floor":39.0},{"not_picked":["Doom and Gloom+1","Static Discharge"],"picked":"Loop","floor":45.0},{"not_picked":["Gash","Redo+1","Leap"],"picked":"SKIP","floor":46.0},{"not_picked":["Rebound","Coolheaded"],"picked":"Storm","floor":47.0},{"not_picked":["Static Discharge","Genetic Algorithm"],"picked":"Steam+1","floor":48.0},{"not_picked":["Streamline+1","Hello World+1","Skim+1"],"picked":"SKIP","floor":54.0}],"player_experience":1435672,"relics_obtained":[{"floor":7.0,"key":"Vajra"},{"floor":8.0,"key":"Whetstone"},{"floor":9.0,"key":"Sundial"},{"floor":10.0,"key":"Shuriken"},{"floor":14.0,"key":"InkBottle"},{"floor":23.0,"key":"Pear"},{"floor":26.0,"key":"The Courier"},{"floor":38.0,"key":"Peace Pipe"},{"floor":43.0,"key":"Toy Ornithopter"},{"floor":46.0,"key":"Juzu Bracelet"},{"floor":54.0,"key":"Symbiotic Virus"}],"event_choices":[{"damage_healed":0.0,"max_hp_gain":0.0,"max_hp_loss":0.0,"gold_gain":0.0,"event_name":"The Woman in Blue","player_choice":"Bought 1 Potion","floor":2.0,"gold_loss":0.0,"damage_taken":0.0},{"damage_healed":0.0,"max_hp_gain":0.0,"max_hp_loss":0.0,"gold_gain":0.0,"event_name":"Lab","player_choice":"Got Potions","floor":12.0,"gold_loss":0.0,"damage_taken":0.0},{"cards_removed":["Auto Shields"],"damage_healed":0.0,"max_hp_gain":0.0,"max_hp_loss":0.0,"gold_gain":0.0,"event_name":"Wheel of Change","player_choice":"Card Removal","floor":29.0,"gold_loss":0.0,"damage_taken":0.0},{"damage_healed":0.0,"max_hp_gain":0.0,"max_hp_loss":0.0,"gold_gain":0.0,"event_name":"SensoryStone","player_choice":"Memory 1","floor":36.0,"gold_loss":0.0,"damage_taken":0.0},{"damage_healed":0.0,"max_hp_gain":0.0,"max_hp_loss":0.0,"gold_gain":0.0,"event_name":"MindBloom","player_choice":"Fight","floor":38.0,"gold_loss":0.0,"damage_taken":0.0}],"is_beta":false,"boss_relics":[{"not_picked":["Runic Pyramid","Calling Bell"],"picked":"Pandora\u0027s Box"},{"not_picked":["Velvet Choker","FrozenCore"],"picked":"Inserter"}],"items_purged_floors":[22,53],"is_endless":false,"potions_floor_spawned":[5,10,13,14,18,21,31,33,35,38,46,54],"killed_by":"The Heart","ascension_level":10}}