{"host":"lxgv1wbl12oya7hr","time":1609390568,"event":{"mods":["BaseMod","Minty Spire (QoL Compilation)","Permanent Neow","StSLib"],"gold_per_floor":[115,126,201,217,217,217,242,242,242,417,417,11,26,26,26,149,149,172,193,108,108,121,121,165,165,240,271,292,306,326,326,326,455,455,468,468,493,493,793,793,832,856,929,952,952,968,968,1009,1009,1009,1009,1009,129,172,172,172],"floor_reached":55,"playtime":3393,"items_purged":["Doubt","Strike_G"],"score":853,"play_id":"942b14de-db34-4b0d-bb3f-fdb2656212d3","local_time":"20201230205608","is_ascension_mode":true,"campfire_choices":[{"floor":6.0,"key":"REST"},{"data":"All Out Attack","floor":8.0,"key":"SMITH"},{"floor":11.0,"key":"REST"},{"data":"Survivor","floor":15.0,"key":"SMITH"},{"floor":23.0,"key":"RECALL"},{"floor":25.0,"key":"REST"},{"data":"Cloak And Dagger","floor":32.0,"key":"SMITH"},{"data":"Blade Dance","floor":40.0,"key":"SMITH"},{"data":"After Image","floor":45.0,"key":"SMITH"},{"data":"Blade Dance","floor":47.0,"key":"SMITH"},{"data":"Blade Dance","floor":49.0,"key":"SMITH"},{"data":"Neutralize","floor":52.0,"key":"SMITH"}],"circlet_count":0,"master_deck":["Strike_G","Defend_G","Defend_G","Defend_G","Defend_G","Defend_G","Survivor+1","Neutralize+1","Deadly Poison","All Out Attack+1","Blade Dance+1","Predator","Sucker Punch","Blade Dance+1","Swift Strike","Flying Knee","Blade Dance+1","Dodge and Roll+1","Blade Dance+1","Cloak And Dagger+1","Blade Dance+1","Blade Dance+1","Escape Plan+1","Flash of Steel","After Image+1","Blade Dance+1","Mayhem","Slice+1"],"relics":["Ring of the Snake","Letter Opener","Pantograph","Shuriken","OrangePellets","Golden Idol","Black Star","Vajra","Mummified Hand","Bag of Marbles","The Specimen","Tingsha","Meat on the Bone","WristBlade","Dream Catcher","Pear","Ninja Scroll","Regal Pillow","Blood Vial","Nunchaku","Incense Burner","DollysMirror","Turnip","Art of War"],"acts_visited":["Exordium","TheCity","TheBeyond","TheEnding"],"potions_floor_usage":[],"damage_taken":[{"damage":0.0,"enemies":"2 Louse","floor":1.0,"turns":2.0},{"damage":1.0,"enemies":"Jaw Worm","floor":2.0,"turns":4.0},{"damage":0.0,"enemies":"Cultist","floor":4.0,"turns":4.0},{"damage":31.0,"enemies":"Gremlin Nob","floor":7.0,"turns":4.0},{"damage":8.0,"enemies":"Exordium Wildlife","floor":13.0,"turns":2.0},{"damage":15.0,"enemies":"The Guardian","floor":16.0,"turns":10.0},{"damage":0.0,"enemies":"Spheric Guardian","floor":18.0,"turns":3.0},{"damage":8.0,"enemies":"Shell Parasite","floor":19.0,"turns":4.0},{"damage":30.0,"enemies":"Snake Plant","floor":22.0,"turns":4.0},{"damage":23.0,"enemies":"Slavers","floor":24.0,"turns":4.0},{"damage":3.0,"enemies":"Gremlin Leader","floor":27.0,"turns":5.0},{"damage":0.0,"enemies":"Chosen and Byrds","floor":28.0,"turns":3.0},{"damage":1.0,"enemies":"Centurion and Healer","floor":29.0,"turns":3.0},{"damage":1.0,"enemies":"Cultist and Chosen","floor":30.0,"turns":4.0},{"damage":16.0,"enemies":"Champ","floor":33.0,"turns":6.0},{"damage":12.0,"enemies":"3 Shapes","floor":35.0,"turns":2.0},{"damage":0.0,"enemies":"Orb Walker","floor":37.0,"turns":1.0},{"damage":9.0,"enemies":"Giant Head","floor":41.0,"turns":4.0},{"damage":17.0,"enemies":"Writhing Mass","floor":42.0,"turns":4.0},{"damage":0.0,"enemies":"3 Darklings","floor":44.0,"turns":1.0},{"damage":3.0,"enemies":"Sphere and 2 Shapes","floor":46.0,"turns":3.0},{"damage":0.0,"enemies":"Nemesis","floor":48.0,"turns":3.0},{"damage":26.0,"enemies":"Donu and Deca","floor":50.0,"turns":5.0},{"damage":0.0,"enemies":"Shield and Spear","floor":54.0,"turns":2.0},{"damage":1,"enemies":"The Heart","floor":55,"turns":1}],"seed_played":"7531703944094162907","potions_obtained":[{"floor":2.0,"key":"FairyPotion"},{"floor":7.0,"key":"GhostInAJar"},{"floor":19.0,"key":"Swift Potion"},{"floor":22.0,"key":"Energy Potion"},{"floor":29.0,"key":"GamblersBrew"},{"floor":30.0,"key":"FearPotion"},{"floor":35.0,"key":"LiquidBronze"},{"floor":41.0,"key":"PowerPotion"},{"floor":44.0,"key":"DistilledChaos"}],"is_trial":false,"path_per_floor":["M","M","?","M","?","R","E","R","T","?","R","$","M","?","R","B",null,"M","M","?","?","M","R","E","R","T","E","M","M","M","T","R","B",null,"M","?","M","?","?","R","E","M","T","M","R","M","R","E","R","B",null,"R","$","E","B"],"character_chosen":"THE_SILENT","items_purchased":["OrangePellets","Blade Dance","Swift Strike","Flying Knee","Nunchaku","Incense Burner","DollysMirror","Mayhem"],"campfire_rested":3,"item_purchase_floors":[12,12,12,12,53,53,53,53],"current_hp_per_floor":[49,48,37,37,19,40,9,9,9,9,30,30,22,22,22,32,65,65,57,57,57,27,27,4,23,23,20,20,19,18,18,18,39,65,53,53,53,53,53,53,54,49,49,49,49,46,46,46,46,47,75,75,75,75,74,74],"gold":172,"neow_bonus":"TRANSFORM_TWO_CARDS","is_daily":false,"chose_seed":false,"campfire_upgraded":8,"win_rate":0.0,"timestamp":1609390568,"path_taken":["M","M","?","M","?","R","E","R","T","?","R","?","?","?","R","BOSS","M","M","?","?","M","R","E","R","T","E","M","M","?","?","R","BOSS","M","?","?","?","?","R","E","M","T","M","R","M","R","E","R","BOSS","R","$","E","BOSS"],"items_purchased_type":["Relic","Card","Card","Card","Relic","Relic","Relic","Card"],"build_version":"2020-12-22","purchased_purges":2,"victory":false,"max_hp_per_floor":[70,70,70,70,70,70,70,70,70,70,70,70,70,65,65,65,65,65,65,65,65,65,65,65,65,65,65,65,65,65,65,65,65,65,65,65,65,65,65,65,75,75,75,75,75,75,75,75,75,75,75,75,75,75,75,75],"card_choices":[{"not_picked":["Quick Slash","Sucker Punch"],"picked":"Blade Dance","floor":1.0},{"not_picked":["Sucker Punch","Underhanded Strike"],"picked":"Predator","floor":2.0},{"not_picked":["Finisher","Eviscerate"],"picked":"Sucker Punch","floor":4.0},{"not_picked":["Concentrate","Endless Agony","Masterful Stab"],"picked":"SKIP","floor":7.0},{"not_picked":["Heel Hook","Deadly Poison","Backflip"],"picked":"SKIP","floor":13.0},{"not_picked":["Finisher","Endless Agony+1"],"picked":"Blade Dance+1","floor":18.0},{"not_picked":["Dagger Throw","Noxious Fumes"],"picked":"Dodge and Roll+1","floor":19.0},{"not_picked":["Sucker Punch+1","Flying Knee","Expertise+1"],"picked":"SKIP","floor":22.0},{"not_picked":["Flying Knee","Skewer","Reflex"],"picked":"SKIP","floor":24.0},{"not_picked":["Underhanded Strike+1","Dodge and Roll+1"],"picked":"Blade Dance","floor":27.0},{"not_picked":["Endless Agony","Concentrate"],"picked":"Cloak And Dagger","floor":28.0},{"not_picked":["Heel Hook","Dagger Spray","Skewer"],"picked":"SKIP","floor":29.0},{"not_picked":["Quick Slash+1","Flechettes+1"],"picked":"Blade Dance+1","floor":30.0},{"not_picked":["Well Laid Plans","Dagger Spray","Acrobatics+1"],"picked":"SKIP","floor":35.0},{"not_picked":["Setup","Catalyst+1"],"picked":"Escape Plan+1","floor":37.0},{"not_picked":["Forethought","Deep Breath"],"picked":"Flash of Steel","floor":38.0},{"not_picked":["Dagger Throw+1","Poisoned Stab","Slice+1"],"picked":"SKIP","floor":41.0},{"not_picked":["Endless Agony","Distraction"],"picked":"After Image","floor":42.0},{"not_picked":["PiercingWail","Dodge and Roll","Deadly Poison+1"],"picked":"SKIP","floor":44.0},{"not_picked":["Poisoned Stab+1","Bane+1","Noxious Fumes"],"picked":"SKIP","floor":46.0},{"not_picked":["Sucker Punch","Bane","Deadly Poison"],"picked":"SKIP","floor":48.0},{"not_picked":["Setup","Backflip"],"picked":"Slice+1","floor":54.0}],"player_experience":2190614,"relics_obtained":[{"floor":7.0,"key":"Pantograph"},{"floor":9.0,"key":"Shuriken"},{"floor":24.0,"key":"Mummified Hand"},{"floor":24.0,"key":"Bag of Marbles"},{"floor":27.0,"key":"The Specimen"},{"floor":27.0,"key":"Tingsha"},{"floor":31.0,"key":"Meat on the Bone"},{"floor":41.0,"key":"Dream Catcher"},{"floor":41.0,"key":"Pear"},{"floor":43.0,"key":"Ninja Scroll"},{"floor":48.0,"key":"Regal Pillow"},{"floor":48.0,"key":"Blood Vial"},{"floor":54.0,"key":"Turnip"},{"floor":54.0,"key":"Art of War"}],"event_choices":[{"damage_healed":0.0,"max_hp_gain":0.0,"max_hp_loss":0.0,"gold_gain":75.0,"event_name":"World of Goop","player_choice":"Gather Gold","floor":3.0,"gold_loss":0.0,"damage_taken":11.0},{"damage_healed":0.0,"max_hp_gain":0.0,"max_hp_loss":0.0,"gold_gain":0.0,"event_name":"Scrap Ooze","player_choice":"Success","floor":5.0,"gold_loss":0.0,"damage_taken":18.0,"relics_obtained":["Letter Opener"]},{"damage_healed":0.0,"max_hp_gain":0.0,"max_hp_loss":0.0,"gold_gain":175.0,"event_name":"Liars Game","player_choice":"AGREE","floor":10.0,"gold_loss":0.0,"damage_taken":0.0,"cards_obtained":["Doubt"]},{"damage_healed":0.0,"max_hp_gain":0.0,"max_hp_loss":5.0,"gold_gain":0.0,"event_name":"Golden Idol","player_choice":"Lose Max HP","floor":14.0,"gold_loss":0.0,"damage_taken":0.0,"relics_obtained":["Golden Idol"]},{"damage_healed":0.0,"max_hp_gain":0.0,"max_hp_loss":0.0,"gold_gain":0.0,"event_name":"Addict","player_choice":"Obtained Relic","floor":20.0,"gold_loss":85.0,"damage_taken":0.0,"relics_obtained":["Vajra"]},{"cards_removed":["Strike_G"],"damage_healed":0.0,"max_hp_gain":0.0,"max_hp_loss":0.0,"gold_gain":0.0,"event_name":"Purifier","player_choice":"Purged","floor":21.0,"gold_loss":0.0,"damage_taken":0.0},{"damage_healed":0.0,"max_hp_gain":0.0,"max_hp_loss":0.0,"gold_gain":0.0,"event_name":"Duplicator","player_choice":"Copied","floor":36.0,"gold_loss":0.0,"damage_taken":0.0,"cards_obtained":["Blade Dance"]},{"damage_healed":0.0,"max_hp_gain":0.0,"max_hp_loss":0.0,"gold_gain":0.0,"event_name":"SensoryStone","player_choice":"Memory 1","floor":38.0,"gold_loss":0.0,"damage_taken":0.0},{"damage_healed":0.0,"max_hp_gain":0.0,"max_hp_loss":0.0,"gold_gain":300.0,"event_name":"Wheel of Change","player_choice":"Gold","floor":39.0,"gold_loss":0.0,"damage_taken":0.0}],"is_beta":false,"boss_relics":[{"not_picked":["Coffee Dripper","Cursed Key"],"picked":"Black Star"},{"not_picked":["Philosopher\u0027s Stone","Ring of the Serpent"],"picked":"WristBlade"}],"items_purged_floors":[12,53],"is_endless":false,"potions_floor_spawned":[2,7,19,22,27,29,30,35,41,44,48,54],"killed_by":"The Heart","ascension_level":1}}