{"host":"867cnhxguf2bzj4x","time":1609436283,"event":{"mods":["BaseMod","GifTheSpireLib","Lobotomy","Minty Spire (QoL Compilation)","StSLib","The Bug Knight","The Cursed"],"gold_per_floor":[114,189,32,32,49,49,61,236,236,236,252,252,252],"floor_reached":12,"playtime":366,"items_purged":[],"score":75,"play_id":"72f0e58e-ea68-4b77-8855-ae97f77d50fc","local_time":"20201231183803","is_ascension_mode":true,"campfire_choices":[{"data":"Envenom","floor":6,"key":"SMITH"}],"circlet_count":0,"master_deck":["Strike_G","Strike_G","Strike_G","Strike_G","Strike_G","Defend_G","Defend_G","Defend_G","Defend_G","Defend_G","Survivor","Neutralize","VoidDream","Infinite Blades","Deflect","Noxious Fumes","Bane","Catalyst","PiercingWail","LongBird","Envenom+1","Doubt"],"relics":["Ring of the Snake","CogitoBucket","Orrery","Sundial","Golden Idol"],"acts_visited":["Exordium"],"potions_floor_usage":[],"damage_taken":[{"damage":1,"enemies":"Jaw Worm","floor":1,"turns":3},{"damage":2,"enemies":"2 Louse","floor":5,"turns":3},{"damage":7,"enemies":"Small Slimes","floor":7,"turns":4},{"damage":17,"enemies":"2 Fungi Beasts","floor":11,"turns":4},{"damage":42,"enemies":"3 Sentries","floor":12,"turns":6}],"seed_played":"3574758303863561945","potions_obtained":[],"is_trial":false,"path_per_floor":["M","?","$","?","M","R","M","?","T","?","M","E"],"character_chosen":"THE_SILENT","items_purchased":["Orrery"],"campfire_rested":0,"item_purchase_floors":[3],"current_hp_per_floor":[69,58,58,63,61,61,54,54,54,54,37,0,0],"gold":252,"neow_bonus":"","is_daily":false,"chose_seed":false,"campfire_upgraded":1,"win_rate":0.0,"timestamp":1609436283,"path_taken":["M","?","$","?","M","R","M","?","T","?","M","E"],"items_purchased_type":["Relic"],"build_version":"2020-12-22","purchased_purges":0,"victory":false,"max_hp_per_floor":[70,70,70,75,75,75,75,75,75,69,69,69,69],"card_choices":[{"not_picked":["FairyFestival","GreedKing"],"picked":"VoidDream","floor":1},{"not_picked":["Calculated Gamble","Expertise"],"picked":"Infinite Blades","floor":1},{"not_picked":["Leg Sweep","Escape Plan"],"picked":"Deflect","floor":3},{"not_picked":["Finisher","Flying Knee"],"picked":"Noxious Fumes","floor":3},{"not_picked":["Deadly Poison","Sucker Punch"],"picked":"Bane","floor":3},{"not_picked":["Footwork","Deadly Poison"],"picked":"Catalyst","floor":3},{"not_picked":["Sucker Punch","Choke"],"picked":"PiercingWail","floor":3},{"not_picked":["Variant","WhitesApple"],"picked":"LongBird","floor":5},{"not_picked":["Dodge and Roll","Deflect"],"picked":"Envenom","floor":5},{"not_picked":["Dodge and Roll","Flechettes","Dagger Throw"],"picked":"SKIP","floor":7},{"not_picked":["Flying Knee","Dagger Throw","Slice"],"picked":"SKIP","floor":11}],"player_experience":85977,"relics_obtained":[{"floor":9,"key":"Sundial"}],"event_choices":[{"damage_healed":0,"gold_gain":75,"player_choice":"Gather Gold","damage_taken":11,"max_hp_gain":0,"max_hp_loss":0,"event_name":"World of Goop","floor":2,"gold_loss":0},{"damage_healed":0,"gold_gain":0,"player_choice":"Donut","damage_taken":0,"max_hp_gain":5,"max_hp_loss":0,"event_name":"Big Fish","floor":4,"gold_loss":0},{"damage_healed":0,"gold_gain":175,"player_choice":"AGREE","damage_taken":0,"max_hp_gain":0,"max_hp_loss":0,"event_name":"Liars Game","floor":8,"gold_loss":0,"cards_obtained":["Doubt"]},{"damage_healed":0,"gold_gain":0,"player_choice":"Lose Max HP","damage_taken":0,"relics_obtained":["Golden Idol"],"max_hp_gain":0,"max_hp_loss":6,"event_name":"Golden Idol","floor":10,"gold_loss":0}],"is_beta":false,"boss_relics":[],"items_purged_floors":[],"is_endless":false,"potions_floor_spawned":[7],"killed_by":"3 Sentries","ascension_level":2}}