{"host":"1183f001whnzd7mj","time":1609435453,"event":{"mods":["AchievementEnabler","BaseMod","Beaked The Cultist","BetterRewards","Conspire","Downfall","Friendly Minions","Highlight Path","Infinite Spire","Mimic Mod","Minty Spire (QoL Compilation)","Permanent Neow","Quick Restart","Replay The Spire","Shop Mod","StSLib","The Bug Knight","The Mystic"],"gold_per_floor":[109,128,26,26,36,36,49,49,49,49,60,88,105,118,118,218,218,232,246,59,112,112,138,138,138,138],"floor_reached":25,"playtime":2182,"items_purged":["beaked:Strike_Y","beaked:Strike_Y","beaked:Strike_Y"],"score":223,"play_id":"888ebd00-3265-43c0-8183-48dd74d3bf04","local_time":"20201231172413","is_ascension_mode":false,"campfire_choices":[{"data":"beaked:Ceremony","floor":6.0,"key":"SMITH"},{"data":"beaked:RitualOfBody","floor":8.0,"key":"SMITH"},{"data":"beaked:Ceremony","floor":10.0,"key":"SMITH"},{"data":"beaked:StickSmack","floor":15,"key":"SMITH"}],"circlet_count":0,"master_deck":["beaked:Strike_Y","beaked:Strike_Y","beaked:Strike_Y","beaked:Defend_Y","beaked:Defend_Y","beaked:Defend_Y","beaked:Defend_Y","beaked:Ceremony","beaked:Ceremony+1","beaked:Ceremony+1","beaked:Overpower","beaked:RitualOfBody+1","beaked:Insight","beaked:Brace","beaked:StickSmack+1","beaked:Insight","beaked:SacrificialScars","beaked:Flinch","beaked:BloodRitual","beaked:Resilience"],"relics":["beaked:MendingPlumage","Lizard Tail","Busted Crown","Replay:WaspNest","Potion Belt"],"acts_visited":["Exordium","TheCity"],"potions_floor_usage":[13,25,25,25],"damage_taken":[{"damage":1.0,"enemies":"Cultist","floor":1.0,"turns":3.0},{"damage":0.0,"enemies":"2 Louse","floor":2.0,"turns":3.0},{"damage":43.0,"enemies":"Small Slimes","floor":5.0,"turns":19.0},{"damage":46.0,"enemies":"Exordium Thugs","floor":7.0,"turns":20.0},{"damage":42,"enemies":"Lots of Slimes","floor":11,"turns":19},{"damage":34,"enemies":"Gremlin Nob","floor":12,"turns":5},{"damage":33,"enemies":"Exordium Thugs","floor":13,"turns":25},{"damage":56,"enemies":"Large Slime","floor":14,"turns":22},{"damage":58,"enemies":"Slime Boss","floor":16,"turns":18},{"damage":44,"enemies":"Chosen","floor":18,"turns":9},{"damage":26,"enemies":"conspire:HollyBat","floor":19,"turns":16},{"damage":59,"enemies":"Gremlin Leader","floor":23,"turns":9},{"damage":69,"enemies":"Shelled Parasite and Fungi","floor":25,"turns":6}],"seed_played":"9094727128809902694","potions_obtained":[{"floor":5.0,"key":"sneckomod:MuddlingPotion"},{"floor":7.0,"key":"PowerPotion"},{"floor":16,"key":"PowerPotion"},{"floor":18,"key":"champ:CounterPotion"},{"floor":21,"key":"EntropicBrew"},{"floor":23,"key":"Strength Potion"}],"is_trial":false,"path_per_floor":["M","M","$","?","M","R","M","R","T","R","M","E","M","M","R","B",null,"M","M","$","?","$","E","AVR","M"],"character_chosen":"BEAKED_THE_CULTIST","items_purchased":["beaked:Insight","beaked:BloodRitual","beaked:Resilience"],"campfire_rested":0,"item_purchase_floors":[3,20,20],"current_hp_per_floor":[50,50,50,50,50,50,50,50,50,50,50,23,50,50,50,49,50,28,54,54,41,41,23,23,0,0],"gold":138,"neow_bonus":"THREE_CARDS","is_daily":false,"chose_seed":false,"campfire_upgraded":4,"win_rate":0.0,"timestamp":1609435453,"path_taken":["M","M","?","?","M","R","?","R","T","R","M","E","M","M","R","BOSS","M","M","$","?","?","E","AVR","M"],"items_purchased_type":["Card","Card","Card"],"build_version":"2020-12-22","purchased_purges":3,"victory":false,"max_hp_per_floor":[50,50,50,50,50,50,50,50,50,50,50,50,50,50,50,50,50,52,54,54,54,54,56,56,56,56],"card_choices":[{"not_picked":["beaked:Struggle","beaked:Evade"],"picked":"beaked:Overpower","floor":0.0},{"not_picked":["beaked:Resilience","ReplayTheSpireMod:Prepare the Ceremony","beaked:BloodForTheGods"],"picked":"SKIP","floor":1.0},{"not_picked":["ReplayTheSpireMod:Prepare the Ceremony","beaked:SurvivalInstinct"],"picked":"beaked:RitualOfBody","floor":2.0},{"not_picked":["beaked:TuckingFeathers","beaked:Insight"],"picked":"beaked:Brace","floor":5.0},{"not_picked":["beaked:Redirect","beaked:Resilience","beaked:MaddeningMurmurs"],"picked":"SKIP","floor":7.0},{"not_picked":["beaked:DigDeeper","beaked:DarkTribute","beaked:Devastation"],"picked":"SKIP","floor":11},{"not_picked":["beaked:Tweet","beaked:TuckingFeathers","beaked:MimicWarrior"],"picked":"SKIP","floor":12},{"not_picked":["beaked:BraceForImpact","beaked:WarriorEssence"],"picked":"beaked:StickSmack","floor":13},{"not_picked":["beaked:BraceForImpact","beaked:Tradeoff"],"picked":"beaked:Insight","floor":14},{"not_picked":["beaked:ShadowFade","beaked:WildInstinct"],"picked":"beaked:SacrificialScars","floor":16},{"not_picked":["beaked:DesperateSwing"],"picked":"SKIP","floor":18},{"not_picked":[],"picked":"beaked:Flinch","floor":19},{"not_picked":["beaked:CursingBlood"],"picked":"SKIP","floor":23}],"player_experience":97094,"relics_obtained":[{"floor":12,"key":"Lizard Tail"},{"floor":21,"key":"Replay:WaspNest"},{"floor":23,"key":"Potion Belt"}],"event_choices":[{"damage_healed":0.0,"max_hp_gain":0.0,"max_hp_loss":0.0,"gold_gain":0.0,"event_name":"NoteForYourself","player_choice":"Ignored","floor":4.0,"gold_loss":0.0,"damage_taken":0.0}],"is_beta":false,"boss_relics":[{"not_picked":["Astrolabe","Pandora\u0027s Box"],"picked":"Busted Crown"}],"items_purged_floors":[3,20,24],"is_endless":false,"potions_floor_spawned":[5,7,16,18,23],"killed_by":"Shelled Parasite and Fungi","ascension_level":0}}