{"host":"lvhfn8l5bvc4nolx","time":1609381637,"event":{"mods":["AchievementEnabler","BaseMod","Colored Map","Keyboard Shortcuts","Minty Spire (QoL Compilation)","Permanent Neow","Quick Restart","SuperFastMode"],"gold_per_floor":[112,112,64,139,153,153,188,188,262,277,307,132,146,165,165,264,264,279,378,388,406,420,420,420,469,496,496,91,117,132,163,163,263,263],"floor_reached":35,"playtime":880,"items_purged":["Defend_G"],"score":876,"play_id":"428ad367-eeb1-4ae4-992b-947da81849d2","local_time":"20201231112717","is_ascension_mode":true,"campfire_choices":[{"data":"Caltrops","floor":6,"key":"SMITH"},{"floor":8,"key":"REST"},{"data":"Envenom","floor":15,"key":"SMITH"},{"data":"Acrobatics","floor":23,"key":"SMITH"},{"data":"Acrobatics","floor":27,"key":"SMITH"},{"floor":32,"key":"REST"}],"circlet_count":0,"master_deck":["Strike_G","Strike_G","Strike_G","Defend_G","Defend_G","Defend_G","Defend_G","Survivor","Neutralize","Envenom+1","Caltrops+1","Terror","Backflip","Backstab","Blade Dance","Reflex","Acrobatics+1","Prepared","Calculated Gamble","Backflip+1","Acrobatics+1","After Image","Prepared+1","Blur+1","Reflex+1","After Image"],"relics":["Ring of the Snake","Singing Bowl","Gremlin Horn","Strawberry","Orrery","Sozu","War Paint","Toy Ornithopter","Toxic Egg 2","Blood Vial","Happy Flower","Cursed Key"],"acts_visited":["Exordium","TheCity","TheBeyond"],"potions_floor_usage":[16],"damage_taken":[{"damage":4.0,"enemies":"Small Slimes","floor":1.0,"turns":8.0},{"damage":1,"enemies":"2 Louse","floor":5,"turns":4},{"damage":27,"enemies":"Lagavulin","floor":7,"turns":8},{"damage":0,"enemies":"Cultist","floor":10,"turns":4},{"damage":27,"enemies":"3 Sentries","floor":11,"turns":8},{"damage":7,"enemies":"Exordium Wildlife","floor":13,"turns":3},{"damage":9,"enemies":"Blue Slaver","floor":14,"turns":3},{"damage":6,"enemies":"Hexaghost","floor":16,"turns":7},{"damage":7,"enemies":"Shell Parasite","floor":18,"turns":5},{"damage":9,"enemies":"Chosen","floor":20,"turns":5},{"damage":25,"enemies":"Snecko","floor":21,"turns":6},{"damage":13,"enemies":"Centurion and Healer","floor":22,"turns":8},{"damage":18,"enemies":"Gremlin Leader","floor":29,"turns":3},{"damage":0,"enemies":"Snake Plant","floor":30,"turns":1},{"damage":0,"enemies":"Slavers","floor":31,"turns":1},{"damage":0,"enemies":"Champ","floor":33,"turns":1},{"damage":0,"enemies":"Awakened One","floor":34,"turns":1}],"seed_played":"4324726919391879363","potions_obtained":[{"floor":1.0,"key":"LiquidBronze"},{"floor":5,"key":"FearPotion"}],"is_trial":false,"path_per_floor":["M","?","$","?","M","R","E","R","T","M","E","$","M","M","R","B",null,"M","?","M","M","M","R","?","T","T","R","$","E","M","E","R","B",null,null],"character_chosen":"THE_SILENT","items_purchased":["Backflip","Acrobatics","Orrery","Toxic Egg 2","Blur+1"],"campfire_rested":2,"item_purchase_floors":[3,12,12,28,28],"current_hp_per_floor":[45,50,50,43,42,42,17,40,40,40,20,24,19,10,10,4,90,85,85,76,53,42,42,23,23,23,23,23,7,9,13,44,46,105],"gold":263,"neow_bonus":"TRANSFORM_TWO_CARDS","is_daily":false,"chose_seed":false,"campfire_upgraded":4,"win_rate":0.0,"timestamp":1609381637,"path_taken":["M","?","$","?","?","R","E","R","T","M","E","$","M","M","R","BOSS","M","?","M","M","M","R","?","?","T","R","$","E","?","E","R","BOSS","BOSS"],"items_purchased_type":["Card","Card","Relic","Relic","Card"],"build_version":"2020-12-22","purchased_purges":1,"victory":true,"max_hp_per_floor":[70,75,75,75,75,75,77,77,77,77,84,88,90,90,90,90,90,92,92,92,94,96,96,101,101,101,101,101,103,103,105,105,105,105],"card_choices":[{"not_picked":["Expertise","Finisher"],"picked":"Terror","floor":1.0},{"not_picked":["Cloak And Dagger","Outmaneuver"],"picked":"Backstab","floor":5},{"not_picked":["Cloak And Dagger","Predator","Finisher"],"picked":"Singing Bowl","floor":7},{"not_picked":["Backflip","Dodge and Roll"],"picked":"Blade Dance","floor":10},{"not_picked":["Deadly Poison","Storm of Steel"],"picked":"Reflex","floor":11},{"not_picked":["Deflect","Dagger Spray","Blade Dance"],"picked":"Singing Bowl","floor":12},{"not_picked":["Quick Slash","Terror"],"picked":"Prepared","floor":12},{"not_picked":["Eviscerate","Endless Agony"],"picked":"Calculated Gamble","floor":12},{"not_picked":["Terror","Dagger Throw","Underhanded Strike"],"picked":"Singing Bowl","floor":12},{"not_picked":["Deadly Poison","Flying Knee"],"picked":"Backflip","floor":12},{"not_picked":["Poisoned Stab","Malaise","Sucker Punch"],"picked":"Singing Bowl","floor":13},{"not_picked":["Bane","Prepared"],"picked":"Acrobatics","floor":14},{"not_picked":["Burst","Phantasmal Killer"],"picked":"After Image","floor":16},{"not_picked":["Backstab+1","Dagger Throw","Dodge and Roll+1"],"picked":"Singing Bowl","floor":18},{"not_picked":["Expertise","Deflect"],"picked":"Prepared","floor":20},{"not_picked":["Flechettes+1","Sucker Punch","Dagger Spray+1"],"picked":"Singing Bowl","floor":21},{"not_picked":["Dagger Throw","Cloak And Dagger","Bane"],"picked":"Singing Bowl","floor":22},{"not_picked":["Flying Knee","Bane+1","Deadly Poison+1"],"picked":"Singing Bowl","floor":29},{"not_picked":["Dodge and Roll+1","Dash"],"picked":"Reflex+1","floor":30},{"not_picked":["Underhanded Strike","Outmaneuver+1","Skewer"],"picked":"Singing Bowl","floor":31},{"not_picked":["Storm of Steel+1","Malaise+1"],"picked":"After Image","floor":33}],"player_experience":355338,"relics_obtained":[{"floor":7,"key":"Singing Bowl"},{"floor":9,"key":"Gremlin Horn"},{"floor":11,"key":"Strawberry"},{"floor":25,"key":"War Paint"},{"floor":26,"key":"Toy Ornithopter"},{"floor":29,"key":"Blood Vial"},{"floor":31,"key":"Happy Flower"}],"event_choices":[{"damage_healed":0.0,"max_hp_gain":5.0,"max_hp_loss":0.0,"gold_gain":0.0,"event_name":"Big Fish","player_choice":"Donut","floor":2.0,"gold_loss":0.0,"damage_taken":0.0},{"damage_healed":0,"gold_gain":75,"player_choice":"Touch","damage_taken":7,"max_hp_gain":0,"max_hp_loss":0,"event_name":"FaceTrader","floor":4,"gold_loss":0},{"damage_healed":0,"gold_gain":99,"player_choice":"Stole From Cult","damage_taken":0,"max_hp_gain":0,"max_hp_loss":0,"event_name":"Nest","floor":19,"gold_loss":0},{"damage_healed":0,"gold_gain":0,"player_choice":"Shed Blood","damage_taken":24,"max_hp_gain":5,"max_hp_loss":0,"event_name":"Forgotten Altar","floor":24,"gold_loss":0}],"is_beta":false,"boss_relics":[{"not_picked":["SacredBark","WristBlade"],"picked":"Sozu"},{"not_picked":["Runic Dome","Fusion Hammer"],"picked":"Cursed Key"}],"items_purged_floors":[28],"is_endless":false,"potions_floor_spawned":[1,5,18,21,30,33],"ascension_level":2}}