{"host":"rmsq46plbpwfbxcc","time":1609422604,"event":{"mods":["AchievementEnabler","BaseMod","Colored Map","Colored Powertips","DeckTracker","KOR Keyword Fix","Minty Spire (QoL Compilation)","Permanent Neow","Quick Restart","SuperFastMode"],"gold_per_floor":[109,58,75,75,88,88,118,118,145,170,186,186,186,202,202,276,276,292,309,322,338,338,338,338],"floor_reached":23,"playtime":464,"items_purged":[],"score":506,"play_id":"dae31eca-1c51-4bc7-a320-32bffb6d8475","local_time":"20201231225004","is_ascension_mode":true,"campfire_choices":[{"data":"Blade Dance","floor":6.0,"key":"SMITH"},{"data":"Terror","floor":8.0,"key":"SMITH"},{"data":"Neutralize","floor":13.0,"key":"SMITH"},{"data":"Accuracy","floor":15.0,"key":"SMITH"}],"circlet_count":0,"master_deck":["AscendersBane","Strike_G","Strike_G","Strike_G","Strike_G","Defend_G","Defend_G","Defend_G","Defend_G","Defend_G","Survivor","Neutralize+1","Terror+1","Blade Dance+1","Accuracy+1","Dash","Finisher","Phantasmal Killer","Cloak And Dagger+1"],"relics":["Coffee Dripper","Boot","Vajra","MealTicket","SacredBark"],"acts_visited":["Exordium","TheCity"],"potions_floor_usage":[],"damage_taken":[{"damage":1.0,"enemies":"Cultist","floor":1.0,"turns":4.0},{"damage":0.0,"enemies":"2 Louse","floor":3.0,"turns":3.0},{"damage":4.0,"enemies":"Jaw Worm","floor":5.0,"turns":2.0},{"damage":0.0,"enemies":"Lagavulin","floor":7.0,"turns":4.0},{"damage":0.0,"enemies":"Gremlin Nob","floor":10.0,"turns":3.0},{"damage":22.0,"enemies":"Lots of Slimes","floor":11.0,"turns":3.0},{"damage":0.0,"enemies":"Gremlin Gang","floor":14.0,"turns":4.0},{"damage":8.0,"enemies":"Hexaghost","floor":16.0,"turns":5.0},{"damage":5.0,"enemies":"3 Byrds","floor":18.0,"turns":2.0},{"damage":15.0,"enemies":"Chosen","floor":19.0,"turns":5.0},{"damage":0.0,"enemies":"Snake Plant","floor":20.0,"turns":1.0},{"damage":23.0,"enemies":"Sentry and Sphere","floor":21.0,"turns":5.0},{"damage":24,"enemies":"Slavers","floor":23,"turns":1}],"seed_played":"8653605717337542165","potions_obtained":[{"floor":5.0,"key":"SteroidPotion"},{"floor":14.0,"key":"PowerPotion"},{"floor":16.0,"key":"LiquidBronze"},{"floor":18.0,"key":"Weak Potion"},{"floor":19.0,"key":"SteroidPotion"}],"is_trial":false,"path_per_floor":["M","$","M","?","M","R","E","R","T","E","M","?","R","M","R","B",null,"M","M","M","M","?","E"],"character_chosen":"THE_SILENT","items_purchased":["Blade Dance"],"campfire_rested":0,"item_purchase_floors":[2],"current_hp_per_floor":[58,58,58,58,54,54,54,54,54,54,32,32,32,32,32,24,56,51,36,36,13,13,0,0],"gold":338,"neow_bonus":"BOSS_RELIC","is_daily":false,"chose_seed":false,"campfire_upgraded":4,"win_rate":0.0,"timestamp":1609422604,"path_taken":["M","$","M","?","M","R","E","R","T","E","M","?","R","M","R","BOSS","M","M","M","M","?","E"],"items_purchased_type":["Card"],"build_version":"2020-12-22","purchased_purges":0,"victory":false,"max_hp_per_floor":[66,66,66,66,66,66,66,66,66,66,66,66,66,66,66,66,66,66,66,66,66,66,66,66],"card_choices":[{"not_picked":["Dagger Spray","Reflex"],"picked":"Terror","floor":1.0},{"not_picked":["Dodge and Roll","Prepared"],"picked":"Accuracy","floor":3.0},{"not_picked":["Slice","Riddle With Holes","Predator"],"picked":"SKIP","floor":5.0},{"not_picked":["Deflect","Bane"],"picked":"Dash","floor":7.0},{"not_picked":["Noxious Fumes","Poisoned Stab","Bouncing Flask"],"picked":"SKIP","floor":10.0},{"not_picked":["Underhanded Strike","Flechettes","Flying Knee"],"picked":"SKIP","floor":11.0},{"not_picked":["Dagger Spray","Underhanded Strike"],"picked":"Finisher","floor":14.0},{"not_picked":["Die Die Die","Unload"],"picked":"Phantasmal Killer","floor":16.0},{"not_picked":["Dagger Spray","Catalyst","Poisoned Stab+1"],"picked":"SKIP","floor":18.0},{"not_picked":["Reflex","Heel Hook","Skewer"],"picked":"SKIP","floor":19.0},{"not_picked":["Acrobatics","Quick Slash"],"picked":"Cloak And Dagger+1","floor":20.0},{"not_picked":["Caltrops","Blade Dance","Outmaneuver"],"picked":"SKIP","floor":21.0}],"player_experience":1422169,"relics_obtained":[{"floor":7.0,"key":"Boot"},{"floor":9.0,"key":"Vajra"},{"floor":10.0,"key":"MealTicket"}],"event_choices":[{"damage_healed":0.0,"max_hp_gain":0.0,"max_hp_loss":0.0,"gold_gain":0.0,"event_name":"Scrap Ooze","player_choice":"Fled","floor":4.0,"gold_loss":0.0,"damage_taken":0.0},{"cards_removed":["Strike_G"],"damage_healed":0.0,"max_hp_gain":0.0,"max_hp_loss":0.0,"gold_gain":0.0,"event_name":"Living Wall","player_choice":"Forget","floor":12.0,"gold_loss":0.0,"damage_taken":0.0},{"damage_healed":0,"gold_gain":0,"player_choice":"Leave","damage_taken":0,"max_hp_gain":0,"max_hp_loss":0,"event_name":"FaceTrader","floor":22,"gold_loss":0}],"is_beta":false,"boss_relics":[{"not_picked":["Ectoplasm","Pandora\u0027s Box"],"picked":"SacredBark"}],"items_purged_floors":[],"is_endless":false,"potions_floor_spawned":[5,14,16,18,19],"killed_by":"Slavers","ascension_level":20}}