{"host":"xjyie0ctswsml60g","time":1609420743,"event":{"mods":["AchievementEnabler","BaseMod","Colored Map","Minty Spire (QoL Compilation)","Quick Restart","SuperFastMode"],"gold_per_floor":[112,112,128,144,144,161,171,346,416,443,460,476,476,511,511,615,615,633,650,650,650,650,650,676,676,702,727,727,746,746,746,746],"floor_reached":31,"playtime":1141,"items_purged":[],"score":285,"play_id":"d4e49a9e-22f5-4626-9707-61a0afde0e53","local_time":"20201231151903","is_ascension_mode":false,"campfire_choices":[{"floor":13.0,"key":"RECALL"},{"data":"TalkToTheHand","floor":15.0,"key":"SMITH"},{"data":"Establishment","floor":23.0,"key":"SMITH"},{"floor":25.0,"key":"REST"},{"floor":28.0,"key":"REST"}],"circlet_count":0,"master_deck":["Strike_P","Strike_P","Strike_P","Strike_P","Defend_P","Defend_P","Defend_P","Defend_P","Eruption","Vigilance","CarveReality+1","FlyingSleeves","FearNoEvil","TalkToTheHand+1","Establishment+1","Protect","BattleHymn","RitualDagger","Meditate"],"relics":["PureWater","TungstenRod","Akabeko","Ancient Tea Set","Enchiridion","Nunchaku","Happy Flower","Shuriken"],"acts_visited":["Exordium","TheCity"],"potions_floor_usage":[],"damage_taken":[{"damage":0.0,"enemies":"Jaw Worm","floor":1.0,"turns":2.0},{"damage":0.0,"enemies":"2 Louse","floor":3.0,"turns":3.0},{"damage":0.0,"enemies":"Small Slimes","floor":4.0,"turns":2.0},{"damage":2.0,"enemies":"2 Fungi Beasts","floor":6.0,"turns":4.0},{"damage":0.0,"enemies":"Red Slaver","floor":7.0,"turns":3.0},{"damage":25.0,"enemies":"3 Sentries","floor":10.0,"turns":4.0},{"damage":7.0,"enemies":"Gremlin Gang","floor":11.0,"turns":2.0},{"damage":0.0,"enemies":"2 Fungi Beasts","floor":12.0,"turns":2.0},{"damage":10.0,"enemies":"Gremlin Nob","floor":14.0,"turns":3.0},{"damage":24.0,"enemies":"The Guardian","floor":16.0,"turns":10.0},{"damage":11.0,"enemies":"2 Thieves","floor":18.0,"turns":4.0},{"damage":11.0,"enemies":"3 Byrds","floor":19.0,"turns":6.0},{"damage":23.0,"enemies":"Book of Stabbing","floor":24.0,"turns":5.0},{"damage":41.0,"enemies":"Slavers","floor":27.0,"turns":8.0},{"damage":24,"enemies":"Snake Plant","floor":29,"turns":4},{"damage":9,"enemies":"Sentry and Sphere","floor":31,"turns":2}],"seed_played":"8684150250772174386","potions_obtained":[{"floor":1.0,"key":"Fruit Juice"},{"floor":7.0,"key":"Fire Potion"},{"floor":11.0,"key":"SkillPotion"},{"floor":12.0,"key":"BottledMiracle"},{"floor":14.0,"key":"Energy Potion"},{"floor":19.0,"key":"ColorlessPotion"},{"floor":24.0,"key":"EssenceOfSteel"}],"is_trial":false,"path_per_floor":["M","?","M","M","?","M","M","?","T","E","M","M","R","E","R","B",null,"M","M","?","?","?","R","E","R","T","E","R","M","?","M"],"character_chosen":"WATCHER","items_purchased":[],"campfire_rested":2,"item_purchase_floors":[],"current_hp_per_floor":[84,72,72,72,72,70,70,70,70,45,38,38,38,28,28,4,84,73,62,50,50,45,45,22,47,47,6,31,7,7,0,0],"gold":746,"neow_bonus":"TEN_PERCENT_HP_BONUS","is_daily":false,"chose_seed":false,"campfire_upgraded":2,"win_rate":0.0,"timestamp":1609420743,"path_taken":["M","?","M","M","?","M","M","?","T","E","M","M","R","E","R","BOSS","M","M","?","?","?","R","E","R","T","E","R","M","?","M"],"items_purchased_type":[],"build_version":"2020-12-22","purchased_purges":0,"victory":false,"max_hp_per_floor":[84,84,84,84,84,84,84,84,84,84,84,84,84,84,84,84,84,84,84,84,84,84,84,84,84,84,84,84,84,84,84,84],"card_choices":[{"not_picked":["FollowUp","ClearTheMind"],"picked":"CarveReality","floor":1.0},{"not_picked":["Halt","LikeWater"],"picked":"FlyingSleeves","floor":3.0},{"not_picked":["EmptyBody","Vengeance","Protect"],"picked":"SKIP","floor":4.0},{"not_picked":["Study","EmptyBody","LikeWater"],"picked":"SKIP","floor":6.0},{"not_picked":["LikeWater","BowlingBash","Collect"],"picked":"SKIP","floor":7.0},{"not_picked":["CrushJoints","ClearTheMind","EmptyFist"],"picked":"SKIP","floor":10.0},{"not_picked":["EmptyFist","Prostrate"],"picked":"FearNoEvil","floor":11.0},{"not_picked":["SignatureMove","DeceiveReality","Sanctity"],"picked":"SKIP","floor":12.0},{"not_picked":["PathToVictory","InnerPeace"],"picked":"TalkToTheHand","floor":14.0},{"not_picked":["LessonLearned","SpiritShield"],"picked":"Establishment","floor":16.0},{"not_picked":["EmptyMind","FlurryOfBlows"],"picked":"Protect","floor":18.0},{"not_picked":["FlyingSleeves+1","CutThroughFate+1"],"picked":"BattleHymn","floor":19.0},{"not_picked":["PathToVictory","Prostrate+1","Fasting2"],"picked":"SKIP","floor":24.0},{"not_picked":["Devotion","Evaluate","Nirvana"],"picked":"SKIP","floor":27.0},{"not_picked":["BowlingBash","Conclude"],"picked":"Meditate","floor":29}],"player_experience":460315,"relics_obtained":[{"floor":10.0,"key":"Akabeko"},{"floor":14.0,"key":"Ancient Tea Set"},{"floor":20.0,"key":"Enchiridion"},{"floor":24.0,"key":"Nunchaku"},{"floor":26.0,"key":"Happy Flower"},{"floor":27.0,"key":"Shuriken"}],"event_choices":[{"damage_healed":0.0,"max_hp_gain":0.0,"max_hp_loss":0.0,"gold_gain":0.0,"event_name":"Scrap Ooze","player_choice":"Success","floor":2.0,"gold_loss":0.0,"damage_taken":12.0,"relics_obtained":["TungstenRod"]},{"damage_healed":0.0,"max_hp_gain":0.0,"max_hp_loss":0.0,"gold_gain":0.0,"event_name":"Living Wall","player_choice":"Grow","floor":5.0,"gold_loss":0.0,"damage_taken":0.0,"cards_upgraded":["CarveReality"]},{"damage_healed":0.0,"max_hp_gain":0.0,"max_hp_loss":0.0,"gold_gain":175.0,"event_name":"Liars Game","player_choice":"AGREE","floor":8.0,"gold_loss":0.0,"damage_taken":0.0,"cards_obtained":["Doubt"]},{"damage_healed":0.0,"max_hp_gain":0.0,"max_hp_loss":0.0,"gold_gain":0.0,"event_name":"Cursed Tome","player_choice":"Obtained Book","floor":20.0,"gold_loss":0.0,"damage_taken":16.0},{"cards_removed":["Doubt"],"damage_healed":0.0,"max_hp_gain":0.0,"max_hp_loss":0.0,"gold_gain":0.0,"event_name":"Back to Basics","player_choice":"Elegance","floor":21.0,"gold_loss":0.0,"damage_taken":0.0},{"damage_healed":0.0,"max_hp_gain":0.0,"max_hp_loss":0.0,"gold_gain":0.0,"event_name":"Nest","player_choice":"Joined the Cult","floor":22.0,"gold_loss":0.0,"damage_taken":6.0,"cards_obtained":["RitualDagger"]},{"damage_healed":0,"gold_gain":0,"player_choice":"Ignored","damage_taken":0,"max_hp_gain":0,"max_hp_loss":0,"event_name":"NoteForYourself","floor":30,"gold_loss":0}],"is_beta":false,"boss_relics":[{"not_picked":["Pandora\u0027s Box","Fusion Hammer","Velvet Choker"]}],"items_purged_floors":[],"is_endless":false,"potions_floor_spawned":[1,7,11,12,14,19,24],"killed_by":"Sentry and Sphere","ascension_level":0}}