{"host":"jm9833yuloeli2yd","time":1609377311,"event":{"mods":["AchievementEnabler","BaseMod","Better Altar","Better Match","Better Note","Better Sensory Stone","Better Skull","Better Third Choice","Better Vampires","BetterRewards","Colored Map","Colored Powertips","DeckTracker","Marked Mod","Minty Spire (QoL Compilation)","Permanent Neow","Quick Restart","StSLib","SuperFastMode"],"gold_per_floor":[112,112,126,72,86,121,121,154,181,181,197,223,239,239,239],"floor_reached":14,"playtime":288,"items_purged":["Normality"],"score":270,"play_id":"803d1a3e-526a-4974-a21f-adb703ea7398","local_time":"20201230201511","is_ascension_mode":true,"campfire_choices":[{"data":"Zap","floor":7,"key":"SMITH"},{"data":"Rip and Tear","floor":10,"key":"SMITH"}],"circlet_count":0,"master_deck":["AscendersBane","Strike_B","Strike_B","Strike_B","Strike_B","Defend_B","Defend_B+1","Defend_B","Defend_B","Zap+1","Dualcast","Cold Snap","Go for the Eyes","Rip and Tear+1","Rip and Tear+1","Genetic Algorithm","Self Repair","Hologram","Gash","Rainbow","Double Energy"],"relics":["Cracked Core","Pen Nib","Vajra","Strawberry","Tiny Chest","Gremlin Horn"],"acts_visited":["Exordium"],"potions_floor_usage":[6,8,13,14],"damage_taken":[{"damage":0,"enemies":"Small Slimes","floor":1,"turns":4},{"damage":2,"enemies":"Jaw Worm","floor":3,"turns":2},{"damage":0,"enemies":"Cultist","floor":5,"turns":2},{"damage":0,"enemies":"Gremlin Nob","floor":6,"turns":3},{"damage":10,"enemies":"3 Sentries","floor":8,"turns":5},{"damage":0,"enemies":"3 Louse","floor":11,"turns":1},{"damage":18,"enemies":"Lagavulin","floor":12,"turns":6},{"damage":21,"enemies":"Exordium Thugs","floor":13,"turns":3},{"damage":8,"enemies":"3 Sentries","floor":14,"turns":1}],"seed_played":"6612412624199710260","potions_obtained":[{"floor":3,"key":"EssenceOfDarkness"},{"floor":6,"key":"Strength Potion"},{"floor":13,"key":"AttackPotion"}],"is_trial":false,"path_per_floor":["M","?","M","$","M","E","R","E","T","R","M","E","M","E"],"character_chosen":"DEFECT","items_purchased":["Cold Snap","Go for the Eyes","Explosive Potion"],"campfire_rested":0,"item_purchase_floors":[0,0,4],"current_hp_per_floor":[57,36,34,34,34,34,34,38,38,38,38,27,6,0,0],"gold":239,"neow_bonus":"","is_daily":false,"chose_seed":false,"campfire_upgraded":2,"win_rate":0.0,"timestamp":1609377311,"path_taken":["M","?","M","$","M","E","R","E","T","R","M","E","M","E"],"items_purchased_type":["Card","Card","Potion"],"build_version":"2020-12-22","purchased_purges":1,"victory":false,"max_hp_per_floor":[71,71,71,71,71,71,71,78,78,78,78,78,78,78,78],"card_choices":[{"not_picked":["Beam Cell","Compile Driver"],"picked":"Rip and Tear","floor":1},{"not_picked":["Stack","Chaos"],"picked":"Rip and Tear","floor":3},{"not_picked":["Redo","Auto Shields"],"picked":"Genetic Algorithm","floor":5},{"not_picked":["Tempest","Steam"],"picked":"Self Repair","floor":6},{"not_picked":["Aggregate","Blizzard"],"picked":"Hologram","floor":8},{"not_picked":["Steam","Hologram","Gash"],"picked":"SKIP","floor":11},{"not_picked":["Steam","Hologram"],"picked":"Gash","floor":11},{"not_picked":["Streamline","Reinforced Body"],"picked":"Rainbow","floor":12},{"not_picked":["Chaos","Aggregate"],"picked":"Double Energy","floor":13}],"player_experience":1200588,"relics_obtained":[{"floor":6,"key":"Vajra"},{"floor":8,"key":"Strawberry"},{"floor":9,"key":"Tiny Chest"},{"floor":12,"key":"Gremlin Horn"}],"event_choices":[{"damage_healed":57,"gold_gain":0,"player_choice":"Upgrade","damage_taken":21,"max_hp_gain":0,"max_hp_loss":71,"event_name":"betterThird:BetterShining","floor":2,"gold_loss":0,"cards_upgraded":["Rip and Tear","Defend_B"]}],"is_beta":false,"boss_relics":[],"items_purged_floors":[0],"is_endless":false,"potions_floor_spawned":[3,6,13],"killed_by":"3 Sentries","ascension_level":20}}