{"host":"rmsq46plbpwfbxcc","time":1609415042,"event":{"mods":["AchievementEnabler","BaseMod","Colored Map","Colored Powertips","DeckTracker","KOR Keyword Fix","Minty Spire (QoL Compilation)","Permanent Neow","Quick Restart","SuperFastMode"],"gold_per_floor":[409,409,433,433,483,483,496,496,496],"floor_reached":8,"playtime":163,"items_purged":[],"score":92,"play_id":"08eca270-0acf-4460-9331-30551be5f7db","local_time":"20201231204402","is_ascension_mode":true,"campfire_choices":[{"data":"Neutralize","floor":6,"key":"SMITH"}],"circlet_count":0,"master_deck":["AscendersBane","Strike_G","Strike_G","Strike_G","Strike_G","Strike_G","Defend_G","Defend_G","Defend_G","Defend_G","Defend_G","Survivor","Neutralize+1","CurseOfTheBell","Dagger Throw","Injury","PiercingWail"],"relics":["Calling Bell","Juzu Bracelet","Singing Bowl","Old Coin","Golden Idol"],"acts_visited":["Exordium"],"potions_floor_usage":[7,8],"damage_taken":[{"damage":4,"enemies":"Jaw Worm","floor":1,"turns":6},{"damage":9,"enemies":"2 Louse","floor":3,"turns":3},{"damage":21,"enemies":"Small Slimes","floor":7,"turns":5},{"damage":22,"enemies":"Lagavulin","floor":8,"turns":6}],"seed_played":"74703414414518510","potions_obtained":[{"floor":3,"key":"Regen Potion"},{"floor":7,"key":"Strength Potion"}],"is_trial":false,"path_per_floor":["M","?","M","?","?","R","M","E"],"character_chosen":"THE_SILENT","items_purchased":[],"campfire_rested":0,"item_purchase_floors":[],"current_hp_per_floor":[55,55,48,48,48,48,41,19,19],"gold":496,"neow_bonus":"BOSS_RELIC","is_daily":false,"chose_seed":false,"campfire_upgraded":1,"win_rate":0.0,"timestamp":1609415042,"path_taken":["M","?","M","?","?","R","M","E"],"items_purchased_type":[],"build_version":"2020-12-22","purchased_purges":0,"victory":false,"max_hp_per_floor":[66,66,68,68,68,68,68,68,68],"card_choices":[{"not_picked":["Skewer","Quick Slash"],"picked":"Dagger Throw","floor":1},{"not_picked":["Poisoned Stab","Backstab","Outmaneuver"],"picked":"Singing Bowl","floor":3},{"not_picked":["Reflex","Bane"],"picked":"PiercingWail","floor":7}],"player_experience":1419988,"relics_obtained":[{"floor":0,"key":"Juzu Bracelet"},{"floor":0,"key":"Singing Bowl"},{"floor":0,"key":"Old Coin"}],"event_choices":[{"damage_healed":0,"gold_gain":0,"player_choice":"Take Wound","damage_taken":0,"relics_obtained":["Golden Idol"],"max_hp_gain":0,"max_hp_loss":0,"event_name":"Golden Idol","floor":2,"gold_loss":0,"cards_obtained":["Injury"]},{"damage_healed":0,"gold_gain":0,"player_choice":"Ignored","damage_taken":0,"max_hp_gain":0,"max_hp_loss":0,"event_name":"Liars Game","floor":4,"gold_loss":0},{"damage_healed":0,"gold_gain":50,"player_choice":"Pray","damage_taken":0,"max_hp_gain":0,"max_hp_loss":0,"event_name":"Golden Shrine","floor":5,"gold_loss":0}],"is_beta":false,"boss_relics":[],"items_purged_floors":[],"is_endless":false,"potions_floor_spawned":[3,7],"killed_by":"Lagavulin","ascension_level":20}}