{"host":"e1pm3b7xpcm97e5w","time":1609435848,"event":{"mods":["BaseMod","Better Skull","Googly Eyes","Minty Spire (QoL Compilation)","Relic Stats","Shop Mod","Spicy Shops","StSLib"],"gold_per_floor":[110,185,200,200,200,200,235,235,235,255,255,39,54,79,79,210,210,201,201,300,300,68,68,87,87,87],"floor_reached":25,"playtime":52265,"items_purged":["Strike_B"],"score":325,"play_id":"1801fa4d-b105-4fdc-8e5e-3cb56d8d840b","local_time":"20201231123048","is_ascension_mode":true,"campfire_choices":[{"data":"Zap","floor":6,"key":"SMITH"},{"data":"Redo","floor":11,"key":"SMITH"},{"data":"Creative AI","floor":15,"key":"SMITH"},{"data":"Loop","floor":23,"key":"SMITH"}],"circlet_count":0,"master_deck":["Strike_B","Strike_B","Defend_B","Defend_B","Defend_B","Defend_B","Zap+1","Dualcast","White Noise","Redo+1","Chill","Steam","Creative AI+1","Storm","Loop+1","Echo Form","Necronomicurse","Conserve Battery","Storm"],"relics":["Cracked Core","NeowsBlessing","Golden Idol","Toy Ornithopter","Gremlin Horn","Philosopher\u0027s Stone","Necronomicon","Bronze Scales"],"acts_visited":["Exordium","TheCity"],"potions_floor_usage":[16,18],"damage_taken":[{"damage":0,"enemies":"Small Slimes","floor":1,"turns":1},{"damage":0,"enemies":"2 Louse","floor":3,"turns":1},{"damage":0,"enemies":"3 Sentries","floor":7,"turns":1},{"damage":0,"enemies":"Jaw Worm","floor":10,"turns":2},{"damage":9,"enemies":"Looter","floor":13,"turns":4},{"damage":0,"enemies":"Exordium Thugs","floor":14,"turns":4},{"damage":38,"enemies":"Hexaghost","floor":16,"turns":9},{"damage":28,"enemies":"2 Thieves","floor":18,"turns":5},{"damage":5,"enemies":"Chosen","floor":24,"turns":3},{"damage":40,"enemies":"Book of Stabbing","floor":25,"turns":5}],"seed_played":"-2425400177812667178","potions_obtained":[{"floor":7,"key":"Ancient Potion"},{"floor":10,"key":"SpeedPotion"},{"floor":13,"key":"SteroidPotion"},{"floor":14,"key":"Energy Potion"},{"floor":24,"key":"GamblersBrew"}],"is_trial":false,"path_per_floor":["M","?","M","?","?","R","E","?","T","M","R","$","M","M","R","B",null,"M","?","?","?","$","R","M","E"],"character_chosen":"DEFECT","items_purchased":["Creative AI","Bronze Scales","Conserve Battery"],"campfire_rested":0,"item_purchase_floors":[12,22,22],"current_hp_per_floor":[68,57,57,75,69,69,69,69,69,69,69,69,60,60,60,27,59,36,20,20,43,43,43,38,0,0],"gold":87,"neow_bonus":"THREE_ENEMY_KILL","is_daily":false,"chose_seed":false,"campfire_upgraded":4,"win_rate":0.0,"timestamp":1609435848,"path_taken":["M","?","M","?","?","R","E","?","T","M","R","$","M","?","R","BOSS","M","?","?","?","?","R","M","E"],"items_purchased_type":["Card","Relic","Card"],"build_version":"2020-12-22","purchased_purges":1,"victory":false,"max_hp_per_floor":[75,75,75,75,69,69,69,69,69,69,69,69,69,69,69,69,69,69,69,69,69,69,69,69,69,69],"relic_stats":{"Gremlin Horn":[1,1],"counters":[10,35],"Golden Idol":53,"Bronze Scales":[42],"Necronomicon":[0],"obtain_stats":[{"NeowsBlessing":0,"Gremlin Horn":9,"Golden Idol":5,"Bronze Scales":22,"Philosopher\u0027s Stone":17,"Necronomicon":19,"Cracked Core":0,"Toy Ornithopter":7},{"NeowsBlessing":0,"Gremlin Horn":3,"Golden Idol":2,"Bronze Scales":8,"Philosopher\u0027s Stone":7,"Necronomicon":8,"Cracked Core":0,"Toy Ornithopter":3},{"NeowsBlessing":0,"Gremlin Horn":3,"Golden Idol":2,"Bronze Scales":27,"Philosopher\u0027s Stone":22,"Necronomicon":27,"Cracked Core":0,"Toy Ornithopter":3}],"Toy Ornithopter":10},"card_choices":[{"not_picked":["Go for the Eyes","Turbo"],"picked":"White Noise","floor":1},{"not_picked":["Turbo","Streamline"],"picked":"Redo","floor":3},{"not_picked":["Reinforced Body","Barrage"],"picked":"Chill","floor":7},{"not_picked":["Lockon","Scrape"],"picked":"Steam","floor":10},{"not_picked":["Amplify","Rebound"],"picked":"Storm","floor":13},{"not_picked":["Double Energy","FTL"],"picked":"Loop","floor":14},{"not_picked":["Biased Cognition","Reboot"],"picked":"Echo Form","floor":16},{"not_picked":["Barrage","Fusion+1","Melter"],"picked":"SKIP","floor":18},{"not_picked":["Cold Snap+1","Lockon+1"],"picked":"Storm","floor":24}],"player_experience":445980,"relics_obtained":[{"floor":7,"key":"Toy Ornithopter"},{"floor":9,"key":"Gremlin Horn"},{"floor":19,"key":"Necronomicon"}],"event_choices":[{"damage_healed":0,"gold_gain":75,"player_choice":"Gather Gold","damage_taken":11,"max_hp_gain":0,"max_hp_loss":0,"event_name":"World of Goop","floor":2,"gold_loss":0},{"damage_healed":25,"gold_gain":0,"player_choice":"Banana","damage_taken":0,"max_hp_gain":0,"max_hp_loss":0,"event_name":"Big Fish","floor":4,"gold_loss":0},{"damage_healed":0,"gold_gain":0,"player_choice":"Lose Max HP","damage_taken":0,"relics_obtained":["Golden Idol"],"max_hp_gain":0,"max_hp_loss":6,"event_name":"Golden Idol","floor":5,"gold_loss":0},{"cards_removed":["Strike_B"],"damage_healed":0,"gold_gain":0,"player_choice":"Offered Basic","damage_taken":0,"max_hp_gain":0,"max_hp_loss":0,"event_name":"Bonfire Elementals","floor":8,"gold_loss":0},{"damage_healed":0,"gold_gain":0,"player_choice":"Obtained Book","damage_taken":16,"max_hp_gain":0,"max_hp_loss":0,"event_name":"Cursed Tome","floor":19,"gold_loss":0},{"damage_healed":0,"gold_gain":99,"player_choice":"Stole From Cult","damage_taken":0,"max_hp_gain":0,"max_hp_loss":0,"event_name":"Nest","floor":20,"gold_loss":0},{"damage_healed":23,"gold_gain":0,"player_choice":"Heal","damage_taken":0,"max_hp_gain":0,"max_hp_loss":0,"event_name":"The Library","floor":21,"gold_loss":0}],"is_beta":false,"boss_relics":[{"not_picked":["Empty Cage","Astrolabe"],"picked":"Philosopher\u0027s Stone"}],"items_purged_floors":[12],"is_endless":false,"potions_floor_spawned":[7,10,13,14,24],"killed_by":"Book of Stabbing","ascension_level":9}}