{"host":"9vecvdjkx64cw9bo","time":1609426021,"event":{"mods":["Ascension Unlocker","BaseMod","Custom Start","Keyboard Shortcuts","Minty Spire (QoL Compilation)","Quick Restart","StSLib","SuperFastMode"],"gold_per_floor":[111,111,130,205,130,130,30,43,43,53,53,69,84,102,102,177,177,189,189,64,64,64,64,64,64,64,64,64,78,78,78],"floor_reached":30,"playtime":404,"items_purged":["Strike_R","Strike_R","Strike_R"],"score":436,"play_id":"94febee5-47d2-41f8-b678-3b2e981c8d12","local_time":"20201231234701","is_ascension_mode":true,"campfire_choices":[{"data":"Wild Strike","floor":6.0,"key":"SMITH"},{"data":"Disarm","floor":11.0,"key":"SMITH"},{"data":"Shrug It Off","floor":15.0,"key":"SMITH"},{"data":"Double Tap","floor":23.0,"key":"SMITH"},{"data":"Strike_R","floor":25.0,"key":"SMITH"}],"circlet_count":0,"master_deck":["AscendersBane","Strike_R","Strike_R+1","Defend_R","Defend_R","Defend_R","Defend_R","Bash+1","Wild Strike+1","Shrug It Off+1","Disarm+1","Anger+1","Blood for Blood+1","Double Tap+1","Dropkick+1","Necronomicurse","Heavy Blade+1"],"relics":["Burning Blood","Molten Egg 2","Eternal Feather","Runic Pyramid","Necronomicon","Question Card"],"acts_visited":["Exordium","TheCity"],"potions_floor_usage":[30,30],"damage_taken":[{"damage":11.0,"enemies":"2 Louse","floor":1.0,"turns":4.0},{"damage":6.0,"enemies":"Cultist","floor":3.0,"turns":3.0},{"damage":7.0,"enemies":"Small Slimes","floor":8.0,"turns":4.0},{"damage":1.0,"enemies":"Exordium Wildlife","floor":10.0,"turns":4.0},{"damage":3.0,"enemies":"Looter","floor":12.0,"turns":3.0},{"damage":7.0,"enemies":"Exordium Thugs","floor":13.0,"turns":5.0},{"damage":5.0,"enemies":"3 Louse","floor":14.0,"turns":3.0},{"damage":8.0,"enemies":"Hexaghost","floor":16.0,"turns":9.0},{"damage":22.0,"enemies":"2 Thieves","floor":18.0,"turns":4.0},{"damage":23.0,"enemies":"Shell Parasite","floor":29.0,"turns":3.0},{"damage":10,"enemies":"Slavers","floor":30,"turns":2}],"seed_played":"4654952664260471042","potions_obtained":[{"floor":1.0,"key":"CultistPotion"},{"floor":3.0,"key":"LiquidMemories"},{"floor":14.0,"key":"DuplicationPotion"},{"floor":16.0,"key":"Swift Potion"}],"is_trial":false,"path_per_floor":["M","?","M","?","$","R","$","M","T","M","R","M","M","M","R","B",null,"M","?","$","?","?","R","?","R","T","$","?","M","E"],"character_chosen":"IRONCLAD","items_purchased":[],"campfire_rested":0,"item_purchase_floors":[],"current_hp_per_floor":[63,63,63,52,52,52,52,51,51,56,62,65,64,65,71,69,74,58,37,37,37,37,46,46,55,55,55,34,17,7,7],"gold":78,"neow_bonus":"UPGRADE_CARD","is_daily":false,"chose_seed":false,"campfire_upgraded":5,"win_rate":0.0,"timestamp":1609426021,"path_taken":["M","?","?","?","$","R","?","M","T","M","R","M","M","?","R","BOSS","M","?","?","?","?","R","?","R","T","?","?","M","E"],"items_purchased_type":[],"build_version":"2020-12-22","purchased_purges":3,"victory":false,"max_hp_per_floor":[75,75,75,75,75,75,75,75,75,75,75,75,75,75,75,75,75,75,75,75,75,75,75,75,75,75,75,80,80,80,80],"card_choices":[{"not_picked":["Searing Blow","Shockwave"],"picked":"Wild Strike","floor":1.0},{"not_picked":["Armaments","Cleave+1"],"picked":"Shrug It Off","floor":3.0},{"not_picked":["Demon Form","Flex"],"picked":"Disarm","floor":8.0},{"not_picked":["True Grit","Havoc"],"picked":"Anger+1","floor":10.0},{"not_picked":["Clash+1","Thunderclap+1","Carnage+1"],"picked":"SKIP","floor":12.0},{"not_picked":["Clash+1","Sword Boomerang+1","Pummel+1"],"picked":"SKIP","floor":13.0},{"not_picked":["Rampage+1","Anger+1"],"picked":"Blood for Blood+1","floor":14.0},{"not_picked":["Brutality","Juggernaut"],"picked":"Double Tap","floor":16.0},{"not_picked":["Heavy Blade+1","Shrug It Off"],"picked":"Dropkick+1","floor":18.0},{"not_picked":["Twin Strike+1","Feel No Pain","Clothesline+1","Anger+1"],"picked":"SKIP","floor":29.0}],"player_experience":774533,"relics_obtained":[{"floor":9.0,"key":"Eternal Feather"},{"floor":19.0,"key":"Necronomicon"},{"floor":26.0,"key":"Question Card"}],"event_choices":[{"damage_healed":0.0,"max_hp_gain":0.0,"max_hp_loss":0.0,"gold_gain":0.0,"event_name":"WeMeetAgain","player_choice":"Gave Potion","floor":2.0,"gold_loss":0.0,"damage_taken":0.0,"relics_obtained":["Molten Egg 2"]},{"damage_healed":0.0,"max_hp_gain":0.0,"max_hp_loss":0.0,"gold_gain":75.0,"event_name":"World of Goop","player_choice":"Gather Gold","floor":4.0,"gold_loss":0.0,"damage_taken":11.0},{"damage_healed":0.0,"max_hp_gain":0.0,"max_hp_loss":0.0,"gold_gain":0.0,"event_name":"Cursed Tome","player_choice":"Obtained Book","floor":19.0,"gold_loss":0.0,"damage_taken":21.0},{"damage_healed":0.0,"max_hp_gain":0.0,"max_hp_loss":0.0,"gold_gain":0.0,"event_name":"Ghosts","player_choice":"Ignored","floor":21.0,"gold_loss":0.0,"damage_taken":0.0},{"damage_healed":0.0,"max_hp_gain":0.0,"max_hp_loss":0.0,"gold_gain":0.0,"event_name":"The Library","player_choice":"Read","floor":24.0,"gold_loss":0.0,"damage_taken":0.0,"cards_obtained":["Heavy Blade"]},{"damage_healed":0.0,"max_hp_gain":5.0,"max_hp_loss":0.0,"gold_gain":0.0,"event_name":"Forgotten Altar","player_choice":"Shed Blood","floor":28.0,"gold_loss":0.0,"damage_taken":26.0}],"is_beta":false,"boss_relics":[{"not_picked":["SacredBark","Runic Dome"],"picked":"Runic Pyramid"}],"items_purged_floors":[5,7,20],"is_endless":false,"potions_floor_spawned":[1,3,14,16,29],"killed_by":"Slavers","ascension_level":20}}