{"host":"se62q65hiqxz7cab","time":1609393183,"event":{"mods":["Act Like it!","BaseMod","Colored Map","Minty Spire (QoL Compilation)","Replay The Spire","StSLib","The Bug Knight","The Cursed"],"gold_per_floor":[110,35,54,73,148,148,148,164,190,207,223,252,252,263,263,358,408,427,446,545,545,394,394,394,394],"floor_reached":24,"playtime":1225,"items_purged":["HollowMod:ChannelNail+1"],"score":223,"play_id":"7eb26cd1-47e5-4732-b95f-90f6e831daf6","local_time":"20201231133943","is_ascension_mode":false,"campfire_choices":[{"data":"HollowMod:DescendingDark","floor":6.0,"key":"SMITH"},{"data":"HollowMod:ShadowDash","floor":13.0,"key":"SMITH"},{"floor":15.0,"key":"REST"},{"floor":23,"key":"REST"}],"circlet_count":0,"master_deck":["HollowMod:NailStrikeStart","HollowMod:NailStrikeStart","HollowMod:NailStrikeStart","HollowMod:NailStrikeStart","HollowMod:QuickDashStart","HollowMod:QuickDashStart","HollowMod:QuickDashStart","HollowMod:QuickDashStart","HollowMod:FocusHealStart","HollowMod:PogoStrike","HollowMod:AbyssShriek","HollowMod:DoubleDash","HollowMod:DescendingDark+1","HollowMod:CloakDash","HollowMod:GoodIntentions","HollowMod:ShadowDash+1","HollowMod:MonarchWings","HollowMod:CycloneSlash","HollowMod:SoulMaster","HollowMod:DashSlash","HollowMod:DescendingDark+1","HollowMod:SiblingsShadow","HollowMod:RecoilStrike"],"relics":["HollowMod:VesselMask","Blood Vial","Dream Catcher","Tiny House"],"acts_visited":["Exordium","TheCity"],"potions_floor_usage":[24,24],"damage_taken":[{"damage":3.0,"enemies":"Jaw Worm","floor":1.0,"turns":3.0},{"damage":0.0,"enemies":"Small Slimes","floor":3.0,"turns":3.0},{"damage":2.0,"enemies":"2 Louse","floor":4.0,"turns":2.0},{"damage":15.0,"enemies":"Large Slime","floor":8.0,"turns":7.0},{"damage":1.0,"enemies":"Gremlin Gang","floor":10.0,"turns":2.0},{"damage":1.0,"enemies":"Exordium Thugs","floor":11.0,"turns":4.0},{"damage":15.0,"enemies":"3 Sentries","floor":12.0,"turns":6.0},{"damage":5.0,"enemies":"Looter","floor":14.0,"turns":3.0},{"damage":103.0,"enemies":"HollowMod:FalseKnight","floor":16.0,"turns":18.0},{"damage":32,"enemies":"Spheric Guardian","floor":18,"turns":6},{"damage":48,"enemies":"HollowMod:HuskSentry","floor":19,"turns":7},{"damage":64,"enemies":"Snecko","floor":24,"turns":7}],"seed_played":"4176661361790111674","potions_obtained":[{"floor":4.0,"key":"AttackPotion"},{"floor":10.0,"key":"Elixir"},{"floor":14.0,"key":"FairyPotion"},{"floor":16.0,"key":"FearPotion"},{"floor":17.0,"key":"FearPotion"},{"floor":18,"key":"LifebloodPotion"}],"is_trial":false,"path_per_floor":["M","?","M","M","?","R","?","M","T","M","M","E","R","M","R","B",null,"M","M","?","?","$","R","M"],"character_chosen":"THE_BUGKNIGHT","items_purchased":["HollowMod:SiblingsShadow"],"campfire_rested":2,"item_purchase_floors":[22],"current_hp_per_floor":[79,84,84,82,71,71,76,61,61,62,63,50,50,47,74,2,97,65,19,19,19,19,48,0,0],"gold":394,"neow_bonus":"TEN_PERCENT_HP_BONUS","is_daily":false,"chose_seed":false,"campfire_upgraded":2,"win_rate":0.0,"timestamp":1609393183,"path_taken":["M","?","M","M","?","R","?","M","T","M","M","E","R","M","R","BOSS","M","M","?","?","$","R","M"],"items_purchased_type":["Card"],"build_version":"2020-12-22","purchased_purges":1,"victory":false,"max_hp_per_floor":[82,87,87,87,87,87,92,92,92,92,92,92,92,92,92,92,97,97,97,97,97,97,97,97,97],"card_choices":[{"not_picked":["HollowMod:CornifersMapStart","HollowMod:TaintedHusks"],"picked":"HollowMod:AbyssShriek","floor":1.0},{"not_picked":["HollowMod:BaldurShell","HollowMod:DreamGate"],"picked":"HollowMod:DoubleDash","floor":3.0},{"not_picked":["HollowMod:BrokenVessel","HollowMod:SoulStrike"],"picked":"HollowMod:DescendingDark","floor":4.0},{"not_picked":["HollowMod:SoulVessel","HollowMod:AbyssShriek"],"picked":"HollowMod:CloakDash","floor":8.0},{"not_picked":["HollowMod:SoulStrike","HollowMod:MawleksShell"],"picked":"HollowMod:GoodIntentions","floor":10.0},{"not_picked":["HollowMod:LuriensSpire","HollowMod:GreatSlash"],"picked":"HollowMod:ShadowDash","floor":11.0},{"not_picked":["HollowMod:LifebloodCocoon","HollowMod:NewJinnsSoul"],"picked":"HollowMod:MonarchWings","floor":12.0},{"not_picked":["HollowMod:GoodIntentions","HollowMod:HerrahsAnger"],"picked":"HollowMod:ChannelNail","floor":14.0},{"not_picked":["HollowMod:ChannelNail","HollowMod:NewGlowingWomb"],"picked":"HollowMod:CycloneSlash","floor":15.0},{"not_picked":["HollowMod:LifebloodCore","HollowMod:Weaversong"],"picked":"HollowMod:SoulMaster","floor":16.0},{"not_picked":["HollowMod:MawleksShell","HollowMod:DoubleDash"],"picked":"HollowMod:DashSlash","floor":18},{"not_picked":["HollowMod:TaintedHusks","HollowMod:SoulVessel","HollowMod:InfectedCysts"],"picked":"SKIP","floor":19},{"not_picked":["HollowMod:HowlingWraiths","HollowMod:ChannelNail"],"picked":"HollowMod:RecoilStrike","floor":23}],"player_experience":145696,"relics_obtained":[{"floor":9.0,"key":"Blood Vial"},{"floor":12.0,"key":"Dream Catcher"}],"event_choices":[{"damage_healed":0.0,"max_hp_gain":0.0,"max_hp_loss":0.0,"gold_gain":75.0,"event_name":"World of Goop","player_choice":"Gather Gold","floor":5.0,"gold_loss":0.0,"damage_taken":11.0},{"damage_healed":0.0,"max_hp_gain":5.0,"max_hp_loss":0.0,"gold_gain":0.0,"event_name":"Big Fish","player_choice":"Donut","floor":7.0,"gold_loss":0.0,"damage_taken":0.0},{"damage_healed":0,"gold_gain":99,"player_choice":"Stole From Cult","damage_taken":0,"max_hp_gain":0,"max_hp_loss":0,"event_name":"Nest","floor":20,"gold_loss":0},{"damage_healed":0,"gold_gain":0,"player_choice":"Copied","damage_taken":0,"max_hp_gain":0,"max_hp_loss":0,"event_name":"Duplicator","floor":21,"gold_loss":0,"cards_obtained":["HollowMod:DescendingDark"]}],"is_beta":false,"boss_relics":[{"not_picked":["Replay:Wanted Poster","Black Star"],"picked":"Tiny House"}],"items_purged_floors":[22],"is_endless":false,"potions_floor_spawned":[4,10,14,16,18],"killed_by":"Snecko","ascension_level":0}}