{"host":"36mulxq349byzoa2","time":1609374570,"event":{"mods":["AchievementEnabler","BaseMod","Better Match","Block Reminder","Colored Map","Colored Powertips","Minty Spire (QoL Compilation)","Rare Cards Sparkle","StSLib","SuperFastMode"],"gold_per_floor":[118,132,132,146,146,172,172,201,201,201,201,231,231,241,241,315,315,326,299,299,55,67,67,95,113,113,129,129,129],"floor_reached":28,"playtime":1148,"items_purged":["Strike_G"],"score":633,"play_id":"444a4b5b-b539-4136-9898-78580d4ebe62","local_time":"20201230192930","is_ascension_mode":true,"campfire_choices":[{"data":"Terror","floor":7,"key":"SMITH"},{"floor":10,"key":"REST"},{"data":"Predator","floor":13,"key":"SMITH"},{"floor":15,"key":"REST"},{"data":"Deadly Poison","floor":23,"key":"SMITH"}],"circlet_count":0,"master_deck":["AscendersBane","Strike_G","Strike_G","Defend_G","Defend_G","Defend_G","Survivor","Neutralize+1","Doppelganger+1","Footwork+1","Outmaneuver+1","Predator+1","Predator","Terror+1","Backflip","Acrobatics","Deadly Poison+1","Malaise"],"relics":["Astrolabe","Snake Skull","Bird Faced Urn","Letter Opener","Tiny Chest","Coffee Dripper","Oddly Smooth Stone","Ancient Tea Set","Pear"],"acts_visited":["Exordium","TheCity"],"potions_floor_usage":[6,8,16,24,24,28],"damage_taken":[{"damage":0,"enemies":"Cultist","floor":1,"turns":6},{"damage":0,"enemies":"Small Slimes","floor":2,"turns":3},{"damage":4,"enemies":"Jaw Worm","floor":4,"turns":3},{"damage":10,"enemies":"Lagavulin","floor":6,"turns":4},{"damage":31,"enemies":"3 Sentries","floor":8,"turns":10},{"damage":11,"enemies":"Lagavulin","floor":12,"turns":7},{"damage":1,"enemies":"2 Fungi Beasts","floor":14,"turns":4},{"damage":0,"enemies":"The Guardian","floor":16,"turns":8},{"damage":22,"enemies":"3 Byrds","floor":18,"turns":7},{"damage":12,"enemies":"2 Thieves","floor":19,"turns":4},{"damage":0,"enemies":"Snecko","floor":22,"turns":5},{"damage":0,"enemies":"Gremlin Leader","floor":24,"turns":6},{"damage":32,"enemies":"Chosen and Byrds","floor":25,"turns":5},{"damage":0,"enemies":"Snake Plant","floor":27,"turns":5},{"damage":17,"enemies":"Slavers","floor":28,"turns":2}],"seed_played":"6611203063019795469","potions_obtained":[{"floor":1,"key":"Dexterity Potion"},{"floor":4,"key":"Dexterity Potion"},{"floor":6,"key":"PowerPotion"},{"floor":14,"key":"Explosive Potion"},{"floor":16,"key":"Dexterity Potion"},{"floor":25,"key":"AttackPotion"}],"is_trial":false,"path_per_floor":["M","M","?","M","?","E","R","E","T","R","?","E","R","M","R","B",null,"M","M","?","$","M","R","E","M","T","M","E"],"character_chosen":"THE_SILENT","items_purchased":["Oddly Smooth Stone"],"campfire_rested":2,"item_purchase_floors":[21],"current_hp_per_floor":[59,59,52,48,48,38,38,7,7,26,26,17,17,18,37,39,59,39,29,29,29,31,31,33,3,13,15,0,0],"gold":129,"neow_bonus":"BOSS_RELIC","is_daily":false,"chose_seed":false,"campfire_upgraded":3,"win_rate":0.0,"timestamp":1609374570,"path_taken":["M","?","?","M","?","E","R","E","T","R","?","E","R","?","R","BOSS","M","M","?","$","M","R","E","M","T","?","E"],"items_purchased_type":["Relic"],"build_version":"2020-12-22","purchased_purges":1,"victory":false,"max_hp_per_floor":[66,66,66,66,66,66,66,66,66,66,66,66,66,66,66,66,66,66,66,66,66,66,66,66,66,76,76,76,76],"card_choices":[{"not_picked":["Flechettes","Calculated Gamble"],"picked":"Predator","floor":1},{"not_picked":["Finisher","Distraction"],"picked":"Predator","floor":2},{"not_picked":["Acrobatics","Bouncing Flask"],"picked":"Terror","floor":4},{"not_picked":["Bane","Predator"],"picked":"Backflip","floor":6},{"not_picked":["Slice","Blade Dance","Cloak And Dagger"],"picked":"SKIP","floor":8},{"not_picked":["Calculated Gamble","Dodge and Roll"],"picked":"Acrobatics","floor":12},{"not_picked":["Acrobatics","Bane","Masterful Stab"],"picked":"SKIP","floor":14},{"not_picked":["Underhanded Strike","PiercingWail","Prepared"],"picked":"SKIP","floor":18},{"not_picked":["Masterful Stab","Bane+1"],"picked":"Deadly Poison","floor":19},{"not_picked":["Escape Plan","Slice","Acrobatics"],"picked":"SKIP","floor":22},{"not_picked":["Cloak And Dagger","Bane"],"picked":"Malaise","floor":24},{"not_picked":["Cloak And Dagger","PiercingWail","Flying Knee"],"picked":"SKIP","floor":25},{"not_picked":["Reflex+1","Cloak And Dagger","Dodge and Roll"],"picked":"SKIP","floor":27}],"player_experience":989838,"relics_obtained":[{"floor":6,"key":"Snake Skull"},{"floor":8,"key":"Bird Faced Urn"},{"floor":9,"key":"Letter Opener"},{"floor":12,"key":"Tiny Chest"},{"floor":24,"key":"Ancient Tea Set"},{"floor":26,"key":"Pear"}],"event_choices":[{"cards_removed":["Strike_G"],"damage_healed":0,"gold_gain":0,"player_choice":"Card Removal","damage_taken":7,"max_hp_gain":0,"max_hp_loss":0,"event_name":"Golden Wing","floor":3,"gold_loss":0},{"damage_healed":0,"gold_gain":0,"player_choice":"Ignored","damage_taken":0,"max_hp_gain":0,"max_hp_loss":0,"event_name":"Liars Game","floor":5,"gold_loss":0},{"damage_healed":0,"gold_gain":0,"player_choice":"Ignored","damage_taken":0,"max_hp_gain":0,"max_hp_loss":0,"event_name":"Shining Light","floor":11,"gold_loss":0},{"damage_healed":0,"gold_gain":0,"player_choice":"Forge","damage_taken":0,"max_hp_gain":0,"max_hp_loss":0,"event_name":"Accursed Blacksmith","floor":20,"gold_loss":0,"cards_upgraded":["Neutralize"]}],"is_beta":false,"boss_relics":[{"not_picked":["Tiny House","WristBlade"],"picked":"Coffee Dripper"}],"items_purged_floors":[21],"is_endless":false,"potions_floor_spawned":[1,4,6,14,16,18,19,25],"killed_by":"Slavers","ascension_level":18}}