{"host":"ayyvhwlj3bvx7fjd","time":1609433886,"event":{"mods":["AchievementEnabler","Act Like it!","Aspiration","Bard","BaseMod","Beaked The Cultist","Better Altar","Better Match","Better Note","Better Sensory Stone","Better Skull","Better Third Choice","BetterRewards","CCEM","Clawfect","Colored Map","Conspire","Downfall","GifTheSpireLib","Googly Eyes","Halation","Hallownest","Hermit","Highlight Path","Hubris","Hunter ??","Infinite Spire","Jedi Mod","Jorbs\u0027s Wanderer Trilogy","Mad Scientist","Marisa????????","Minty Spire (QoL Compilation)","Permanent Neow","Replay The Spire","Shade Mod","Shop Mod","Spicy Shops","StSLib","Stuff the Spire","The Administrix","The Blackbeard","The Bug Knight","The Construct","The Cursed","The Disciple","The Gatherer","The Hierophant","The IronCluck","The Jungle","The Mystic","The Necromancer","The Problem Sleuth","The Runesmith","The Servant 0.9.4","The Spell Scribe","The Witch","Unceasing Turn Reminder","[IsaacMod]????","everything is the same but u backflip on backflip","slay the spire mod where everything is the same but ironclad has a cowboy hat"],"gold_per_floor":[99,116,116,116,126,143,167,167,50,64,64,80,80,16,33,130,130,130],"floor_reached":17,"playtime":1171,"items_purged":[],"score":147,"play_id":"12c343ed-c757-4d49-b524-d875f4955c26","local_time":"20201231105806","is_ascension_mode":false,"campfire_choices":[{"data":"Strike_G","floor":1,"key":"SMITH"},{"data":"Deadly Poison","floor":8,"key":"SMITH"},{"floor":13,"key":"REST"}],"circlet_count":0,"master_deck":["Strike_G+1","Strike_G","Strike_G","Strike_G","Strike_G","Defend_G","Defend_G","Defend_G","Defend_G+1","Defend_G","Survivor","Neutralize","EpicFetus","Endless Agony","jedi:pocketpoison","Deadly Poison+1","Footwork+1","Poisoned Stab","StuffTheSpire:BumpUp","Caltrops","Cloak And Dagger","ReplayTheSpireMod:Tripwire","Hidden Blade","Flying Knee","jedi:studyshivs"],"relics":["Ring of the Snake","HushsDoor","KeepersGift","halation:PrussianBluePaint"],"acts_visited":["Exordium","TheCity"],"potions_floor_usage":[],"damage_taken":[{"damage":0,"enemies":"Small Slimes","floor":2,"turns":3},{"damage":0,"enemies":"Cultist","floor":5,"turns":4},{"damage":0,"enemies":"2 Louse","floor":6,"turns":3},{"damage":5,"enemies":"downfall:FleeingMerchant","floor":9,"turns":4},{"damage":0,"enemies":"2 Fungi Beasts","floor":10,"turns":4},{"damage":8,"enemies":"conspire:2 RoseBushes","floor":12,"turns":5},{"damage":4,"enemies":"downfall:FleeingMerchant","floor":14,"turns":4},{"damage":0,"enemies":"Red Slaver","floor":15,"turns":4},{"damage":38,"enemies":"Hexaghost","floor":16,"turns":10}],"seed_played":"-7399495121770302882","potions_obtained":[{"floor":0,"key":"Explosive Potion"},{"floor":0,"key":"SneckoOil"},{"floor":0,"key":"Ancient Potion"},{"floor":2,"key":"Poison Potion"}],"is_trial":false,"path_per_floor":["R_BF","M","?","?","M","M","T","R","$","M","?","M","R","$","M","B",null],"character_chosen":"THE_SILENT","items_purchased":["Poisoned Stab","StuffTheSpire:BumpUp","Hidden Blade"],"campfire_rested":1,"item_purchase_floors":[9,9,14],"current_hp_per_floor":[70,70,70,70,70,70,70,70,65,65,65,57,70,66,66,28,70,70],"gold":130,"neow_bonus":"THREE_SMALL_POTIONS","is_daily":false,"chose_seed":false,"campfire_upgraded":2,"win_rate":0.0,"timestamp":1609433886,"path_taken":["R_BF","M","?","?","M","M","T","R","?","?","?","M","R","$","M","BOSS"],"items_purchased_type":["Card","Card","Card"],"build_version":"2020-12-22","purchased_purges":0,"victory":false,"max_hp_per_floor":[70,70,70,70,70,70,70,70,70,70,70,70,70,70,70,70,70,70],"card_choices":[{"not_picked":[],"picked":"EpicFetus","floor":0},{"not_picked":["Hidden Blade","StuffTheSpire:BumpUp"],"picked":"Endless Agony","floor":2},{"not_picked":["Well Laid Plans","Slice"],"picked":"jedi:pocketpoison","floor":5},{"not_picked":["Accuracy","Bane"],"picked":"Deadly Poison","floor":6},{"not_picked":["Underhanded Strike","Burst"],"picked":"Footwork","floor":9},{"not_picked":["Heel Hook","hubris:SlightOfHand"],"picked":"Caltrops","floor":10},{"not_picked":["Fluid Movement","StuffTheSpire:Repulse"],"picked":"Cloak And Dagger","floor":12},{"not_picked":["StuffTheSpire:Fury","Dagger Throw"],"picked":"ReplayTheSpireMod:Tripwire","floor":14},{"not_picked":["Hidden Blade","jedi:poisonivy"],"picked":"Flying Knee","floor":15},{"not_picked":["Unload","ReplayTheSpireMod:From All Sides"],"picked":"jedi:studyshivs","floor":16}],"player_experience":118412,"relics_obtained":[{"floor":7,"key":"halation:PrussianBluePaint"}],"event_choices":[],"is_beta":false,"boss_relics":[{"not_picked":["jedi:paperlyon","Replay:Bronze Core","Runic Dome"]}],"items_purged_floors":[],"is_endless":false,"potions_floor_spawned":[2,5,12,15],"ascension_level":0}}