{"host":"ab3ipg3fqe03b2ex","time":1609447192,"event":{"mods":["AchievementEnabler","BaseMod","BetterRewards","Colored Powertips","Infinite Spire","Minty Spire (QoL Compilation)","MostiFishMod","Quick Restart","Shop Mod","Spicy Shops","StSLib","Uncapped","【功能Mod】Neow奖励","【功能Mod】精心准备","【功能Mod】聪明的最终Boss"],"gold_per_floor":[115,138,138,162,185,223,223,173,220,251,251,251,308,308,308,452,-948,-927,-904,-886,-886,-870,-837,-837,-794,-794,-669,-655,-655,-636,-611,-611,-491,-491,-472,-472,-453,-453,-440,-440,-405,190,241,241,366,366,366,431,431,431,431,431,431,490,641],"floor_reached":56,"playtime":5054,"items_purged":["Strike_B","Strike_B","Strike_B","Strike_B","Defend_B","Defend_B","Defend_B","Defend_B","Dualcast","Conserve Battery","Coolheaded","Beam Cell+1","Zap+1","Loop+1","Sunder","White Noise+1","Ball Lightning+1"],"score":2296,"play_id":"c123ff24-05ef-47f4-a4dd-3fdcc3f86991","local_time":"20210101043952","is_ascension_mode":true,"campfire_choices":[{"floor":7.0,"key":"DIG"},{"floor":15.0,"key":"DIG"},{"floor":24.0,"key":"RECALL"},{"floor":29.0,"key":"DIG"},{"floor":32.0,"key":"DIG"},{"floor":40.0,"key":"DIG"},{"floor":46,"key":"DIG"},{"floor":49,"key":"DIG"},{"floor":52,"key":"DIG"}],"circlet_count":0,"master_deck":["Storm+1","MostiFishMod:Tomorrow+1","Storm+1","Thunder Strike+1","Loop+1","MostiFishMod:BrokenBlackCloak+1","MostiFishMod:ReadyAimFire+1","Mayhem+1","MostiFishMod:Overload+1","Electrodynamics+1","MostiFishMod:Overload+1","MostiFishMod:DawningShadow+1","MostiFishMod:IntelligentEquipment+1","Creative AI+1","MostiFishMod:SeaWaves+1","infinitespire:TheBestDefense+1"],"relics":["Cracked Core","DaveBox","BrkXgEgg","MerchantsRug","infinitespire:EmpoweringShard","MetatronsCube","Frozen Egg 2","Runic Capacitor","Mummified Hand","Chemical X","Toxic Egg 2","infinitespire:EvilPickle","Ginger","BionicSphere","Civilization","Dodecahedron","Bag of Marbles","Bottled Flame","Happy Flower","Ying","Frozen Eye","Incense Burner","Molten Egg 2","Unceasing Top","Medical Kit","Bag of Preparation","Peace Pipe","Shovel","Turnip","Lantern","DianPoetry","DaCapo","Gremlin Horn","Bottled Tornado","Omamori","Juzu Bracelet","Vajra","Ancient Tea Set","Pen Nib","SynthV:TestCard","infinitespire:Bottled Soul","Golden Idol","SynthV:MejaisSoulstealer","Sundial","Meat on the Bone","Art of War","GuanYuAspect","Blue Candle","infinitespire:Beetle Shell","infinitespire:PuzzleCube","Mercury Hourglass","Shuriken","Dream Catcher","infinitespire:CheckeredPen","ImprovedEquipment","HornCleat"],"acts_visited":["Exordium","TheCity","TheBeyond","TheEnding"],"potions_floor_usage":[],"damage_taken":[{"damage":0.0,"enemies":"Jaw Worm","floor":1.0,"turns":1.0},{"damage":0.0,"enemies":"Cultist","floor":2.0,"turns":1.0},{"damage":0.0,"enemies":"2 Louse","floor":4.0,"turns":1.0},{"damage":0.0,"enemies":"Blue Slaver","floor":5.0,"turns":1.0},{"damage":0.0,"enemies":"Gremlin Nob","floor":6.0,"turns":1.0},{"damage":0.0,"enemies":"Exordium Thugs","floor":10.0,"turns":1.0},{"damage":0.0,"enemies":"Lagavulin","floor":13.0,"turns":1.0},{"damage":0.0,"enemies":"The Guardian","floor":16.0,"turns":1.0},{"damage":0.0,"enemies":"Shell Parasite","floor":18.0,"turns":1.0},{"damage":0.0,"enemies":"Spheric Guardian","floor":19.0,"turns":1.0},{"damage":0.0,"enemies":"Shelled Parasite and Fungi","floor":20.0,"turns":1.0},{"damage":0.0,"enemies":"Sentry and Sphere","floor":22.0,"turns":1.0},{"damage":0.0,"enemies":"Gremlin Leader","floor":23.0,"turns":1.0},{"damage":0.0,"enemies":"Slavers","floor":25.0,"turns":1.0},{"damage":0.0,"enemies":"Colosseum Slavers","floor":27.0,"turns":1.0},{"damage":0.0,"enemies":"Colosseum Nobs","floor":27.0,"turns":1.0},{"damage":0.0,"enemies":"3 Cultists","floor":28.0,"turns":1.0},{"damage":0.0,"enemies":"Shelled Parasite and Fungi","floor":30.0,"turns":1.0},{"damage":0.0,"enemies":"Snecko","floor":31.0,"turns":1.0},{"damage":0.0,"enemies":"Automaton","floor":33.0,"turns":1.0},{"damage":0.0,"enemies":"Orb Walker","floor":35.0,"turns":1.0},{"damage":0.0,"enemies":"3 Shapes","floor":37.0,"turns":1.0},{"damage":0.0,"enemies":"3 Darklings","floor":39.0,"turns":1.0},{"damage":0.0,"enemies":"Nemesis","floor":41.0,"turns":1.0},{"damage":0.0,"enemies":"infinitespire:Three Voidlings","floor":45.0,"turns":1.0},{"damage":15.0,"enemies":"Nightmare_Alpha","floor":45.0,"turns":4.0},{"damage":0,"enemies":"Giant Head","floor":48,"turns":1},{"damage":0,"enemies":"Donu and Deca","floor":50,"turns":1},{"damage":0,"enemies":"Shield and Spear","floor":54,"turns":1},{"damage":9,"enemies":"The Heart","floor":55,"turns":2}],"seed_played":"16002204905471717","potions_obtained":[{"floor":1.0,"key":"Dexterity Potion"},{"floor":2.0,"key":"Fire Potion"},{"floor":13.0,"key":"FearPotion"},{"floor":23.0,"key":"Ancient Potion"}],"is_trial":false,"path_per_floor":["M","M","?","M","M","E","R","?","T","M","?","?","E","$","R","B",null,"M","M","M","?","M","E","R","E","T","?","M","R","M","M","R","B",null,"M","?","M","AVR","M","R","E","$","T","?","?","R","T","E","R","B",null,"R","$","E","B",null],"character_chosen":"DEFECT","items_purchased":["MerchantsRug","Symbiotic Virus","infinitespire:EmpoweringShard","MetatronsCube","Membership Card","ClockworkSouvenir","Frozen Egg 2","Storm+1","MostiFishMod:Tomorrow+1","Runic Capacitor","Orrery","Technique","Mummified Hand","Chemical X","Toxic Egg 2","Thunder Strike+1","Ginger","BionicSphere","Loop+1","Double Energy+1","MostiFishMod:BrokenBlackCloak+1","Civilization","Dodecahedron","MostiFishMod:ReadyAimFire+1","Bag of Marbles","Bottled Flame","Happy Flower","Ying","Frozen Eye","Incense Burner","Mayhem+1","Molten Egg 2","Unceasing Top","Medical Kit","Bottled Lightning","White Noise+1","Strange Spoon","Bag of Preparation","Ball Lightning+1","Peace Pipe","MostiFishMod:Overload+1","Shovel","Turnip","Electrodynamics+1","Lantern","DianPoetry","MostiFishMod:Overload+1","DaCapo","MostiFishMod:DawningShadow+1","MostiFishMod:IntelligentEquipment+1","Creative AI+1","Gremlin Horn","MostiFishMod:Overload+1","Bottled Tornado","MostiFishMod:SeaWaves+1","Omamori","MostiFishMod:ReadyAimFire+1","Juzu Bracelet","Vajra","Ancient Tea Set","Lizard Tail","Pen Nib"],"campfire_rested":0,"item_purchase_floors":[0,0,0,0,0,0,0,0,0,0,0,0,0,0,0,0,0,0,0,0,0,0,0,0,0,0,0,0,0,0,0,0,0,0,0,0,0,0,0,0,0,0,0,0,0,0,0,0,0,0,0,0,0,0,0,0,0,0,0,0,0,0],"current_hp_per_floor":[74,76,56,60,65,71,71,71,71,79,79,79,88,88,88,100,121,132,144,158,158,174,193,193,215,225,275,304,304,335,367,367,400,200,217,244,263,263,286,286,309,309,309,309,439,439,439,464,464,538,563,563,563,590,641],"gold":641,"neow_bonus":"","is_daily":false,"chose_seed":false,"campfire_upgraded":0,"win_rate":0.0,"timestamp":1609447192,"path_taken":["M","M","?","M","M","E","R","?","T","M","?","?","E","$","R","BOSS","M","M","M","?","M","E","R","E","T","?","M","R","M","M","R","BOSS","M","?","M","AVR","M","R","E","?","T","?","?","R","?","E","R","BOSS","R","$","E","BOSS"],"items_purchased_type":["Relic","Relic","Relic","Relic","Relic","Relic","Relic","Card","Card","Relic","Relic","Relic","Relic","Relic","Relic","Card","Relic","Relic","Card","Card","Card","Relic","Relic","Card","Relic","Relic","Relic","Relic","Relic","Relic","Card","Relic","Relic","Relic","Relic","Card","Relic","Relic","Card","Relic","Card","Relic","Relic","Card","Relic","Relic","Card","Relic","Card","Card","Card","Relic","Card","Relic","Card","Relic","Card","Relic","Relic","Relic","Relic","Relic"],"build_version":"2020-12-22","purchased_purges":17,"victory":true,"max_hp_per_floor":[85,87,87,91,96,102,102,102,102,110,110,102,111,111,111,121,121,132,144,158,158,174,193,193,215,225,275,304,304,335,367,367,400,200,234,244,281,281,324,324,368,368,368,368,463,463,463,512,512,563,563,563,563,616,670],"card_choices":[{"not_picked":["Ball Lightning","Chaos"],"picked":"Loop+1","floor":0.0},{"not_picked":["Scrape","Gash"],"picked":"Storm+1","floor":0.0},{"not_picked":["Self Repair+1","Auto Shields"],"picked":"Conserve Battery","floor":0.0},{"not_picked":["Redo","Coolheaded"],"picked":"Beam Cell","floor":0.0},{"not_picked":["Compile Driver","Darkness"],"picked":"Coolheaded","floor":0.0},{"not_picked":["Go for the Eyes+1","Sweeping Beam+1","Steam+1"],"picked":"SKIP","floor":1.0},{"not_picked":["Undo+1","Darkness+1","MostiFishMod:Hijack+1","Skim+1","Turbo+1"],"picked":"SKIP","floor":2.0},{"not_picked":["infinitespire:FutureSight","infinitespire:DeathsTouch"],"picked":"infinitespire:TheBestDefense","floor":3.0},{"not_picked":["Force Field+1","Stack+1","Sweeping Beam+1","Redo+1","Self Repair+1"],"picked":"SKIP","floor":4.0},{"not_picked":["Scrape+1","Doom and Gloom+1","Chaos+1","Coolheaded+1","Stack+1"],"picked":"SKIP","floor":5.0},{"not_picked":["Aggregate+1","Machine Learning+1","Hologram+1","Gash+1","MostiFishMod:GatherIntelligence+1"],"picked":"SKIP","floor":6.0},{"not_picked":["Lockon+1","Conserve Battery+1","Cold Snap+1","Gash+1","White Noise+1"],"picked":"SKIP","floor":10.0},{"not_picked":["Stack+1","Turbo+1","MostiFishMod:Impulse+1","Barrage+1","Streamline+1"],"picked":"SKIP","floor":13.0},{"not_picked":["MostiFishMod:DeathFromBelow+1","Electrodynamics+1","Creative AI+1","MostiFishMod:InterfaceCompatibility+1"],"picked":"Echo Form+1","floor":16.0},{"not_picked":["Steam+1","Capacitor+1","Scrape+1","Reinforced Body+1","Rip and Tear+1"],"picked":"SKIP","floor":18.0},{"not_picked":["Ball Lightning+1","Tempest+1","Steam Power+1","Sweeping Beam+1","Hologram+1"],"picked":"SKIP","floor":19.0},{"not_picked":["Rebound+1","Beam Cell+1","Reprogram+1","Steam Power+1","Machine Learning+1"],"picked":"SKIP","floor":20.0},{"not_picked":["Sweeping Beam+1","Steam Power+1","Leap+1","Undo+1","Rip and Tear+1"],"picked":"SKIP","floor":22.0},{"not_picked":["Redo+1","Fusion+1","Heatsinks+1","Rip and Tear+1","Defragment+1"],"picked":"SKIP","floor":23.0},{"not_picked":["Electrodynamics+1","MostiFishMod:PushDownKick+1","Beam Cell+1","FTL+1","Doom and Gloom+1"],"picked":"SKIP","floor":25.0},{"not_picked":["Steam+1","Recycle+1","Redo+1","Sweeping Beam+1","Beam Cell+1"],"picked":"SKIP","floor":28.0},{"not_picked":["MostiFishMod:FluxCapactior+1","Ball Lightning+1","Rebound+1","Double Energy+1","Stack+1"],"picked":"SKIP","floor":28.0},{"not_picked":["Ball Lightning+1","Streamline+1","Sweeping Beam+1","Coolheaded+1","MostiFishMod:FluxCapactior+1"],"picked":"SKIP","floor":30.0},{"not_picked":["Cold Snap+1","Sweeping Beam+1","Barrage+1","Stack+1","Streamline+1"],"picked":"SKIP","floor":30.0},{"not_picked":["Conserve Battery+1","MostiFishMod:FluxCapactior+1","Recycle+1","Steam Power+1","White Noise+1"],"picked":"SKIP","floor":31.0},{"not_picked":["MostiFishMod:PushDownKick+1","Rebound+1","Cold Snap+1","Ball Lightning+1","Steam+1"],"picked":"SKIP","floor":31.0},{"not_picked":["Cold Snap+1","Leap+1","Streamline+1","Steam+1","Turbo+1"],"picked":"SKIP","floor":35.0},{"not_picked":["Gash+1","Darkness+1","Glacier+1","Melter+1","Fusion+1"],"picked":"SKIP","floor":35.0},{"not_picked":["Go for the Eyes+1","MostiFishMod:PushDownKick+1","Conserve Battery+1","Stack+1","Loop+1"],"picked":"SKIP","floor":37.0},{"not_picked":["Cold Snap+1","Hologram+1","Ball Lightning+1","Leap+1","Steam+1"],"picked":"SKIP","floor":37.0},{"not_picked":["Leap+1","Streamline+1","Cold Snap+1","Darkness+1","Rebound+1"],"picked":"SKIP","floor":39.0},{"not_picked":["Auto Shields+1","Redo+1","Machine Learning+1","Coolheaded+1","Go for the Eyes+1"],"picked":"SKIP","floor":39.0},{"not_picked":["Conserve Battery+1","Lockon+1","Streamline+1","Rebound+1","Capacitor+1"],"picked":"SKIP","floor":41.0},{"not_picked":["Conserve Battery+1","MostiFishMod:Impulse+1","Rebound+1","Hologram+1","Sweeping Beam+1"],"picked":"SKIP","floor":48},{"not_picked":["Sunder+1","Compile Driver+1","Rip and Tear+1","Storm+1","Conserve Battery+1"],"picked":"SKIP","floor":54}],"player_experience":44462,"relics_obtained":[{"floor":1.0,"key":"SynthV:TestCard"},{"floor":6.0,"key":"Centennial Puzzle"},{"floor":7.0,"key":"infinitespire:Bottled Soul"},{"floor":13.0,"key":"Toy Ornithopter"},{"floor":15.0,"key":"Blood Vial"},{"floor":23.0,"key":"Prayer Wheel"},{"floor":25.0,"key":"Tiny Chest"},{"floor":26.0,"key":"Pear"},{"floor":27.0,"key":"Calipers"},{"floor":27.0,"key":"Sundial"},{"floor":29.0,"key":"Meat on the Bone"},{"floor":32.0,"key":"Art of War"},{"floor":40.0,"key":"Blue Candle"},{"floor":41.0,"key":"infinitespire:Beetle Shell"},{"floor":43.0,"key":"infinitespire:PuzzleCube"},{"floor":46,"key":"Mercury Hourglass"},{"floor":47,"key":"Shuriken"},{"floor":48,"key":"Dream Catcher"},{"floor":49,"key":"infinitespire:CheckeredPen"},{"floor":52,"key":"ImprovedEquipment"},{"floor":54,"key":"HornCleat"}],"event_choices":[{"cards_removed":["MostiFishMod:ReadyAimFire"],"damage_healed":0.0,"max_hp_gain":0.0,"max_hp_loss":0.0,"gold_gain":0.0,"event_name":"The Cleric","player_choice":"Card Removal","floor":8.0,"gold_loss":50.0,"damage_taken":0.0},{"damage_healed":0.0,"max_hp_gain":0.0,"max_hp_loss":0.0,"gold_gain":0.0,"event_name":"WeMeetAgain","player_choice":"Gave Potion","floor":11.0,"gold_loss":0.0,"damage_taken":0.0,"relics_obtained":["infinitespire:FocusingShard"]},{"damage_healed":0.0,"max_hp_gain":0.0,"max_hp_loss":8.0,"gold_gain":0.0,"event_name":"Golden Idol","player_choice":"Lose Max HP","floor":12.0,"gold_loss":0.0,"damage_taken":0.0,"relics_obtained":["Golden Idol"]},{"damage_healed":0.0,"max_hp_gain":0.0,"max_hp_loss":0.0,"gold_gain":0.0,"event_name":"Vampires","player_choice":"Ignored","floor":21.0,"gold_loss":0.0,"damage_taken":0.0},{"damage_healed":0.0,"max_hp_gain":0.0,"max_hp_loss":0.0,"gold_gain":0.0,"event_name":"Colosseum","player_choice":"Fight","floor":27.0,"gold_loss":0.0,"damage_taken":0.0},{"damage_healed":0.0,"max_hp_gain":0.0,"max_hp_loss":0.0,"gold_gain":0.0,"event_name":"Colosseum","player_choice":"Fought Nobs","floor":27.0,"gold_loss":0.0,"damage_taken":0.0},{"cards_removed":["MostiFishMod:Overload"],"damage_healed":17.0,"max_hp_gain":10.0,"max_hp_loss":0.0,"gold_gain":0.0,"event_name":"Bonfire Elementals","player_choice":"Offered Rare","floor":36.0,"gold_loss":0.0,"damage_taken":0.0},{"cards_removed":["Double Energy"],"damage_healed":0.0,"max_hp_gain":0.0,"max_hp_loss":0.0,"gold_gain":0.0,"event_name":"Falling","player_choice":"Removed Skill","floor":44.0,"gold_loss":0.0,"damage_taken":0.0},{"cards_removed":["Echo Form"],"damage_healed":0,"gold_gain":0,"player_choice":"Removed Power","damage_taken":0,"max_hp_gain":0,"max_hp_loss":0,"event_name":"Falling","floor":45,"gold_loss":0}],"is_beta":false,"boss_relics":[{"not_picked":["FixedStarFall","MoonlightInvasionPlan"],"picked":"SynthV:MejaisSoulstealer"},{"not_picked":["Runic Pyramid","Runic Dome"],"picked":"GuanYuAspect"}],"items_purged_floors":[0,0,0,0,0,0,0,0,0,0,0,0,0,0,0,0,0],"is_endless":true,"potions_floor_spawned":[1,2,6,13,19,20,22,23,28,41,45,48,55],"ascension_level":4}}