{"host":"hzhtv7n0nkrnil9f","time":1609399238,"event":{"mods":["AchievementEnabler","BaseMod","Colored Map","Minty Spire (QoL Compilation)","Permanent Neow","Quick Restart"],"gold_per_floor":[114,129,129,54,69,99,124,124,124,124,139,139,139,154,154,254,254,269,169,184,99,99,99,114,144,144,144,19,19,34,49,49,149,149,164,164,49,64,114,144,144,174,174,204,122,137,56,71,71,71],"floor_reached":51,"playtime":4689,"items_purged":["Strike_B","Strike_B","Strike_B"],"score":778,"play_id":"994113c0-5224-4e11-81e8-86a7df216fd2","local_time":"20201231082038","daily_mods":["Heirloom","Time Dilation","Lethality"],"is_ascension_mode":false,"campfire_choices":[{"data":"Darkness","floor":8,"key":"SMITH"},{"floor":13,"key":"REST"},{"data":"Hologram","floor":15,"key":"SMITH"},{"data":"Skim","floor":23,"key":"SMITH"},{"data":"Skim","floor":27,"key":"SMITH"},{"floor":32,"key":"REST"},{"data":"Defragment","floor":41,"key":"SMITH"},{"floor":49,"key":"REST"}],"circlet_count":0,"master_deck":["Defend_B+1","Defend_B+1","Defend_B","Dualcast+1","Skim+1","Darkness+1","Steam Power","Hologram+1","Conserve Battery","Multi-Cast","Leap","Skim+1","Heatsinks+1","BootSequence+1","Machine Learning","Defragment+1","Auto Shields","Auto Shields","Conserve Battery+1","Heatsinks","Seek","Loop","Heatsinks"],"relics":["Cracked Core","WingedGreaves","Oddly Smooth Stone","Akabeko","Cables","Sozu","Mummified Hand","Bag of Marbles","Mercury Hourglass","Empty Cage","Dead Branch","Singing Bowl","Lantern","Symbiotic Virus","Omamori"],"acts_visited":["Exordium","TheCity","TheBeyond"],"potions_floor_usage":[6,11,18,18],"damage_taken":[{"damage":0,"enemies":"Cultist","floor":1,"turns":2},{"damage":0,"enemies":"2 Louse","floor":2,"turns":2},{"damage":4,"enemies":"Jaw Worm","floor":5,"turns":3},{"damage":48,"enemies":"3 Sentries","floor":6,"turns":10},{"damage":1,"enemies":"Exordium Thugs","floor":11,"turns":3},{"damage":1,"enemies":"Blue Slaver","floor":14,"turns":2},{"damage":20,"enemies":"Hexaghost","floor":16,"turns":6},{"damage":3,"enemies":"3 Byrds","floor":18,"turns":2},{"damage":0,"enemies":"Spheric Guardian","floor":20,"turns":2},{"damage":15,"enemies":"Centurion and Healer","floor":24,"turns":3},{"damage":32,"enemies":"Slavers","floor":25,"turns":5},{"damage":0,"enemies":"Cultist and Chosen","floor":30,"turns":3},{"damage":1,"enemies":"Chosen and Byrds","floor":31,"turns":4},{"damage":4,"enemies":"Automaton","floor":33,"turns":6},{"damage":0,"enemies":"3 Darklings","floor":35,"turns":2},{"damage":0,"enemies":"Orb Walker","floor":38,"turns":3},{"damage":0,"enemies":"Mind Bloom Boss Battle","floor":39,"turns":3},{"damage":22,"enemies":"Reptomancer","floor":40,"turns":7},{"damage":0,"enemies":"Giant Head","floor":42,"turns":4},{"damage":28,"enemies":"Reptomancer","floor":44,"turns":4},{"damage":2,"enemies":"Sphere and 2 Shapes","floor":46,"turns":3},{"damage":0,"enemies":"Writhing Mass","floor":48,"turns":3},{"damage":0,"enemies":"Donu and Deca","floor":50,"turns":4}],"seed_played":"-5051420239723459148","potions_obtained":[{"floor":1,"key":"SkillPotion"},{"floor":5,"key":"Energy Potion"},{"floor":6,"key":"LiquidBronze"},{"floor":16,"key":"LiquidBronze"}],"is_trial":false,"path_per_floor":["M","M","?","$","M","E","T","R","T","?","M","?","R","M","R","B",null,"M","$","M","?","$","R","M","E","T","R","$","?","M","M","R","B",null,"M","?","$","M","?","E","R","E","T","E","$","M","$","M","R","B",null],"character_chosen":"DEFECT","items_purchased":["Defragment","Auto Shields","Loop","Heatsinks"],"campfire_rested":3,"item_purchase_floors":[37,37,45,47],"current_hp_per_floor":[75,75,75,75,71,23,23,23,23,23,22,7,29,28,28,8,75,72,72,72,72,72,72,57,25,25,25,25,25,25,24,46,42,75,75,75,75,75,75,53,53,53,53,27,27,27,27,29,53,53],"gold":71,"neow_bonus":"","is_daily":true,"chose_seed":false,"campfire_upgraded":5,"win_rate":0.0,"timestamp":1609399238,"path_taken":["M","?","?","$","?","E","?","R","T","?","?","?","R","M","R","BOSS","M","$","M","?","$","R","M","E","T","R","?","?","?","M","R","BOSS","M","?","$","M","?","E","R","E","T","E","?","M","$","M","R","BOSS"],"items_purchased_type":["Card","Card","Card","Card"],"build_version":"2020-12-22","purchased_purges":3,"victory":true,"max_hp_per_floor":[75,75,75,75,75,75,75,75,75,75,75,75,75,75,75,75,75,75,75,75,75,75,75,75,75,75,75,75,75,75,75,75,75,75,75,75,75,75,75,75,75,75,75,77,77,79,79,81,81,81],"card_choices":[{"not_picked":["Sweeping Beam","Turbo"],"picked":"Skim","floor":1},{"not_picked":["Go for the Eyes","Aggregate"],"picked":"Darkness","floor":2},{"not_picked":["Lockon","Compile Driver"],"picked":"Steam Power","floor":5},{"not_picked":["Sweeping Beam","Double Energy"],"picked":"Hologram","floor":6},{"not_picked":["Stack","Chaos"],"picked":"Conserve Battery","floor":11},{"not_picked":["Melter","Rebound"],"picked":"Go for the Eyes","floor":14},{"not_picked":["Meteor Strike","Core Surge"],"picked":"Multi-Cast","floor":16},{"not_picked":["Go for the Eyes","Undo"],"picked":"Leap","floor":18},{"not_picked":["Beam Cell","Cold Snap","Coolheaded"],"picked":"SKIP","floor":20},{"not_picked":["Turbo","Go for the Eyes+1"],"picked":"Skim","floor":24},{"not_picked":["Thunder Strike","Coolheaded+1","Blizzard"],"picked":"SKIP","floor":25},{"not_picked":["Rebound+1","Coolheaded"],"picked":"Heatsinks+1","floor":30},{"not_picked":["Redo","FTL"],"picked":"BootSequence+1","floor":31},{"not_picked":["Biased Cognition","Reboot"],"picked":"Machine Learning","floor":33},{"not_picked":["Fusion","Undo+1","Coolheaded"],"picked":"SKIP","floor":35},{"not_picked":["BootSequence","Hologram"],"picked":"Auto Shields","floor":38},{"not_picked":["Sweeping Beam","Tempest"],"picked":"Conserve Battery+1","floor":39},{"not_picked":["Redo","Scrape"],"picked":"Heatsinks","floor":40},{"not_picked":["Rebound+1","Ball Lightning+1"],"picked":"Seek","floor":42},{"not_picked":["Recycle+1","Reinforced Body","Double Energy"],"picked":"Singing Bowl","floor":44},{"not_picked":["Compile Driver+1","Double Energy+1","Hologram+1"],"picked":"Singing Bowl","floor":46},{"not_picked":["Compile Driver+1","Auto Shields+1","Lockon+1"],"picked":"Singing Bowl","floor":48}],"player_experience":221520,"relics_obtained":[{"floor":6,"key":"Oddly Smooth Stone"},{"floor":7,"key":"Akabeko"},{"floor":9,"key":"Cables"},{"floor":25,"key":"Bag of Marbles"},{"floor":26,"key":"Mercury Hourglass"},{"floor":39,"key":"Dead Branch"},{"floor":40,"key":"Singing Bowl"},{"floor":42,"key":"Lantern"},{"floor":43,"key":"Symbiotic Virus"},{"floor":44,"key":"Omamori"}],"event_choices":[{"cards_removed":["Zap"],"damage_healed":0,"gold_gain":0,"player_choice":"Offered Basic","damage_taken":0,"max_hp_gain":0,"max_hp_loss":0,"event_name":"Bonfire Elementals","floor":3,"gold_loss":0},{"damage_healed":0,"gold_gain":0,"player_choice":"Forge","damage_taken":0,"max_hp_gain":0,"max_hp_loss":0,"event_name":"Accursed Blacksmith","floor":10,"gold_loss":0,"cards_upgraded":["Dualcast"]},{"damage_healed":0,"gold_gain":0,"player_choice":"Entered Light","damage_taken":15,"max_hp_gain":0,"max_hp_loss":0,"event_name":"Shining Light","floor":12,"gold_loss":0,"cards_upgraded":["Defend_B","Defend_B"]},{"damage_healed":0,"gold_gain":0,"player_choice":"Obtained Relic","damage_taken":0,"relics_obtained":["Mummified Hand"],"max_hp_gain":0,"max_hp_loss":0,"event_name":"Addict","floor":21,"gold_loss":85},{"damage_healed":0,"gold_gain":0,"player_choice":"Ignored","damage_taken":0,"max_hp_gain":0,"max_hp_loss":0,"event_name":"Cursed Tome","floor":29,"gold_loss":0},{"cards_removed":["Go for the Eyes"],"damage_healed":0,"gold_gain":0,"player_choice":"Removed Attack","damage_taken":0,"max_hp_gain":0,"max_hp_loss":0,"event_name":"Falling","floor":36,"gold_loss":0},{"damage_healed":0,"gold_gain":0,"player_choice":"Fight","damage_taken":0,"max_hp_gain":0,"max_hp_loss":0,"event_name":"MindBloom","floor":39,"gold_loss":0}],"is_beta":false,"boss_relics":[{"not_picked":["Inserter","Black Star"],"picked":"Sozu"},{"not_picked":["Coffee Dripper","FrozenCore"],"picked":"Empty Cage"}],"items_purged_floors":[4,19,28],"is_endless":false,"potions_floor_spawned":[1,5,6,16,24,30,31,39,44,46],"ascension_level":0}}