{"host":"r5d2dd2phecx262s","time":1609454491,"event":{"mods":["2.2 Compatiblity","AchievementEnabler","BaseMod","Curses Come First","Minty Spire (QoL Compilation)","StSLib"],"gold_per_floor":[114,132,132,93,93,93,121,121,121,151,226,226,13,25,25,104,104,62,73,89,101,101,101],"floor_reached":22,"playtime":905,"items_purged":[],"score":405,"play_id":"0362751e-b3a6-4d4c-b54e-31d84e281ce4","local_time":"20201231194131","is_ascension_mode":true,"campfire_choices":[{"data":"Self Repair","floor":6,"key":"SMITH"},{"data":"Dualcast","floor":8,"key":"SMITH"},{"data":"Apotheosis","floor":15,"key":"SMITH"}],"circlet_count":0,"master_deck":["AscendersBane","Strike_B","Strike_B","Strike_B","Defend_B","Defend_B","Defend_B","Defend_B","Zap","Dualcast+1","Chill","Cold Snap","Self Repair+1","Stack","Go for the Eyes","Apotheosis+1","Conserve Battery","Fission","Turbo","Static Discharge","Redo","Hologram+1"],"relics":["Cracked Core","NeowsBlessing","Bronze Scales","Centennial Puzzle","Bottled Flame","Kunai","SlaversCollar"],"acts_visited":["Exordium","TheCity"],"potions_floor_usage":[16,21],"damage_taken":[{"damage":0,"enemies":"Small Slimes","floor":1,"turns":1},{"damage":0,"enemies":"2 Louse","floor":2,"turns":1},{"damage":0,"enemies":"Lagavulin","floor":7,"turns":4},{"damage":18,"enemies":"Gremlin Nob","floor":10,"turns":4},{"damage":7,"enemies":"Jaw Worm","floor":14,"turns":3},{"damage":31,"enemies":"Slime Boss","floor":16,"turns":13},{"damage":10,"enemies":"2 Thieves","floor":18,"turns":5},{"damage":7,"enemies":"Spheric Guardian","floor":19,"turns":6},{"damage":22,"enemies":"Centurion and Healer","floor":20,"turns":14},{"damage":45,"enemies":"Snecko","floor":21,"turns":8},{"damage":19,"enemies":"Shelled Parasite and Fungi","floor":22,"turns":4}],"seed_played":"-5331535038138874216","potions_obtained":[{"floor":1,"key":"DistilledChaos"},{"floor":7,"key":"Explosive Potion"}],"is_trial":false,"path_per_floor":["M","M","?","$","?","R","E","R","T","E","?","$","$","M","R","B",null,"M","M","M","M","M"],"character_chosen":"DEFECT","items_purchased":["Self Repair","Apotheosis"],"campfire_rested":0,"item_purchase_floors":[4,13],"current_hp_per_floor":[64,64,59,59,59,59,69,69,69,61,50,50,50,53,53,32,61,61,64,52,17,0,0],"gold":101,"neow_bonus":"THREE_ENEMY_KILL","is_daily":false,"chose_seed":false,"campfire_upgraded":3,"win_rate":0.0,"timestamp":1609454491,"path_taken":["M","M","?","$","?","R","E","R","T","E","?","?","$","M","R","BOSS","M","M","M","M","M"],"items_purchased_type":["Card","Card"],"build_version":"2020-12-22","purchased_purges":0,"victory":false,"max_hp_per_floor":[71,71,71,71,71,71,71,71,71,71,71,71,71,71,71,71,71,71,71,71,71,71,71],"card_choices":[{"not_picked":["FTL","Redo"],"picked":"Chill","floor":1},{"not_picked":["Force Field","Doom and Gloom"],"picked":"Cold Snap","floor":2},{"not_picked":["BootSequence","Compile Driver"],"picked":"Go for the Eyes","floor":7},{"not_picked":["Rip and Tear","Beam Cell","Go for the Eyes"],"picked":"SKIP","floor":10},{"not_picked":["Gash","Barrage"],"picked":"Conserve Battery","floor":14},{"not_picked":["Thunder Strike","Reboot"],"picked":"Fission","floor":16},{"not_picked":["Recycle","Doom and Gloom"],"picked":"Turbo","floor":18},{"not_picked":["Leap+1","Conserve Battery"],"picked":"Static Discharge","floor":19},{"not_picked":["Tempest","Stack"],"picked":"Redo","floor":20},{"not_picked":["Hello World","Go for the Eyes"],"picked":"Hologram+1","floor":21}],"player_experience":1559758,"relics_obtained":[{"floor":7,"key":"Centennial Puzzle"},{"floor":9,"key":"Bottled Flame"},{"floor":10,"key":"Kunai"}],"event_choices":[{"damage_healed":0,"gold_gain":0,"player_choice":"Success","damage_taken":5,"relics_obtained":["Bronze Scales"],"max_hp_gain":0,"max_hp_loss":0,"event_name":"Scrap Ooze","floor":3,"gold_loss":0},{"damage_healed":0,"gold_gain":0,"cards_transformed":["Strike_B"],"player_choice":"Change","damage_taken":0,"max_hp_gain":0,"max_hp_loss":0,"event_name":"Living Wall","floor":5,"gold_loss":0,"cards_obtained":["Stack"]},{"damage_healed":0,"gold_gain":75,"player_choice":"Gather Gold","damage_taken":11,"max_hp_gain":0,"max_hp_loss":0,"event_name":"World of Goop","floor":11,"gold_loss":0}],"is_beta":false,"boss_relics":[{"not_picked":["Philosopher\u0027s Stone","Ectoplasm"],"picked":"SlaversCollar"}],"items_purged_floors":[],"is_endless":false,"potions_floor_spawned":[1,7],"killed_by":"Shelled Parasite and Fungi","ascension_level":17}}