{"host":"le69utka9ynaq64d","time":1609404626,"event":{"mods":["AchievementEnabler","Aspiration","BaseMod","Block Reminder","Conspire","Energized Spire","GifTheSpireLib","Halation","Hubris","Minty Spire (QoL Compilation)","Permanent Neow","Quick Restart","Replay The Spire","RiskOfSpire","StSLib","Stuff the Spire","Trackpad","Uncapped","vexMod"],"gold_per_floor":[115,132,86,361,349,369,369,600,650,650,623,623,623,623],"floor_reached":13,"playtime":768,"items_purged":[],"score":77,"play_id":"87a93a5a-33fe-4864-b2b7-62e0ec8c0af0","local_time":"20201231035026","is_ascension_mode":false,"campfire_choices":[{"floor":12.0,"key":"REST"}],"circlet_count":0,"master_deck":["Strike_G","Strike_G","Strike_G","Strike_G","Strike_G","Defend_G","Defend_G","Defend_G","Defend_G","Defend_G","Survivor","Neutralize","Noxious Fumes","Acrobatics+1","Regret","Outmaneuver","Acrobatics"],"relics":["Ring of the Snake","riskOfSpire:ArmorPiercingRounds","Blood Vial","Omamori","riskOfSpire:Chronobauble"],"acts_visited":["Exordium"],"potions_floor_usage":[],"damage_taken":[{"damage":0.0,"enemies":"2 Louse","floor":1.0,"turns":3.0},{"damage":0.0,"enemies":"Cultist","floor":2.0,"turns":5.0},{"damage":0.0,"enemies":"Jaw Worm","floor":5.0,"turns":5.0},{"damage":16.0,"enemies":"2 Fungi Beasts","floor":6.0,"turns":6.0},{"damage":2.0,"enemies":"Looter","floor":8.0,"turns":5.0},{"damage":4.0,"enemies":"3 Louse","floor":11.0,"turns":5.0},{"damage":27,"enemies":"Gremlin Nob","floor":13,"turns":5}],"seed_played":"-5006397812456703151","potions_obtained":[{"floor":1.0,"key":"ColorlessPotion"},{"floor":11.0,"key":"BlessingOfTheForge"}],"is_trial":true,"path_per_floor":["M","M","$","?","M","M","T","M","T","?","M","R","E"],"character_chosen":"THE_SILENT","items_purchased":["Acrobatics"],"campfire_rested":1,"item_purchase_floors":[3],"current_hp_per_floor":[70,70,70,70,70,54,54,18,18,18,16,37,12,12],"gold":623,"neow_bonus":"","is_daily":false,"chose_seed":false,"campfire_upgraded":0,"win_rate":0.0,"timestamp":1609404626,"path_taken":["M","M","$","?","?","M","?","M","T","?","M","R","E"],"items_purchased_type":["Card"],"build_version":"2020-12-22","purchased_purges":0,"victory":false,"max_hp_per_floor":[70,70,70,70,70,70,70,70,70,70,70,70,70,70],"card_choices":[{"not_picked":["ReplayTheSpireMod:Scrap Shanks","Poisoned Stab"],"picked":"Noxious Fumes","floor":1.0},{"not_picked":["StuffTheSpire:ClusterCrunch","Eviscerate","All Out Attack"],"picked":"SKIP","floor":2.0},{"not_picked":["Calculated Gamble","StuffTheSpire:Injection"],"picked":"Outmaneuver","floor":6.0},{"not_picked":["Outmaneuver","Quick Slash"],"picked":"Acrobatics","floor":8.0}],"player_experience":360017,"relics_obtained":[{"floor":5.0,"key":"riskOfSpire:ArmorPiercingRounds"},{"floor":6.0,"key":"riskOfSpire:ForeignFruit"},{"floor":7.0,"key":"Blood Vial"},{"floor":9.0,"key":"Omamori"},{"floor":11.0,"key":"riskOfSpire:Chronobauble"}],"event_choices":[{"damage_healed":0.0,"max_hp_gain":0.0,"max_hp_loss":0.0,"gold_gain":275.0,"event_name":"Golden Shrine","player_choice":"Desecrate","floor":4.0,"gold_loss":0.0,"damage_taken":0.0,"cards_obtained":["Regret"]}],"is_beta":false,"boss_relics":[],"items_purged_floors":[],"is_endless":true,"potions_floor_spawned":[1,11],"killed_by":"Gremlin Nob","ascension_level":0}}