{"host":"ln8zowmpyx5bxamj","time":1609391066,"event":{"mods":["BaseMod","Colored Map","Hubris","Minty Spire (QoL Compilation)","Replay The Spire","StSLib","The Dragon Tamer","Uncapped"],"gold_per_floor":[114,127,142,142,142,142,152,178,202,202,202,202,58,71,71,170,170,189,200,200,220,239,239,265,265,265,283,303,303,14,31,31,126,126,218,218,312,312,406,406,406,406,406],"floor_reached":41,"playtime":5176,"items_purged":[],"score":440,"play_id":"4c8315ef-c7e2-4a3c-a4e9-8104813df425","local_time":"20201230230426","is_ascension_mode":false,"metric_token":531,"campfire_choices":[{"data":"DTMod:DoubleHit","floor":6.0,"key":"SMITH"},{"data":"DTMod:StarRain","floor":10.0,"key":"SMITH"},{"floor":12.0,"key":"REST"},{"data":"DTMod:SwitchingTactic","floor":23,"key":"SMITH"},{"data":"DTMod:Observe","floor":25,"key":"SMITH"},{"data":"DTMod:ComboAttack","floor":29,"key":"SMITH"},{"floor":32,"key":"REST"},{"floor":40,"key":"REST"}],"dtmod_dragon_data":[0,56,0,4,0,1],"circlet_count":0,"master_deck":["DTMod:Strike+1","DTMod:Strike+1","DTMod:DoubleHit+1","DTMod:TargetDefense","DTMod:TargetDefense","DTMod:TargetDefense","DTMod:SwitchingTactic+1","DTMod:FlameSlash","DTMod:ShieldDrain","DTMod:BizarreTactic","DTMod:StarRain+1","DTMod:MaximumCharge","DTMod:Safeguard","AbeCurse","DTMod:WarmUp+1","DTMod:TagTeam","DTMod:ShieldDrain","DTMod:Shift+1","DTMod:TauntingStrike+1","DTMod:Observe+1","DTMod:BalancedStrike","DTMod:ComboAttack+1","DTMod:ForkedFire","Bandage Up","DTMod:BalancedStrike","DTMod:MagicField","DTMod:TagTeam","DTMod:RepeatStrike","hubris:EnhanceAbility","DTMod:Conduct+1"],"relics":["DTMod:MagicStone","NeowsBlessing","Replay:Rubber Ducky","Chemical X","Abe\u0027s Treasure","Mirror","Sundial","Replay:Grab Bag","Replay:Bronze Core","ChewingGum","SlaversCollar","Mummified Hand"],"acts_visited":["Exordium","TheCity","TheBeyond"],"potions_floor_usage":[18,19,31,37,39,41],"damage_taken":[{"damage":0.0,"enemies":"Jaw Worm","floor":1.0,"turns":1.0},{"damage":0.0,"enemies":"Small Slimes","floor":2.0,"turns":1.0},{"damage":0.0,"enemies":"Cultist","floor":3.0,"turns":1.0},{"damage":3.0,"enemies":"Large Slime","floor":7.0,"turns":5.0},{"damage":9.0,"enemies":"3 Sentries","floor":8.0,"turns":11.0},{"damage":0,"enemies":"Exordium Wildlife","floor":14,"turns":5},{"damage":19,"enemies":"Fading Forest","floor":16,"turns":11},{"damage":0,"enemies":"Shell Parasite","floor":18,"turns":2},{"damage":1,"enemies":"2 Thieves","floor":19,"turns":3},{"damage":0,"enemies":"Sentry and Sphere","floor":21,"turns":3},{"damage":0,"enemies":"Shelled Parasite and Fungi","floor":22,"turns":3},{"damage":0,"enemies":"Book of Stabbing","floor":24,"turns":5},{"damage":0,"enemies":"Snake Plant","floor":27,"turns":3},{"damage":0,"enemies":"Cultist and Chosen","floor":28,"turns":4},{"damage":0,"enemies":"3 Cultists","floor":31,"turns":4},{"damage":37,"enemies":"Automaton","floor":33,"turns":14},{"damage":0,"enemies":"Orb Walker","floor":35,"turns":3},{"damage":0,"enemies":"3 Darklings","floor":37,"turns":8},{"damage":0,"enemies":"Transient","floor":39,"turns":5},{"damage":0,"enemies":"4 Shapes","floor":41,"turns":4}],"seed_played":"640299405563551738","potions_obtained":[{"floor":2.0,"key":"Explosive Potion"},{"floor":8.0,"key":"EssenceOfSteel"},{"floor":21,"key":"SpeedPotion"},{"floor":24,"key":"Death Potion"},{"floor":27,"key":"EssenceOfSteel"},{"floor":33,"key":"GamblersBrew"},{"floor":37,"key":"Fire Potion"},{"floor":39,"key":"Weak Potion"}],"is_trial":false,"path_per_floor":["M","M","M","?","?","R","M","E","T","R","?","R","$","M","R_BF","B",null,"M","M","?","M","M","R","E","R","T","M","M","R","$","M","R","B",null,"M","?","M","?","M","R","M"],"character_chosen":"THE_DT","items_purchased":["Chemical X","DTMod:ForkedFire","Bandage Up","DTMod:BalancedStrike","DTMod:MagicField"],"campfire_rested":3,"item_purchase_floors":[13,30,30,30,30],"current_hp_per_floor":[45,45,45,45,45,45,42,33,33,33,24,37,37,37,37,24,45,45,44,44,44,44,44,44,44,44,44,44,44,44,44,45,12,45,45,45,45,45,45,45,45,45,45],"gold":406,"neow_bonus":"THREE_ENEMY_KILL","is_daily":false,"chose_seed":false,"campfire_upgraded":5,"win_rate":0.0,"timestamp":1609391066,"path_taken":["M","M","M","?","?","R","?","E","T","R","?","R","$","M","R_BF","BOSS","M","M","?","M","?","R","E","R","T","M","M","R","$","M","R","BOSS","M","?","M","?","?","R","M"],"items_purchased_type":["Relic","Card","Card","Card","Card"],"build_version":"2020-12-22","purchased_purges":0,"victory":false,"max_hp_per_floor":[45,45,45,45,45,45,45,45,45,45,45,45,45,45,45,45,45,45,45,45,45,45,45,45,45,45,45,45,45,45,45,45,45,45,45,45,45,45,45,45,45,45,45],"card_choices":[{"not_picked":["DTMod:HeatWave","DTMod:BreakAttack"],"picked":"DTMod:FlameSlash","floor":1.0},{"not_picked":["DTMod:BreakAttack","DTMod:CrossStep"],"picked":"DTMod:ShieldDrain","floor":2.0},{"not_picked":["DTMod:BurningEnergy","DTMod:HeatWave"],"picked":"DTMod:BizarreTactic","floor":3.0},{"not_picked":["DTMod:WarmUp","DTMod:CleansingStrike","DTMod:BlazingStrike"],"picked":"SKIP","floor":7.0},{"not_picked":["DTMod:BuildUp","DTMod:Observe"],"picked":"DTMod:StarRain","floor":8.0},{"not_picked":["DTMod:Training","DTMod:ResonanceForm","DTMod:Weaken"],"picked":"SKIP","floor":14},{"not_picked":["DTMod:FierySynthesis","DTMod:LightShield"],"picked":"DTMod:Safeguard","floor":16},{"not_picked":["DTMod:HeatWave","DTMod:BlueScale+1"],"picked":"DTMod:WarmUp+1","floor":18},{"not_picked":["DTMod:Dissolve","DTMod:Feint+1"],"picked":"DTMod:TagTeam","floor":19},{"not_picked":["DTMod:Cover","DTMod:Dissolve"],"picked":"DTMod:Shift+1","floor":21},{"not_picked":["DTMod:TauntingStrike+1","DTMod:FlameSlash","DTMod:Weaken"],"picked":"SKIP","floor":22},{"not_picked":["DTMod:FlameSlash","DTMod:Weaken"],"picked":"DTMod:TauntingStrike+1","floor":22},{"not_picked":["DTMod:ComboAttack","DTMod:FlameSlash"],"picked":"DTMod:Observe","floor":24},{"not_picked":["DTMod:Hide","DTMod:DeepFocus"],"picked":"DTMod:BalancedStrike","floor":27},{"not_picked":["DTMod:BlazingStrike","DTMod:Dissolve"],"picked":"DTMod:ComboAttack","floor":28},{"not_picked":["DTMod:DarkBreath","DTMod:BizarreTactic+1"],"picked":"DTMod:TagTeam","floor":31},{"not_picked":["DTMod:ResonanceForm","DTMod:ExcessFootwork"],"picked":"DTMod:RepeatStrike","floor":33},{"not_picked":["DTMod:LowKick+1","DTMod:CleansingStrike","DTMod:MaximumCharge"],"picked":"SKIP","floor":35},{"not_picked":["Specialist","Replay:Bootleg Shield Generator"],"picked":"hubris:EnhanceAbility","floor":36},{"not_picked":["DTMod:BurningEnergy+1","DTMod:Punisher+1","DTMod:QuickFly"],"picked":"SKIP","floor":37},{"not_picked":["DTMod:Cover+1","DTMod:Hide+1"],"picked":"DTMod:Conduct+1","floor":39}],"player_experience":302288,"relics_obtained":[{"floor":8.0,"key":"Replay:Rubber Ducky"},{"floor":24,"key":"Mirror"},{"floor":26,"key":"Sundial"}],"event_choices":[{"cards_removed":["DTMod:Strike"],"damage_healed":0.0,"max_hp_gain":0.0,"max_hp_loss":0.0,"gold_gain":0.0,"event_name":"Purifier","player_choice":"Purged","floor":5.0,"gold_loss":0.0,"damage_taken":0.0},{"damage_healed":0.0,"max_hp_gain":0.0,"max_hp_loss":0.0,"gold_gain":0.0,"event_name":"Shining Light","player_choice":"Entered Light","floor":11.0,"gold_loss":0.0,"damage_taken":9.0,"cards_upgraded":["DTMod:Strike","DTMod:Strike"]},{"damage_healed":0,"gold_gain":0,"player_choice":"Copied","damage_taken":0,"max_hp_gain":0,"max_hp_loss":0,"event_name":"Duplicator","floor":20,"gold_loss":0,"cards_obtained":["DTMod:ShieldDrain"]},{"damage_healed":0,"gold_gain":0,"player_choice":"Memory 1","damage_taken":0,"max_hp_gain":0,"max_hp_loss":0,"event_name":"SensoryStone","floor":36,"gold_loss":0},{"damage_healed":0,"gold_gain":0,"player_choice":"Gave Potion","damage_taken":0,"relics_obtained":["Mummified Hand"],"max_hp_gain":0,"max_hp_loss":0,"event_name":"WeMeetAgain","floor":38,"gold_loss":0}],"is_beta":false,"boss_relics":[{"not_picked":["Busted Crown","ReplayTheSpireMod:DimensionalGlitch"],"picked":"Abe\u0027s Treasure"},{"not_picked":["hubris:Stopwatch","hubris:RunicObelisk"],"picked":"Replay:Grab Bag"},{"not_picked":["hubris:TerracottaHorce","Velvet Choker"],"picked":"Replay:Bronze Core"},{"not_picked":["Cursed Key","hubris:VirtuousBlindfold"],"picked":"ChewingGum"},{"not_picked":["Ring of Chaos","hubris:ScarierMask"],"picked":"DTMod:MagicStone"},{"not_picked":["hubris:BlackHole","Snecko Eye"],"picked":"SlaversCollar"}],"items_purged_floors":[],"is_endless":false,"potions_floor_spawned":[2,8,21,24,27,33,37,39],"killed_by":"4 Shapes","ascension_level":0}}