{"host":"xshq2rhao6qj608z","time":1609420400,"event":{"mods":["AchievementEnabler","BaseMod","BetterRewards","Block Reminder","Colored Powertips","Downfall","Energized Spire","Highlight Path","Infinite Spire","Minty Spire (QoL Compilation)","Quick Restart","Rare Cards Sparkle","Replay The Spire","StSLib","The Blue Laboratory","The Jungle"],"gold_per_floor":[116,116,128,2,53,53,88,37,106,116,145,145,158,189,189,292,292,303,322,412,426,426,426,426],"floor_reached":23,"playtime":1506,"items_purged":[],"score":257,"play_id":"8e514ba6-2a84-4281-9be9-e35e7c9a41cc","local_time":"20201231161320","is_ascension_mode":true,"campfire_choices":[{"floor":6.0,"key":"REST"},{"data":"Hologram","floor":15.0,"key":"SMITH"}],"circlet_count":0,"master_deck":["Zap","Dualcast","Gash","Stack","Gash","Scrape","Doom and Gloom+1","White Noise","Gash+1","Hologram+1","Cold Snap+1","Core Surge+1","Hyperbeam+1","Self Repair","All For One+1","Defragment","Hello World","Scrape+1","Capacitor","Multi-Cast","Force Field","ReplayTheSpireMod:Calculation Training","Rebound+1","Replay:SS_hec_1","Rebound+1","Parasite","Slimebound:Icky","infinitespire:Oblivion+1"],"relics":["Cracked Core","NeowsBlessing","Molten Egg 2","Solar Panel","Iron Hammer","Kunai","GremlinMask","Blue Doll","Pandora\u0027s Box"],"acts_visited":["Exordium","TheCity"],"potions_floor_usage":[],"damage_taken":[{"damage":0.0,"enemies":"2 Louse","floor":1.0,"turns":1.0},{"damage":0.0,"enemies":"Jaw Worm","floor":3.0,"turns":1.0},{"damage":0.0,"enemies":"Gremlin Nob","floor":7.0,"turns":1.0},{"damage":0.0,"enemies":"Small Slimes","floor":10.0,"turns":2.0},{"damage":6.0,"enemies":"3 Sentries","floor":11.0,"turns":5.0},{"damage":0.0,"enemies":"Gremlin Gang","floor":13.0,"turns":3.0},{"damage":9.0,"enemies":"Replay:BlueRogue","floor":14.0,"turns":3.0},{"damage":43.0,"enemies":"Hexaghost","floor":16.0,"turns":8.0},{"damage":44.0,"enemies":"2 Thieves","floor":18.0,"turns":3.0},{"damage":6.0,"enemies":"3 Byrds","floor":19.0,"turns":4.0},{"damage":15.0,"enemies":"Snake Plant","floor":21.0,"turns":3.0},{"damage":15,"enemies":"Gremlin Leader","floor":23,"turns":4}],"seed_played":"2326505697234493137","potions_obtained":[{"floor":3.0,"key":"FearPotion"},{"floor":5.0,"key":"blueLaboratory:HorrorPotion"},{"floor":10.0,"key":"DistilledChaos"},{"floor":18.0,"key":"Languid Potion"}],"is_trial":false,"path_per_floor":["M","?","M","$","?","R","E","$","T","M","E","?","M","E","R","B",null,"M","M","?","M","?","E"],"character_chosen":"DEFECT","items_purchased":["Gash","Scrape","Gash+1"],"campfire_rested":1,"item_purchase_floors":[4,4,8],"current_hp_per_floor":[75,75,75,75,57,75,75,75,75,75,71,71,73,66,66,25,75,40,41,23,8,8,0,0],"gold":426,"neow_bonus":"THREE_ENEMY_KILL","is_daily":false,"chose_seed":false,"campfire_upgraded":1,"win_rate":0.0,"timestamp":1609420400,"path_taken":["M","?","M","$","?","R","E","$","T","?","E","?","?","E","R","BOSS","M","M","?","?","?","E"],"items_purchased_type":["Card","Card","Card"],"build_version":"2020-12-22","purchased_purges":0,"victory":false,"max_hp_per_floor":[75,75,75,75,75,75,75,75,75,75,75,75,75,75,75,75,75,75,75,75,75,75,75,75],"card_choices":[{"not_picked":["Go for the Eyes","Aggregate"],"picked":"Gash","floor":1.0},{"not_picked":["Barrage","Chill"],"picked":"Stack","floor":3.0},{"not_picked":["Hello World","Compile Driver+1"],"picked":"Doom and Gloom+1","floor":5.0},{"not_picked":["Hello World","Compile Driver+1"],"picked":"White Noise","floor":7.0},{"not_picked":["Leap","Stack"],"picked":"Hologram","floor":10.0},{"not_picked":["BasicCrystalCard","Gash+1"],"picked":"Cold Snap+1","floor":11.0},{"not_picked":["Hologram","Leap"],"picked":"Core Surge+1","floor":13.0},{"not_picked":["Undo","Self Repair","Reinforced Body"],"picked":"SKIP","floor":14.0},{"not_picked":["ReplayRNGCard","Multi-Cast"],"picked":"Hyperbeam+1","floor":16.0},{"not_picked":["Stack+1","Chill"],"picked":"ReplayTheSpireMod:Calculation Training","floor":18.0},{"not_picked":["Go for the Eyes+1","Chaos"],"picked":"Rebound+1","floor":19.0},{"not_picked":["Hologram","BasicCrystalCard+1"],"picked":"Rebound+1","floor":21.0},{"not_picked":["infinitespire:TheBestDefense","infinitespire:DeathsTouch"],"picked":"infinitespire:Oblivion","floor":22.0}],"player_experience":212503,"relics_obtained":[{"floor":5.0,"key":"Molten Egg 2"},{"floor":7.0,"key":"Solar Panel"},{"floor":9.0,"key":"Iron Hammer"},{"floor":11.0,"key":"Kunai"},{"floor":14.0,"key":"Blue Doll"}],"event_choices":[{"damage_healed":0.0,"max_hp_gain":0.0,"max_hp_loss":0.0,"gold_gain":0.0,"event_name":"FaceTrader","player_choice":"Trade","floor":12.0,"gold_loss":0.0,"damage_taken":0.0,"relics_obtained":["GremlinMask"]},{"damage_healed":0.0,"max_hp_gain":0.0,"max_hp_loss":0.0,"gold_gain":90.0,"event_name":"Knowing Skull","player_choice":"CARD GOLD ","floor":20.0,"potions_obtained":[],"gold_loss":0.0,"damage_taken":18.0,"cards_obtained":["Replay:SS_hec_1"]}],"is_beta":false,"boss_relics":[{"not_picked":["Painkiller Herb","Philosopher\u0027s Stone"],"picked":"Pandora\u0027s Box"}],"items_purged_floors":[],"is_endless":false,"potions_floor_spawned":[3,10,13,18],"killed_by":"Gremlin Leader","ascension_level":2}}