{"host":"ydujlihd8f5px9gp","time":1609372878,"event":{"mods":["AchievementEnabler","BaseMod","Block Reminder","Colored Map","Minty Spire (QoL Compilation)","ojb\u0027s Info Mod"],"gold_per_floor":[114,129,144,159,174,174,204,204,504,534,564,579,579,594,594,694,694,709,709,709,724,739,739,754,769,769,799,829,829,859,874,874,974,974,989,1004,354,369,384,384,384,384,384,384,384,399,414,429,429,429],"floor_reached":51,"playtime":2080,"items_purged":[],"score":910,"play_id":"b34ced76-e5b3-4687-a04f-83857728dd4e","local_time":"20201230220118","daily_mods":["Cursed Run","Diverse","DeadlyEvents"],"is_ascension_mode":false,"campfire_choices":[{"data":"Fire Breathing","floor":6,"key":"SMITH"},{"data":"Doom and Gloom","floor":8,"key":"SMITH"},{"data":"Zap","floor":15,"key":"SMITH"},{"data":"1","floor":23,"key":"LIFT"},{"data":"2","floor":29,"key":"LIFT"},{"data":"Conclude","floor":32,"key":"SMITH"},{"data":"Creative AI","floor":40,"key":"SMITH"},{"data":"3","floor":42,"key":"LIFT"},{"data":"Coolheaded","floor":44,"key":"SMITH"},{"data":"PiercingWail","floor":49,"key":"SMITH"}],"circlet_count":0,"master_deck":["Strike_B","Strike_B","Strike_B","Defend_B","Defend_B","Zap+1","Dualcast","PiercingWail+1","Doom and Gloom+1","Fire Breathing+1","Normality","Dual Wield","Backflip","Writhe","CurseOfTheBell","Coolheaded+1","Shame","Normality","Conclude+1","Decay","Creative AI+1","WindmillStrike+1","Melter+1","Skewer+1","Glacier+1","Defragment+1","Thinking Ahead+1","Thinking Ahead+1","Shame","Writhe","Stack+1","Skim+1","Normality"],"relics":["Cursed Key","Darkstone Periapt","Du-Vu Doll","Meat on the Bone","Old Coin","Bottled Flame","Bottled Tornado","Calling Bell","Lantern","Pear","Girya","Eternal Feather","Letter Opener","StrikeDummy","Anchor","Vajra","Astrolabe","Question Card","Toxic Egg 2","Cauldron","HornCleat"],"acts_visited":["Exordium","TheCity","TheBeyond"],"potions_floor_usage":[7,11,11,27,28,28,33,50,50],"damage_taken":[{"damage":1,"enemies":"Cultist","floor":1,"turns":3},{"damage":0,"enemies":"Small Slimes","floor":2,"turns":4},{"damage":0,"enemies":"Jaw Worm","floor":3,"turns":3},{"damage":14,"enemies":"Exordium Thugs","floor":4,"turns":5},{"damage":13,"enemies":"2 Fungi Beasts","floor":5,"turns":3},{"damage":10,"enemies":"3 Sentries","floor":7,"turns":4},{"damage":24,"enemies":"Gremlin Nob","floor":10,"turns":4},{"damage":8,"enemies":"Lagavulin","floor":11,"turns":6},{"damage":10,"enemies":"Looter","floor":12,"turns":3},{"damage":19,"enemies":"Blue Slaver","floor":14,"turns":4},{"damage":9,"enemies":"Hexaghost","floor":16,"turns":7},{"damage":20,"enemies":"Shell Parasite","floor":18,"turns":5},{"damage":0,"enemies":"3 Byrds","floor":21,"turns":2},{"damage":17,"enemies":"Snecko","floor":22,"turns":5},{"damage":22,"enemies":"Sentry and Sphere","floor":24,"turns":4},{"damage":21,"enemies":"Snake Plant","floor":25,"turns":3},{"damage":31,"enemies":"Book of Stabbing","floor":27,"turns":5},{"damage":4,"enemies":"Gremlin Leader","floor":28,"turns":4},{"damage":28,"enemies":"Book of Stabbing","floor":30,"turns":4},{"damage":14,"enemies":"Snecko","floor":31,"turns":4},{"damage":39,"enemies":"Collector","floor":33,"turns":6},{"damage":0,"enemies":"3 Shapes","floor":35,"turns":2},{"damage":23,"enemies":"Orb Walker","floor":36,"turns":3},{"damage":11,"enemies":"Writhing Mass","floor":38,"turns":5},{"damage":5,"enemies":"4 Shapes","floor":39,"turns":2},{"damage":16,"enemies":"Maw","floor":46,"turns":6},{"damage":0,"enemies":"Transient","floor":47,"turns":5},{"damage":9,"enemies":"4 Shapes","floor":48,"turns":3},{"damage":98,"enemies":"Donu and Deca","floor":50,"turns":6}],"seed_played":"9091901603564859836","potions_obtained":[{"floor":4,"key":"EssenceOfSteel"},{"floor":7,"key":"Dexterity Potion"},{"floor":10,"key":"FearPotion"},{"floor":11,"key":"LiquidMemories"},{"floor":22,"key":"DistilledChaos"},{"floor":24,"key":"SpeedPotion"},{"floor":31,"key":"Explosive Potion"},{"floor":37,"key":"BlessingOfTheForge"},{"floor":37,"key":"DistilledChaos"},{"floor":37,"key":"SkillPotion"},{"floor":46,"key":"PotionOfCapacity"},{"floor":48,"key":"Block Potion"}],"is_trial":false,"path_per_floor":["M","M","M","M","M","R","E","R","T","E","E","M","?","M","R","B",null,"M","?","?","M","M","R","M","M","T","E","E","R","E","M","R","B",null,"M","M","$","M","M","R","?","R","T","R","?","M","M","M","R","B",null],"character_chosen":"DEFECT","items_purchased":["Question Card","Toxic Egg 2","Cauldron"],"campfire_rested":0,"item_purchase_floors":[37,37,37],"current_hp_per_floor":[74,74,74,60,47,47,37,37,43,31,35,37,37,30,30,39,103,83,89,89,89,72,81,59,50,56,37,45,57,41,39,51,30,121,121,98,98,87,82,97,87,102,108,123,133,117,117,108,126,46],"gold":429,"neow_bonus":"","is_daily":true,"chose_seed":false,"campfire_upgraded":7,"win_rate":0.0,"timestamp":1609372878,"path_taken":["M","M","M","?","M","R","?","R","T","E","?","M","?","M","R","BOSS","M","?","?","M","M","R","?","M","T","?","E","R","E","M","R","BOSS","M","M","$","M","M","R","?","R","T","R","?","M","M","?","R","BOSS"],"items_purchased_type":["Relic","Relic","Relic"],"build_version":"2020-12-22","purchased_purges":0,"victory":true,"max_hp_per_floor":[75,75,75,75,75,75,75,75,81,81,81,81,81,81,81,87,103,103,109,109,109,109,109,109,109,115,115,115,115,115,115,115,121,121,121,121,121,121,121,121,121,121,127,127,133,133,133,133,133,139],"card_choices":[{"not_picked":["Compile Driver","Poisoned Stab"],"picked":"PiercingWail","floor":1},{"not_picked":["EmptyFist","Havoc"],"picked":"Doom and Gloom","floor":2},{"not_picked":["Outmaneuver","Melter"],"picked":"Fire Breathing","floor":3},{"not_picked":["Redo","PathToVictory","FlyingSleeves"],"picked":"SKIP","floor":4},{"not_picked":["Genetic Algorithm","CrushJoints","Second Wind"],"picked":"SKIP","floor":5},{"not_picked":["Poisoned Stab","Headbutt","Barrage"],"picked":"SKIP","floor":7},{"not_picked":["LikeWater","Malaise","Quick Slash"],"picked":"SKIP","floor":10},{"not_picked":["Acrobatics","Heavy Blade"],"picked":"Dual Wield","floor":11},{"not_picked":["Tactician","Undo"],"picked":"Backflip","floor":12},{"not_picked":["Cleave","Flying Knee","EmptyMind"],"picked":"SKIP","floor":14},{"not_picked":["Prostrate","Carnage+1"],"picked":"Coolheaded","floor":18},{"not_picked":["Rampage","WheelKick","Sword Boomerang"],"picked":"SKIP","floor":21},{"not_picked":["Prostrate","Prepared","Steam"],"picked":"SKIP","floor":22},{"not_picked":["Clothesline","Protect"],"picked":"TalkToTheHand","floor":24},{"not_picked":["Cold Snap","Underhanded Strike","Lockon"],"picked":"SKIP","floor":25},{"not_picked":["Doom and Gloom+1","Chill","Cold Snap"],"picked":"SKIP","floor":27},{"not_picked":["Sentinel","Sever Soul","True Grit"],"picked":"SKIP","floor":28},{"not_picked":["Electrodynamics","Auto Shields+1"],"picked":"Conclude","floor":30},{"not_picked":["Prostrate","Sever Soul","Protect+1"],"picked":"SKIP","floor":31},{"not_picked":["Corruption","Devotion"],"picked":"Creative AI","floor":33},{"not_picked":["Clothesline","JustLucky","Warcry"],"picked":"SKIP","floor":35},{"not_picked":["Bane+1","Battle Trance+1","Sucker Punch+1"],"picked":"SKIP","floor":36},{"not_picked":["Barrage+1","Finisher+1","Dodge and Roll+1"],"picked":"Glacier+1","floor":38},{"not_picked":["Stack+1","Capacitor+1","Genetic Algorithm+1"],"picked":"Defragment+1","floor":39},{"not_picked":["Impatience+1","Madness+1","PanicButton+1"],"picked":"Thinking Ahead+1","floor":41},{"not_picked":["Mind Blast","Blind+1","Swift Strike"],"picked":"Thinking Ahead+1","floor":41},{"not_picked":["Metallicize+1","Wireheading","Flechettes","Aggregate+1"],"picked":"SKIP","floor":46},{"not_picked":["Prepared+1","Backflip+1","ClearTheMind+1"],"picked":"Stack+1","floor":47},{"not_picked":["Streamline+1","Coolheaded+1","Backflip+1"],"picked":"Skim+1","floor":48}],"player_experience":78347,"relics_obtained":[{"floor":7,"key":"Meat on the Bone"},{"floor":9,"key":"Old Coin"},{"floor":10,"key":"Bottled Flame"},{"floor":11,"key":"Bottled Tornado"},{"floor":17,"key":"Lantern"},{"floor":17,"key":"Pear"},{"floor":17,"key":"Girya"},{"floor":26,"key":"Letter Opener"},{"floor":27,"key":"StrikeDummy"},{"floor":28,"key":"Anchor"},{"floor":30,"key":"Vajra"},{"floor":43,"key":"HornCleat"}],"event_choices":[{"cards_removed":["Defend_B"],"damage_healed":0,"gold_gain":0,"player_choice":"Card Removal","damage_taken":0,"max_hp_gain":0,"max_hp_loss":0,"event_name":"Wheel of Change","floor":13,"gold_loss":0},{"damage_healed":0,"gold_gain":0,"player_choice":"Stole Relic","damage_taken":0,"relics_obtained":["Eternal Feather"],"max_hp_gain":0,"max_hp_loss":0,"event_name":"Addict","floor":19,"gold_loss":0,"cards_obtained":["Shame"]},{"damage_healed":0,"gold_gain":0,"player_choice":"Ignored","damage_taken":0,"max_hp_gain":0,"max_hp_loss":0,"event_name":"Ghosts","floor":20,"gold_loss":0},{"damage_healed":0,"gold_gain":0,"player_choice":"Memory 3","damage_taken":10,"max_hp_gain":0,"max_hp_loss":0,"event_name":"SensoryStone","floor":41,"gold_loss":0},{"damage_healed":32,"gold_gain":0,"player_choice":"Writhe","damage_taken":0,"max_hp_gain":0,"max_hp_loss":0,"event_name":"Winding Halls","floor":45,"gold_loss":0,"cards_obtained":["Writhe"]}],"is_beta":false,"boss_relics":[{"not_picked":["Philosopher\u0027s Stone","Empty Cage"],"picked":"Calling Bell"},{"not_picked":["Runic Dome","Inserter"],"picked":"Astrolabe"}],"items_purged_floors":[],"is_endless":false,"potions_floor_spawned":[4,7,10,11,22,24,25,31,46,48],"ascension_level":0}}