{"host":"ifkniheryhug0h86","time":1609390657,"event":{"mods":["AchievementEnabler","BaseMod","Block Reminder","Colored Map","Colored Powertips","DeckTracker","Downfall","Googly Eyes","Highlight Path","Hubris","Infinite Spire","Minty Spire (QoL Compilation)","Quick Restart","Relic Sorter","Relic Stats","StSLib","The Construct","The Necromancer"],"gold_per_floor":[119,119,16,91,91,126,138,138,138,138,150,182,201,215,215,314,314,330,340,96,96,96,24,35,35,35,35,135,135,135,135],"floor_reached":30,"playtime":1627,"items_purged":["Defend_W"],"score":261,"play_id":"7779f9e8-91e9-4a0b-9778-5322d5c05c5f","local_time":"20201230235737","is_ascension_mode":false,"campfire_choices":[{"data":"Summon_Lich","floor":8,"key":"SMITH"},{"data":"hubris:DuctTapeCard","floor":10,"key":"SMITH"},{"floor":15,"key":"REST"},{"floor":25,"key":"REST"},{"data":"Negative_Energy_Mist","floor":27,"key":"SMITH"},{"data":"Negative_Energy_Shield","floor":29,"key":"SMITH"}],"circlet_count":0,"master_deck":["Strike_W","Strike_W","Strike_W","Defend_W","Defend_W","Negative_Energy_Arrows","Bone_Wall","Summon_Lich+1","Negative_Energy_Shield+1","Plague_Bolt","Bones_to_Steel","hubris:DuctTapeCard+2","Corrupt","Scare","Flesh_Made_Foul","Thousand_Bone_Knives","Blood_Wake","Exploit+1","Deaths_Shadow","Summon_Lich","Life_Tap","Negative_Energy_Mist+1","Decay","Summon_Lich","Blood_Is_Power+1"],"relics":["Vampire_Amulet","NeowsBlessing","Strawberry","hubris:DuctTape","hubris:DeckOfHolding","construct:ClawGrip","CaptainsWheel"],"acts_visited":["Exordium","TheCity"],"potions_floor_usage":[12,16,16,30],"damage_taken":[{"damage":0,"enemies":"2 Louse","floor":1,"turns":1},{"damage":0,"enemies":"Lagavulin","floor":6,"turns":1},{"damage":0,"enemies":"Small Slimes","floor":7,"turns":3},{"damage":5,"enemies":"Cultist","floor":11,"turns":4},{"damage":23,"enemies":"Gremlin Nob","floor":12,"turns":4},{"damage":19,"enemies":"Gremlin Gang","floor":13,"turns":5},{"damage":18,"enemies":"Large Slime","floor":14,"turns":5},{"damage":23,"enemies":"Slime Boss","floor":16,"turns":10},{"damage":19,"enemies":"Chosen","floor":18,"turns":5},{"damage":9,"enemies":"Shell Parasite","floor":19,"turns":4},{"damage":33,"enemies":"Snake Plant","floor":24,"turns":5},{"damage":46,"enemies":"Gremlin Leader","floor":30,"turns":4}],"seed_played":"-9220071472060125529","potions_obtained":[{"floor":7,"key":"SkillPotion"},{"floor":11,"key":"champ:CounterPotion"},{"floor":13,"key":"BlessingOfTheForge"},{"floor":16,"key":"Strength Potion"},{"floor":18,"key":"hexamod:EctoCoolerPotion"}],"is_trial":false,"path_per_floor":["M","?","$","?","?","E","M","R","T","R","M","E","M","M","R","B",null,"M","M","$","?","?","$","M","R","T","R","?","R","E"],"character_chosen":"NECROMANCER","items_purchased":["Finger_Of_Death","Negative_Energy_Shield","Summon_Lich","Life_Tap","Negative_Energy_Mist","Summon_Lich"],"campfire_rested":2,"item_purchase_floors":[3,3,20,20,20,23],"current_hp_per_floor":[75,68,68,57,57,66,70,70,70,70,67,46,35,21,45,30,82,65,58,58,42,42,42,11,37,37,37,37,37,0,0],"gold":135,"neow_bonus":"THREE_ENEMY_KILL","is_daily":false,"chose_seed":false,"campfire_upgraded":4,"win_rate":0.0,"timestamp":1609390657,"path_taken":["M","?","$","?","?","E","M","R","T","R","M","E","?","M","R","BOSS","M","?","$","?","?","$","?","R","T","R","?","R","E"],"items_purchased_type":["Card","Card","Card","Card","Card","Card"],"build_version":"2020-12-22","purchased_purges":1,"victory":false,"max_hp_per_floor":[75,75,75,75,75,82,82,82,82,82,82,82,82,82,82,82,82,82,82,82,87,87,87,87,87,87,87,87,87,87,87],"relic_stats":{"counters":[12,51],"obtain_stats":[{"construct:ClawGrip":17,"CaptainsWheel":26,"NeowsBlessing":0,"hubris:DuctTape":9,"Strawberry":6,"hubris:DeckOfHolding":12,"Vampire_Amulet":0},{"construct:ClawGrip":8,"CaptainsWheel":11,"NeowsBlessing":0,"hubris:DuctTape":3,"Strawberry":2,"hubris:DeckOfHolding":5,"Vampire_Amulet":0},{"construct:ClawGrip":33,"CaptainsWheel":47,"NeowsBlessing":0,"hubris:DuctTape":5,"Strawberry":2,"hubris:DeckOfHolding":13,"Vampire_Amulet":0}]},"card_choices":[{"not_picked":["Necromantic_Selection","Consume_Illness"],"picked":"Summon_Lich","floor":1},{"not_picked":["Death_Knell","Negative_Energy_Mist"],"picked":"Death_March_Dance","floor":6},{"not_picked":["Violent_Necrosis","Death_March_Dance"],"picked":"Bones_to_Steel","floor":7},{"not_picked":["Negative_Energy_Mist","Blood_Is_Power"],"picked":"Corrupt","floor":11},{"not_picked":["Bone_Spikes","Toxic_Smoke_Screen"],"picked":"Scare","floor":12},{"not_picked":["Death_March_Dance","Bones_to_Steel"],"picked":"Flesh_Made_Foul","floor":13},{"not_picked":["Scare","Blood_for_Blood"],"picked":"Thousand_Bone_Knives","floor":14},{"not_picked":["Blood_Magic","Reap_The_Weak"],"picked":"Blood_Wake","floor":16},{"not_picked":["Death_March_Dance+1","Vampiric_Strike"],"picked":"Exploit+1","floor":18},{"not_picked":["Shackles_Of_Pain+1","Blood_Curse+1"],"picked":"Deaths_Shadow","floor":19},{"not_picked":["Bone_Bullets","Shackles_Of_Pain"],"picked":"Blood_Is_Power+1","floor":24}],"player_experience":0,"relics_obtained":[{"floor":6,"key":"Strawberry"},{"floor":9,"key":"hubris:DuctTape"},{"floor":12,"key":"hubris:DeckOfHolding"},{"floor":26,"key":"CaptainsWheel"}],"event_choices":[{"cards_removed":["Defend_W"],"damage_healed":0,"gold_gain":0,"player_choice":"Card Removal","damage_taken":7,"max_hp_gain":0,"max_hp_loss":0,"event_name":"Golden Wing","floor":2,"gold_loss":0},{"damage_healed":0,"gold_gain":75,"player_choice":"Gather Gold","damage_taken":11,"max_hp_gain":0,"max_hp_loss":0,"event_name":"World of Goop","floor":4,"gold_loss":0},{"damage_healed":0,"gold_gain":0,"cards_transformed":["Strike_W"],"player_choice":"Transformed","damage_taken":0,"max_hp_gain":0,"max_hp_loss":0,"event_name":"Transmorgrifier","floor":5,"gold_loss":0,"cards_obtained":["Plague_Bolt"]},{"damage_healed":0,"gold_gain":0,"player_choice":"Shed Blood","damage_taken":21,"max_hp_gain":5,"max_hp_loss":0,"event_name":"Forgotten Altar","floor":21,"gold_loss":0},{"damage_healed":0,"gold_gain":0,"player_choice":"Cursed","damage_taken":0,"max_hp_gain":0,"max_hp_loss":0,"event_name":"Wheel of Change","floor":22,"gold_loss":0,"cards_obtained":["Decay"]},{"damage_healed":0,"gold_gain":100,"player_choice":"Pray","damage_taken":0,"max_hp_gain":0,"max_hp_loss":0,"event_name":"Golden Shrine","floor":28,"gold_loss":0}],"is_beta":false,"boss_relics":[{"not_picked":["Empty Cage","Sozu"],"picked":"construct:ClawGrip"}],"items_purged_floors":[20],"is_endless":false,"potions_floor_spawned":[7,11,13,16,18],"killed_by":"Gremlin Leader","ascension_level":0}}