{"host":"56ghxnzsglgdq727","time":1609391289,"event":{"mods":["AchievementEnabler","BaseMod","Minty Spire (QoL Compilation)"],"gold_per_floor":[117,117,129,204,204,232,251,171,222,222,222,233,258,103,103,204,204,217,132,132,148,174,174,278,33,33,50,50,81,101,51,51,173,173,192,242,242,284,309,309],"floor_reached":39,"playtime":1374,"items_purged":["Strike_P","Strike_P"],"score":499,"play_id":"c43bc822-48b7-4184-8d1f-64717cb473f2","local_time":"20201231000809","is_ascension_mode":true,"campfire_choices":[{"data":"ForeignInfluence","floor":11,"key":"SMITH"},{"floor":15,"key":"REST"},{"data":"ForeignInfluence","floor":23,"key":"SMITH"},{"data":"LikeWater","floor":32,"key":"SMITH"}],"circlet_count":0,"master_deck":["Strike_P","Strike_P","Defend_P","Defend_P","Defend_P","Defend_P","Vigilance","LikeWater+1","ForeignInfluence+1","ForeignInfluence+1","MasterReality","LikeWater","BattleHymn+1","DevaForm","WaveOfTheHand","PathToVictory","Wish"],"relics":["PureWater","NeowsBlessing","Toy Ornithopter","Tiny Chest","Oddly Smooth Stone","Damaru","Busted Crown","HornCleat","Centennial Puzzle","CaptainsWheel","PreservedInsect","Happy Flower","Juzu Bracelet","Sozu","Potion Belt"],"acts_visited":["Exordium","TheCity","TheBeyond"],"potions_floor_usage":[12,13,18,21,21,24,24,24,30,33],"damage_taken":[{"damage":0,"enemies":"Jaw Worm","floor":1,"turns":1},{"damage":0,"enemies":"2 Louse","floor":3,"turns":1},{"damage":0,"enemies":"Gremlin Nob","floor":6,"turns":1},{"damage":0,"enemies":"Small Slimes","floor":7,"turns":5},{"damage":8,"enemies":"Looter","floor":12,"turns":2},{"damage":29,"enemies":"Lagavulin","floor":13,"turns":9},{"damage":27,"enemies":"Slime Boss","floor":16,"turns":10},{"damage":0,"enemies":"Spheric Guardian","floor":18,"turns":4},{"damage":0,"enemies":"Shell Parasite","floor":21,"turns":5},{"damage":0,"enemies":"Slavers","floor":24,"turns":7},{"damage":0,"enemies":"Shelled Parasite and Fungi","floor":27,"turns":5},{"damage":2,"enemies":"Book of Stabbing","floor":29,"turns":5},{"damage":0,"enemies":"Cultist and Chosen","floor":30,"turns":4},{"damage":5,"enemies":"Automaton","floor":33,"turns":9},{"damage":31,"enemies":"3 Darklings","floor":35,"turns":6},{"damage":14,"enemies":"3 Shapes","floor":38,"turns":7},{"damage":27,"enemies":"Writhing Mass","floor":39,"turns":4}],"seed_played":"3666886849235167348","potions_obtained":[{"floor":6,"key":"SpeedPotion"},{"floor":7,"key":"PowerPotion"},{"floor":13,"key":"Weak Potion"},{"floor":16,"key":"Swift Potion"},{"floor":18,"key":"EntropicBrew"},{"floor":29,"key":"DistilledChaos"},{"floor":30,"key":"PowerPotion"},{"floor":33,"key":"Weak Potion"}],"is_trial":false,"path_per_floor":["M","?","M","?","?","E","M","$","T","?","R","M","E","$","R","B",null,"M","?","?","M","T","R","E","$","T","M","?","E","M","?","R","B",null,"M","T","?","M","M"],"character_chosen":"WATCHER","items_purchased":["ForeignInfluence","BattleHymn","PreservedInsect"],"campfire_rested":1,"item_purchase_floors":[8,14,25],"current_hp_per_floor":[72,72,72,61,54,54,54,54,54,51,51,48,24,24,45,18,72,72,72,72,72,72,72,72,72,72,72,72,70,72,72,72,67,72,41,41,41,27,0,0],"gold":309,"neow_bonus":"THREE_ENEMY_KILL","is_daily":false,"chose_seed":false,"campfire_upgraded":3,"win_rate":0.0,"timestamp":1609391289,"path_taken":["M","?","M","?","?","E","M","$","T","?","R","M","E","$","R","BOSS","M","?","?","M","?","R","E","$","T","?","?","E","M","?","R","BOSS","M","?","?","M","M"],"items_purchased_type":["Card","Card","Relic"],"build_version":"2020-12-22","purchased_purges":2,"victory":false,"max_hp_per_floor":[72,72,72,72,72,72,72,72,72,72,72,72,72,72,72,72,72,72,72,72,72,72,72,72,72,72,72,72,72,72,72,72,72,72,72,72,68,68,68,68],"card_choices":[{"not_picked":["FollowUp","CutThroughFate","ThirdEye"],"picked":"SKIP","floor":1},{"not_picked":["CutThroughFate","ClearTheMind"],"picked":"LikeWater","floor":3},{"not_picked":["Consecrate","FollowUp","Protect"],"picked":"SKIP","floor":6},{"not_picked":["ClearTheMind","EmptyFist"],"picked":"ForeignInfluence","floor":7},{"not_picked":["Adaptation","Evaluate"],"picked":"MasterReality","floor":12},{"not_picked":["DeceiveReality","PathToVictory"],"picked":"LikeWater","floor":13},{"not_picked":["Scrawl","Judgement"],"picked":"DevaForm","floor":16},{"not_picked":[],"picked":"WaveOfTheHand","floor":18},{"not_picked":["Weave+1"],"picked":"SKIP","floor":21},{"not_picked":[],"picked":"PathToVictory","floor":24},{"not_picked":["WaveOfTheHand"],"picked":"SKIP","floor":27},{"not_picked":["MentalFortress+1"],"picked":"SKIP","floor":29},{"not_picked":["EmptyBody"],"picked":"SKIP","floor":30},{"not_picked":[],"picked":"Wish","floor":33},{"not_picked":["Adaptation"],"picked":"SKIP","floor":35},{"not_picked":["WaveOfTheHand"],"picked":"SKIP","floor":38}],"player_experience":67212,"relics_obtained":[{"floor":6,"key":"Toy Ornithopter"},{"floor":9,"key":"Tiny Chest"},{"floor":13,"key":"Damaru"},{"floor":22,"key":"Centennial Puzzle"},{"floor":24,"key":"CaptainsWheel"},{"floor":26,"key":"Happy Flower"},{"floor":29,"key":"Juzu Bracelet"},{"floor":36,"key":"Potion Belt"}],"event_choices":[{"damage_healed":0,"gold_gain":0,"player_choice":"Ignored","damage_taken":0,"max_hp_gain":0,"max_hp_loss":0,"event_name":"Shining Light","floor":2,"gold_loss":0},{"damage_healed":0,"gold_gain":75,"player_choice":"Gather Gold","damage_taken":11,"max_hp_gain":0,"max_hp_loss":0,"event_name":"World of Goop","floor":4,"gold_loss":0},{"cards_removed":["Eruption"],"damage_healed":0,"gold_gain":0,"player_choice":"Card Removal","damage_taken":7,"max_hp_gain":0,"max_hp_loss":0,"event_name":"Golden Wing","floor":5,"gold_loss":0},{"damage_healed":0,"gold_gain":0,"player_choice":"Success","damage_taken":3,"relics_obtained":["Oddly Smooth Stone"],"max_hp_gain":0,"max_hp_loss":0,"event_name":"Scrap Ooze","floor":10,"gold_loss":0},{"damage_healed":0,"gold_gain":0,"player_choice":"Obtained Relic","damage_taken":0,"relics_obtained":["HornCleat"],"max_hp_gain":0,"max_hp_loss":0,"event_name":"Addict","floor":19,"gold_loss":85},{"damage_healed":0,"gold_gain":0,"player_choice":"Ignored","damage_taken":0,"max_hp_gain":0,"max_hp_loss":0,"event_name":"Beggar","floor":20,"gold_loss":0},{"damage_healed":0,"gold_gain":0,"player_choice":"Upgraded","damage_taken":0,"max_hp_gain":0,"max_hp_loss":0,"event_name":"Upgrade Shrine","floor":28,"gold_loss":0,"cards_upgraded":["BattleHymn"]},{"damage_healed":0,"gold_gain":0,"player_choice":"Bet on Murderer","damage_taken":0,"max_hp_gain":0,"max_hp_loss":0,"event_name":"The Joust","floor":31,"gold_loss":50},{"damage_healed":0,"gold_gain":0,"player_choice":"Max HP","damage_taken":0,"max_hp_gain":0,"max_hp_loss":4,"event_name":"Winding Halls","floor":37,"gold_loss":0}],"is_beta":false,"boss_relics":[{"not_picked":["Cursed Key","Fusion Hammer"],"picked":"Busted Crown"},{"not_picked":["Calling Bell","Coffee Dripper"],"picked":"Sozu"}],"items_purged_floors":[14,25],"is_endless":false,"potions_floor_spawned":[6,7,13,16,18,29,30,33],"killed_by":"Writhing Mass","ascension_level":1}}