{"host":"0nndazl0keusavit","time":1609426947,"event":{"mods":["AchievementEnabler","BaseMod","Colored Map","Curses Come First","Highlight Path","Minty Spire (QoL Compilation)","Relic Stats","StSLib"],"gold_per_floor":[112,37,51,71,85,85,102,129,156,156,156,106,6,6,6,6,6],"floor_reached":16,"playtime":456,"items_purged":["Strike_R","Defend_R"],"score":100,"play_id":"e3c1a179-9547-44dc-beb6-31cbac16d287","local_time":"20201231110227","is_ascension_mode":false,"campfire_choices":[{"data":"Bash","floor":6,"key":"SMITH"},{"data":"Dual Wield","floor":15,"key":"SMITH"}],"circlet_count":0,"master_deck":["Strike_R","Strike_R","Strike_R","Defend_R+1","Defend_R+1","Bash+1","Dual Wield+1"],"relics":["Burning Blood","Toxic Egg 2","Potion Belt","Sundial","HornCleat"],"acts_visited":["Exordium"],"potions_floor_usage":[8,8],"damage_taken":[{"damage":5,"enemies":"Small Slimes","floor":1,"turns":4},{"damage":11,"enemies":"Jaw Worm","floor":3,"turns":3},{"damage":6,"enemies":"Cultist","floor":4,"turns":3},{"damage":6,"enemies":"2 Fungi Beasts","floor":5,"turns":4},{"damage":13,"enemies":"3 Louse","floor":7,"turns":4},{"damage":11,"enemies":"Lagavulin","floor":8,"turns":6},{"damage":48,"enemies":"Hexaghost","floor":16,"turns":10}],"seed_played":"3035164059946428381","potions_obtained":[{"floor":1,"key":"Weak Potion"},{"floor":5,"key":"PowerPotion"},{"floor":8,"key":"FearPotion"}],"is_trial":false,"path_per_floor":["M","$","M","M","M","R","M","E","T","?","T","?","$","T","R","B"],"character_chosen":"IRONCLAD","items_purchased":[],"campfire_rested":0,"item_purchase_floors":[],"current_hp_per_floor":[80,80,75,75,75,75,68,63,63,47,47,47,47,47,47,0,0],"gold":6,"neow_bonus":"REMOVE_CARD","is_daily":false,"chose_seed":false,"campfire_upgraded":2,"win_rate":0.0,"timestamp":1609426947,"path_taken":["M","$","M","M","M","R","M","E","T","?","?","?","$","?","R","BOSS"],"items_purchased_type":[],"build_version":"2020-12-22","purchased_purges":2,"victory":false,"max_hp_per_floor":[80,80,80,80,80,80,80,80,80,80,80,80,80,80,80,80,80],"relic_stats":{"counters":[7,34],"Sundial":[4],"obtain_stats":[{"Potion Belt":9,"HornCleat":14,"Sundial":11,"Toxic Egg 2":8,"Burning Blood":0},{"Potion Belt":6,"HornCleat":6,"Sundial":6,"Toxic Egg 2":6,"Burning Blood":0},{"Potion Belt":24,"HornCleat":24,"Sundial":24,"Toxic Egg 2":24,"Burning Blood":0}],"Burning Blood":35},"card_choices":[{"not_picked":["Thunderclap","Evolve","Headbutt"],"picked":"SKIP","floor":1},{"not_picked":["Burning Pact","Headbutt","Body Slam"],"picked":"SKIP","floor":3},{"not_picked":["Pommel Strike","Havoc","Iron Wave"],"picked":"SKIP","floor":4},{"not_picked":["Body Slam","Heavy Blade","Intimidate"],"picked":"SKIP","floor":5},{"not_picked":["Armaments","Ghostly Armor"],"picked":"Dual Wield","floor":7},{"not_picked":["Impervious+1","Headbutt","Second Wind+1"],"picked":"SKIP","floor":8}],"player_experience":863783,"relics_obtained":[{"floor":8,"key":"Toxic Egg 2"},{"floor":9,"key":"Potion Belt"},{"floor":11,"key":"Sundial"},{"floor":14,"key":"HornCleat"}],"event_choices":[{"damage_healed":0,"gold_gain":0,"player_choice":"Entered Light","damage_taken":16,"max_hp_gain":0,"max_hp_loss":0,"event_name":"Shining Light","floor":10,"gold_loss":0,"cards_upgraded":["Defend_R","Defend_R"]},{"cards_removed":["Strike_R"],"damage_healed":0,"gold_gain":0,"player_choice":"Card Removal","damage_taken":0,"max_hp_gain":0,"max_hp_loss":0,"event_name":"The Cleric","floor":12,"gold_loss":50}],"is_beta":false,"boss_relics":[],"items_purged_floors":[2,13],"is_endless":false,"potions_floor_spawned":[1,5,8],"killed_by":"Hexaghost","ascension_level":0}}