{"host":"9inlmzyzdhcrisrs","time":1609414182,"event":{"mods":["AchievementEnabler","BaseMod","BetterRewards","Colored Map","Colored Powertips","Conspire","Dota2Spire","Downfall","GungeonMod","Highlight Path","Infinite Spire","Luminous","Marisa£®ÏF”Í°°ƒß¿Ì…≥£©","Mimic Mod","Minty Spire (QoL Compilation)","MostiFishMod","Permanent Neow","Quick Restart","Rare Cards Sparkle","Remove Card Discount Mod","Replay The Spire","Shop Mod","Spicy Shops","StSLib","SuperFastMode","The Cursed","The Dragon Tamer","The Jungle","The Servant 0.9.4","Transform Curses","Unceasing Turn Reminder"],"gold_per_floor":[18,35,46,62,72,100,119,119,119,119,130,175,175,194,194,305,305,331,366,394,394,407,448,460,503,515,627,639,665,283,293,293,413,413,431,442,474,474,489,535,535,548,548,565,582,624,639,639,639,639],"floor_reached":51,"playtime":5322,"items_purged":[],"score":844,"play_id":"a3318a6a-0795-4685-85e2-0d1352eef118","local_time":"20201231192942","is_ascension_mode":false,"campfire_choices":[{"floor":8.0,"key":"REST"},{"floor":10.0,"key":"REST"},{"floor":15.0,"key":"REST"},{"floor":24.0,"key":"REST"},{"floor":28.0,"key":"REST"},{"floor":32.0,"key":"DIG"},{"floor":41,"key":"REST"},{"floor":49,"key":"DIG"}],"circlet_count":0,"master_deck":["Strike_MRS","Strike_MRS","Strike_MRS","Strike_MRS","Defend_MRS","Defend_MRS","Defend_MRS","Defend_MRS","MasterSpark","UpSweep","NonDirectionalLaser","StarlightTyphoon","SuperNova","GravityBeat","PropBag","LuminesStrike","ShootingEcho","WitchOfGreed","AlicesGift","infinitespire:DeathsTouch","BinaryStars","UltimateShortwave","DC+1","EarthLightRay+1","DeepEcoloBomb","PropBag+1","infinitespire:Oblivion","6A+1","GrandCross+1","DarkSpark","Hallucinations","Parasite","Parasite","OortCloud+1","EscapeVelocity","PropBag+1","FinalSpark","WitchLeyline","PropBag+1","PowerUp+1","NonDirectionalLaser+1","DarkMatter","IllusionStar+1","ChargingUp","Parasite","ShootTheMoon+1"],"relics":["MiniHakkero","DaveBox","CaptainsWheel","SynthV:TestCard","Replay:Towering Pillar of Hats","Dota2Spire:MonkeyKingBar","Shuriken","Fusion Hammer","MawBank","infinitespire:Eraser","OriginationStaff","Dota2Spire:MaskOfMadness","HornCleat","ReplayTheSpireMod:CursedCoin","ShroomBag","Regal Pillow","conspire:SlowCooker","ChiXiaoBlade","Dota2Spire:CrimsonGuard","Replay:Accelerometer","Strawberry","MealTicket","FossilizedHelix"],"acts_visited":["Exordium","Exordium","TheBeyond"],"potions_floor_usage":[46,47,50],"damage_taken":[{"damage":1.0,"enemies":"2 Louse","floor":1.0,"turns":2.0},{"damage":1.0,"enemies":"Cultist","floor":2.0,"turns":3.0},{"damage":3.0,"enemies":"Jaw Worm","floor":3.0,"turns":3.0},{"damage":20.0,"enemies":"Large Slime","floor":4.0,"turns":5.0},{"damage":13.0,"enemies":"Exordium Wildlife","floor":5.0,"turns":5.0},{"damage":24.0,"enemies":"Replay:BlueRogue","floor":6.0,"turns":5.0},{"damage":5.0,"enemies":"Exordium Thugs","floor":7.0,"turns":3.0},{"damage":7.0,"enemies":"Lots of Slimes","floor":11.0,"turns":3.0},{"damage":17.0,"enemies":"Gremlin Nob","floor":12.0,"turns":4.0},{"damage":4.0,"enemies":"Blue Slaver","floor":14.0,"turns":2.0},{"damage":26.0,"enemies":"The Guardian","floor":16.0,"turns":7.0},{"damage":11.0,"enemies":"theJungle:GiantWrat","floor":18.0,"turns":3.0},{"damage":17.0,"enemies":"theJungle:5_Spyders","floor":19.0,"turns":5.0},{"damage":29.0,"enemies":"theJungle:2_Snecko_Cultists","floor":20.0,"turns":4.0},{"damage":7.0,"enemies":"theJungle:Lyon","floor":22.0,"turns":3.0},{"damage":19.0,"enemies":"Nightmare","floor":23.0,"turns":6.0},{"damage":2.0,"enemies":"theJungle:2_Phrogs","floor":25.0,"turns":5.0},{"damage":15.0,"enemies":"theJungle:JungleHuntersEncounter","floor":29.0,"turns":4.0},{"damage":21.0,"enemies":"theJungle:2_Flameangoes","floor":31.0,"turns":3.0},{"damage":58.0,"enemies":"theJungle:TotemBoss","floor":33.0,"turns":7.0},{"damage":16.0,"enemies":"3 Darklings","floor":35.0,"turns":3.0},{"damage":9.0,"enemies":"Orb Walker","floor":36.0,"turns":3.0},{"damage":7.0,"enemies":"4 Shapes","floor":37.0,"turns":3.0},{"damage":10.0,"enemies":"Spire Growth","floor":39.0,"turns":3.0},{"damage":1.0,"enemies":"R_Hoarder","floor":40.0,"turns":5.0},{"damage":18,"enemies":"Sphere and 2 Shapes","floor":42,"turns":3},{"damage":2,"enemies":"4 Shapes","floor":44,"turns":3},{"damage":1,"enemies":"Spire Growth","floor":45,"turns":4},{"damage":41,"enemies":"Nemesis","floor":46,"turns":6},{"damage":12,"enemies":"Writhing Mass","floor":47,"turns":2},{"damage":5,"enemies":"Awakened One","floor":50,"turns":6}],"seed_played":"6299243771381030098","potions_obtained":[{"floor":2.0,"key":"AttackPotion"},{"floor":4.0,"key":"Weak Potion"},{"floor":6.0,"key":"Languid Potion"},{"floor":12.0,"key":"Explosive Potion"},{"floor":14.0,"key":"DemoMod:LeadSkinPotion"},{"floor":16.0,"key":"Fire Potion"},{"floor":16.0,"key":"FairyPotion"},{"floor":29.0,"key":"Strength Potion"},{"floor":36.0,"key":"Death Potion"},{"floor":37.0,"key":"Energy Potion"},{"floor":46,"key":"Strength Potion"}],"is_trial":false,"path_per_floor":["M","M","M","M","M","E","M","R","T","R","M","E","?","M","R","B",null,"M","M","M","AVR","M","NM","R","E","T","?","R","M","$","M","R_BF","B",null,"M","M","M","T","M","E","R","M","T","M","M","E","M","?","R_BF","B",null],"character_chosen":"MARISA","items_purchased":["Dota2Spire:MaskOfMadness","HornCleat","ReplayTheSpireMod:CursedCoin","ShroomBag"],"campfire_rested":6,"item_purchase_floors":[30,30,30,30],"current_hp_per_floor":[74,73,70,50,37,13,8,30,30,52,45,28,9,5,27,1,75,64,47,24,24,29,28,50,54,54,54,75,60,60,41,41,31,75,59,50,43,43,45,52,75,59,66,64,67,34,22,22,22,51],"gold":639,"neow_bonus":"ONE_RARE_RELIC","is_daily":false,"chose_seed":false,"campfire_upgraded":0,"win_rate":0.0,"timestamp":1609414182,"path_taken":["M","M","M","M","M","E","M","R","T","R","M","E","?","M","R","BOSS","M","M","M","AVR","M","NM","R","E","T","?","R","M","$","M","R_BF","BOSS","M","M","M","?","M","E","R","M","T","M","M","E","M","?","R_BF","BOSS"],"items_purchased_type":["Relic","Relic","Relic","Relic"],"build_version":"2020-12-22","purchased_purges":0,"victory":true,"max_hp_per_floor":[75,75,75,75,75,75,75,75,75,75,75,75,75,75,75,75,75,75,75,75,75,75,75,75,75,75,75,75,75,75,75,75,75,75,75,75,75,75,75,75,75,75,82,82,82,82,82,82,82,82],"card_choices":[{"not_picked":["BlazeAway","PowerUp"],"picked":"NonDirectionalLaser","floor":1.0},{"not_picked":["NonDirectionalLaser","DC","MysteriousBeam","MilkyWay"],"picked":"StarlightTyphoon","floor":2.0},{"not_picked":["EnergyRecoil","Acceleration","StarlightTyphoon","SporeBomb"],"picked":"SuperNova","floor":3.0},{"not_picked":["DoubleSpark","IllusionStar","SporeBomb","UnstableBomb"],"picked":"GravityBeat","floor":4.0},{"not_picked":["Occultation","MeteoricShower","AsteroidBelt","MachineGunSpark"],"picked":"PropBag","floor":5.0},{"not_picked":["CollectingQuirk","EventHorizon","OortCloud","BlazeAway"],"picked":"LuminesStrike","floor":6.0},{"not_picked":["6A","UnstableBomb","Robbery","GravityBeat"],"picked":"ShootingEcho","floor":7.0},{"not_picked":["ChargeUpSpray","LuminesStrike","DeepEcoloBomb","RefractionSpark"],"picked":"WitchOfGreed","floor":11.0},{"not_picked":["GravityBeat","AsteroidBelt","LuminesStrike","MagicAbsorber"],"picked":"AlicesGift","floor":12.0},{"not_picked":["Replay:Fractal Strike","infinitespire:Punishment"],"picked":"infinitespire:DeathsTouch","floor":13.0},{"not_picked":["IllusionStar","Acceleration","StarBarrage","MilkyWay"],"picked":"BinaryStars","floor":14.0},{"not_picked":["ManaRampage","SatelliteIllusion","BinaryStars","BlazingStar"],"picked":"UltimateShortwave","floor":16.0},{"not_picked":["OrrerysSun","StarBarrage","PowerUp+1","DragonMeteor"],"picked":"DC+1","floor":18.0},{"not_picked":["WitchOfGreed","DeepEcoloBomb","Occultation+1","GrandCross"],"picked":"EarthLightRay+1","floor":19.0},{"not_picked":["Acceleration+1","DoubleSpark","MysteriousBeam+1","AsteroidBelt"],"picked":"DeepEcoloBomb","floor":20.0},{"not_picked":["DoubleSpark+1","RefractionSpark","FinalSpark","SuperPerseids"],"picked":"PropBag+1","floor":22.0},{"not_picked":["Replay:Fractal Strike","infinitespire:UltimateForm"],"picked":"infinitespire:Oblivion","floor":23.0},{"not_picked":["CasketOfStar","GravityBeat","NonDirectionalLaser","AsteroidBelt+1"],"picked":"6A+1","floor":23.0},{"not_picked":["FairyDestructionRay","MaximisePower","Robbery","StarlightTyphoon"],"picked":"GrandCross+1","floor":25.0},{"not_picked":["MysteriousBeam","Robbery+1","EnergyRecoil","6A"],"picked":"DarkSpark","floor":29.0},{"not_picked":["PulseMagic","MilkyWay","GravityBeat+1","DC"],"picked":"OortCloud+1","floor":31.0},{"not_picked":["SuperNova","TreasureHunter","ManaRampage","MillisecondPulsars"],"picked":"EscapeVelocity","floor":33.0},{"not_picked":["DC","GrandCross+1","DoubleSpark","MilkyWay+1"],"picked":"PropBag+1","floor":35.0},{"not_picked":["PropBag","OneTimeOff+1","UnstableBomb","AsteroidBelt"],"picked":"FinalSpark","floor":36.0},{"not_picked":["IllusionStar+1","BlazeAway+1","SporeBomb+1","GalacticHalo+1"],"picked":"WitchLeyline","floor":37.0},{"not_picked":["WitchOfGreed+1","AsteroidBelt+1","LuminesStrike+1","MaximisePower"],"picked":"PropBag+1","floor":39.0},{"not_picked":["MeteoricShower+1","AsteroidBelt+1","Acceleration","6A"],"picked":"PowerUp+1","floor":40.0},{"not_picked":["DoubleSpark","GravityBeat+1","DC+1","GalacticHalo"],"picked":"NonDirectionalLaser+1","floor":42},{"not_picked":["LuminesStrike","DoubleSpark+1","GrandCross","CasketOfStar"],"picked":"DarkMatter","floor":44},{"not_picked":["DoubleSpark","PulseMagic+1","WitchOfGreed","GasGiant"],"picked":"IllusionStar+1","floor":45},{"not_picked":["UnstableBomb","Acceleration","RefractionSpark","GravityBeat+1"],"picked":"ChargingUp","floor":46},{"not_picked":["JA","GrandCross+1","GalacticHalo","DeepEcoloBomb+1"],"picked":"ShootTheMoon+1","floor":47}],"player_experience":9477,"relics_obtained":[{"floor":1.0,"key":"SynthV:TestCard"},{"floor":6.0,"key":"Replay:Towering Pillar of Hats"},{"floor":9.0,"key":"Dota2Spire:MonkeyKingBar"},{"floor":12.0,"key":"Shuriken"},{"floor":23.0,"key":"MawBank"},{"floor":25.0,"key":"infinitespire:Eraser"},{"floor":26.0,"key":"OriginationStaff"},{"floor":32.0,"key":"Regal Pillow"},{"floor":38.0,"key":"Dota2Spire:CrimsonGuard"},{"floor":40.0,"key":"Replay:Accelerometer"},{"floor":43,"key":"Strawberry"},{"floor":46,"key":"MealTicket"},{"floor":49,"key":"FossilizedHelix"}],"event_choices":[{"damage_healed":0.0,"max_hp_gain":0.0,"max_hp_loss":0.0,"gold_gain":100.0,"event_name":"Golden Shrine","player_choice":"Pray","floor":27.0,"gold_loss":0.0,"damage_taken":0.0},{"damage_healed":0,"gold_gain":0,"player_choice":"0 cards matched","damage_taken":0,"max_hp_gain":0,"max_hp_loss":0,"event_name":"Match and Keep!","floor":48,"gold_loss":0,"cards_obtained":[]}],"is_beta":false,"boss_relics":[{"not_picked":["Cursed Key","Dota2Spire:Bloodstone"],"picked":"Fusion Hammer"},{"not_picked":["Replay:Grab Bag","Replay:Ancient Bell"],"picked":"conspire:SlowCooker"}],"items_purged_floors":[],"is_endless":false,"potions_floor_spawned":[2,4,6,14,16,19,25,29,31,33,36,37,40,42],"ascension_level":0}}