{"host":"e2ju6k0wppswbhbd","time":1609436530,"event":{"mods":["BaseMod","Minty Spire (QoL Compilation)","Rare Cards Sparkle","StSLib"],"gold_per_floor":[113,127,145,155,155,171,171,201,224,224,235,253,284,300,300,399,399,410,325,37,55,90,120,135,135,135,154,154,186,204,221,221,319,319,332,332,350,366,366,366,366],"floor_reached":40,"playtime":5443,"items_purged":[],"score":434,"play_id":"39c1e200-ae43-406e-9d53-7ac21885f0a5","local_time":"20201231184210","is_ascension_mode":false,"campfire_choices":[{"floor":7,"key":"RECALL"},{"floor":10,"key":"REST"},{"floor":15,"key":"REST"},{"floor":25,"key":"REST"},{"floor":32,"key":"REST"}],"circlet_count":0,"master_deck":["Strike_B+1","Strike_B","Strike_B","Defend_B","Defend_B","Defend_B","Defend_B","Zap","Dualcast","Cold Snap+1","Defragment","Steam","Aggregate","Redo","Chaos","Compile Driver","White Noise","Electrodynamics","Coolheaded","Reinforced Body","Reinforced Body+1","Fusion","Skim+1","Lockon","Go for the Eyes+1","Cold Snap+1","Undo+1","BootSequence+1","Conserve Battery","Fission","Enlightenment","Barrage"],"relics":["Cracked Core","Odd Mushroom","Whetstone","Bag of Preparation","Inserter","Blood Vial","Symbiotic Virus","Red Mask","Ancient Tea Set","Regal Pillow","Bottled Lightning","SlaversCollar"],"acts_visited":["Exordium","TheCity","TheBeyond"],"potions_floor_usage":[4,6,12,13,16,21,22,23,31,33,38],"damage_taken":[{"damage":0,"enemies":"2 Louse","floor":1,"turns":2},{"damage":3,"enemies":"Small Slimes","floor":2,"turns":3},{"damage":0,"enemies":"Cultist","floor":3,"turns":3},{"damage":9,"enemies":"Exordium Thugs","floor":4,"turns":5},{"damage":1,"enemies":"Gremlin Gang","floor":6,"turns":3},{"damage":24,"enemies":"The Mushroom Lair","floor":8,"turns":5},{"damage":0,"enemies":"Looter","floor":11,"turns":2},{"damage":2,"enemies":"Blue Slaver","floor":12,"turns":3},{"damage":33,"enemies":"Gremlin Nob","floor":13,"turns":5},{"damage":0,"enemies":"Large Slime","floor":14,"turns":6},{"damage":10,"enemies":"The Guardian","floor":16,"turns":10},{"damage":15,"enemies":"Shell Parasite","floor":18,"turns":6},{"damage":16,"enemies":"2 Thieves","floor":21,"turns":4},{"damage":14,"enemies":"Masked Bandits","floor":22,"turns":3},{"damage":33,"enemies":"Gremlin Leader","floor":23,"turns":8},{"damage":0,"enemies":"Centurion and Healer","floor":24,"turns":6},{"damage":0,"enemies":"Snake Plant","floor":27,"turns":3},{"damage":32,"enemies":"Slavers","floor":29,"turns":4},{"damage":0,"enemies":"Chosen and Byrds","floor":30,"turns":8},{"damage":3,"enemies":"Cultist and Chosen","floor":31,"turns":7},{"damage":27,"enemies":"Collector","floor":33,"turns":11},{"damage":1,"enemies":"Orb Walker","floor":35,"turns":5},{"damage":0,"enemies":"3 Shapes","floor":37,"turns":7},{"damage":0,"enemies":"3 Darklings","floor":38,"turns":7},{"damage":94,"enemies":"Giant Head","floor":40,"turns":12}],"seed_played":"-7626297410447806790","potions_obtained":[{"floor":3,"key":"EssenceOfSteel"},{"floor":4,"key":"Explosive Potion"},{"floor":8,"key":"SteroidPotion"},{"floor":11,"key":"EssenceOfSteel"},{"floor":14,"key":"CultistPotion"},{"floor":18,"key":"ColorlessPotion"},{"floor":21,"key":"Fire Potion"},{"floor":22,"key":"EssenceOfSteel"},{"floor":29,"key":"BlessingOfTheForge"},{"floor":31,"key":"Regen Potion"},{"floor":33,"key":"Weak Potion"},{"floor":37,"key":"LiquidBronze"}],"is_trial":false,"path_per_floor":["M","M","M","M","?","M","R","?","T","R","M","M","E","M","R","B",null,"M","?","$","M","?","E","M","R","T","M","?","E","M","M","R","B",null,"M","?","M","M","?","E"],"character_chosen":"DEFECT","items_purchased":["Reinforced Body","Symbiotic Virus"],"campfire_rested":4,"item_purchase_floors":[20,20],"current_hp_per_floor":[82,79,79,70,63,62,62,38,38,62,62,60,27,27,51,41,82,67,67,67,53,41,10,12,36,36,38,38,8,10,9,48,38,82,81,81,82,82,82,0,0],"gold":366,"neow_bonus":"TEN_PERCENT_HP_BONUS","is_daily":false,"chose_seed":false,"campfire_upgraded":0,"win_rate":0.0,"timestamp":1609436530,"path_taken":["M","M","M","M","?","M","R","?","T","R","M","M","E","M","R","BOSS","M","?","$","M","?","E","M","R","T","M","?","E","M","?","R","BOSS","M","?","?","M","?","E"],"items_purchased_type":["Card","Relic"],"build_version":"2020-12-22","purchased_purges":0,"victory":false,"max_hp_per_floor":[82,82,82,82,82,82,82,82,82,82,82,82,82,82,82,82,82,82,82,82,82,82,82,82,82,82,82,82,82,82,82,82,82,82,82,82,82,82,82,82,82],"card_choices":[{"not_picked":["BootSequence","Leap"],"picked":"Cold Snap","floor":1},{"not_picked":["Conserve Battery","Compile Driver"],"picked":"Defragment","floor":2},{"not_picked":["Recycle","Go for the Eyes"],"picked":"Steam","floor":3},{"not_picked":["Gash","Force Field"],"picked":"Aggregate","floor":4},{"not_picked":["Conserve Battery","Cold Snap"],"picked":"Redo","floor":6},{"not_picked":["Force Field","Fusion"],"picked":"Chaos","floor":11},{"not_picked":["Scrape","Turbo"],"picked":"Compile Driver","floor":12},{"not_picked":["Turbo","Fission"],"picked":"White Noise","floor":13},{"not_picked":["Hello World","Cold Snap"],"picked":"Sweeping Beam","floor":14},{"not_picked":["Machine Learning","Creative AI"],"picked":"Electrodynamics","floor":16},{"not_picked":["Steam+1","Go for the Eyes"],"picked":"Coolheaded","floor":18},{"not_picked":["Gash","Streamline"],"picked":"Reinforced Body+1","floor":21},{"not_picked":["Storm","Aggregate"],"picked":"Fusion","floor":22},{"not_picked":["Redo","Blizzard"],"picked":"Skim+1","floor":23},{"not_picked":["Steam Power+1","Turbo"],"picked":"Lockon","floor":24},{"not_picked":["Compile Driver","Sweeping Beam"],"picked":"Go for the Eyes+1","floor":27},{"not_picked":["Doom and Gloom","Static Discharge+1"],"picked":"Undo+1","floor":29},{"not_picked":["Stack+1","Buffer"],"picked":"BootSequence+1","floor":30},{"not_picked":["Storm","Streamline"],"picked":"Conserve Battery","floor":31},{"not_picked":["All For One","Creative AI"],"picked":"Fission","floor":33},{"not_picked":["Gash+1","Coolheaded","Sweeping Beam"],"picked":"SKIP","floor":35},{"not_picked":["Defragment","Conserve Battery"],"picked":"Barrage","floor":37},{"not_picked":["Heatsinks","Storm","Chaos"],"picked":"SKIP","floor":38}],"player_experience":2607255,"relics_obtained":[{"floor":8,"key":"Odd Mushroom"},{"floor":9,"key":"Whetstone"},{"floor":13,"key":"Bag of Preparation"},{"floor":22,"key":"Red Mask"},{"floor":23,"key":"Ancient Tea Set"},{"floor":26,"key":"Regal Pillow"},{"floor":29,"key":"Bottled Lightning"}],"event_choices":[{"cards_removed":["Strike_B"],"damage_healed":0,"gold_gain":0,"player_choice":"Card Removal","damage_taken":7,"max_hp_gain":0,"max_hp_loss":0,"event_name":"Golden Wing","floor":5,"gold_loss":0},{"damage_healed":0,"gold_gain":0,"player_choice":"Fought Mushrooms","damage_taken":0,"max_hp_gain":0,"max_hp_loss":0,"event_name":"Mushrooms","floor":8,"gold_loss":0},{"damage_healed":0,"gold_gain":0,"player_choice":"Obtained Relic","damage_taken":0,"relics_obtained":["Blood Vial"],"max_hp_gain":0,"max_hp_loss":0,"event_name":"Addict","floor":19,"gold_loss":85},{"damage_healed":0,"gold_gain":0,"player_choice":"Fought Bandits","damage_taken":0,"max_hp_gain":0,"max_hp_loss":0,"event_name":"Masked Bandits","floor":22,"gold_loss":0},{"damage_healed":0,"gold_gain":0,"player_choice":"Copied","damage_taken":0,"max_hp_gain":0,"max_hp_loss":0,"event_name":"Duplicator","floor":28,"gold_loss":0,"cards_obtained":["Cold Snap"]},{"damage_healed":0,"gold_gain":0,"player_choice":"1 cards matched","damage_taken":0,"max_hp_gain":0,"max_hp_loss":0,"event_name":"Match and Keep!","floor":36,"gold_loss":0,"cards_obtained":["Enlightenment"]},{"cards_removed":["Sweeping Beam"],"damage_healed":0,"gold_gain":0,"player_choice":"Removed Attack","damage_taken":0,"max_hp_gain":0,"max_hp_loss":0,"event_name":"Falling","floor":39,"gold_loss":0}],"is_beta":false,"boss_relics":[{"not_picked":["Snecko Eye","Astrolabe"],"picked":"Inserter"},{"not_picked":["Busted Crown","Coffee Dripper"],"picked":"SlaversCollar"}],"items_purged_floors":[],"is_endless":false,"potions_floor_spawned":[3,4,8,11,14,18,21,22,29,31,33,37],"killed_by":"Giant Head","ascension_level":0}}