{"host":"8e68pzgs4bln6t6e","time":1609412607,"event":{"mods":["AchievementEnabler","Act Like it!","BaseMod","Better Note","BetterRewards","Colored Powertips","Googly Eyes","Hallownest","Hubris","Jorbs\u0027s Wanderer Trilogy","Marisa????????","Minty Spire (QoL Compilation)","Quick Restart","Rare Cards Sparkle","Replay The Spire","Shop Mod","StSLib","The Animator","The Bug Knight","The Cursed","The Disciple","The Hierophant","The Servant 0.9.4"],"gold_per_floor":[114,114,114,114,133,174,187,187,187,222,238,278,278,294,294,294,294],"floor_reached":16,"playtime":1051,"items_purged":[],"score":167,"play_id":"bf2b2901-5205-4499-a093-c9e489785d47","local_time":"20201231120327","is_ascension_mode":true,"campfire_choices":[{"floor":13,"key":"REST"},{"data":"TheCursedMod:SoulReap","floor":15,"key":"SMITH"}],"circlet_count":0,"master_deck":["TheCursedMod:Strike_TheCursed","TheCursedMod:Strike_TheCursed","TheCursedMod:Strike_TheCursed","TheCursedMod:Strike_TheCursed","TheCursedMod:Defend_TheCursed","TheCursedMod:Defend_TheCursed","TheCursedMod:Defend_TheCursed","TheCursedMod:Defend_TheCursed","TheCursedMod:CursedWand","TheCursedMod:CleanUpWorkshop","TheCursedMod:Dregs","TheCursedMod:RavingStaff","Injury","TheCursedMod:CursedAmulet","TheCursedMod:RapidMovement","TheCursedMod:SoulReap+1","TheCursedMod:CircleOfAbyss+1","TheCursedMod:CursedAmulet+1","TheCursedMod:CursedBlade","TheCursedMod:TroublousMinions+1"],"relics":["TheCursedMod:BlackMagic101","NeowsBlessing","hubris:Icosahedron","Golden Idol","hubris:MysteriousPyramids","Omamori","Toxic Egg 2","HollowMod:PaleOreRelic","Bag of Marbles"],"acts_visited":["Exordium"],"potions_floor_usage":[12,16,16],"damage_taken":[{"damage":0,"enemies":"2 Louse","floor":1,"turns":1},{"damage":0,"enemies":"Jaw Worm","floor":5,"turns":1},{"damage":0,"enemies":"3 Sentries","floor":6,"turns":1},{"damage":0,"enemies":"Cultist","floor":7,"turns":3},{"damage":47,"enemies":"Gremlin Nob","floor":10,"turns":6},{"damage":0,"enemies":"3 Louse","floor":11,"turns":3},{"damage":5,"enemies":"3 Sentries","floor":12,"turns":7},{"damage":0,"enemies":"Looter","floor":14,"turns":2},{"damage":70,"enemies":"The Guardian","floor":16,"turns":15}],"seed_played":"5285105699079677590","potions_obtained":[{"floor":6,"key":"Swift Potion"},{"floor":10,"key":"Adrenaline Potion"},{"floor":12,"key":"FearPotion"}],"is_trial":false,"path_per_floor":["M","?","?","?","M","E","M","?","T","E","M","E","R","M","R","B"],"character_chosen":"THE_CURSED","items_purchased":[],"campfire_rested":1,"item_purchase_floors":[],"current_hp_per_floor":[75,75,75,68,68,68,68,68,68,26,29,29,51,58,58,0,0],"gold":294,"neow_bonus":"THREE_ENEMY_KILL","is_daily":false,"chose_seed":false,"campfire_upgraded":1,"win_rate":0.0,"timestamp":1609412607,"path_taken":["M","?","?","?","M","E","M","?","T","E","M","E","R","M","R","BOSS"],"items_purchased_type":[],"build_version":"2020-12-22","purchased_purges":0,"victory":false,"max_hp_per_floor":[75,75,75,75,75,75,75,75,75,75,75,75,75,75,75,75,75],"card_choices":[{"not_picked":["TheCursedMod:Stigma","TheCursedMod:Wield"],"picked":"TheCursedMod:RavingStaff","floor":1},{"not_picked":["TheCursedMod:CursedMace","TheCursedMod:FleshFromBone"],"picked":"TheCursedMod:CursedAmulet","floor":5},{"not_picked":["TheCursedMod:DoubleShield","TheCursedMod:Stretching"],"picked":"TheCursedMod:RapidMovement","floor":6},{"not_picked":["TheCursedMod:AshesToAshes","TheCursedMod:CursedAmulet"],"picked":"TheCursedMod:SoulReap","floor":7},{"not_picked":["TheCursedMod:CircleOfFlame+1","TheCursedMod:Stigma"],"picked":"TheCursedMod:CircleOfAbyss+1","floor":10},{"not_picked":["TheCursedMod:Stigma","TheCursedMod:VitalStrike"],"picked":"TheCursedMod:CursedAmulet+1","floor":11},{"not_picked":["TheCursedMod:CursedRelics","TheCursedMod:Stigma"],"picked":"TheCursedMod:CursedBlade","floor":12},{"not_picked":["TheCursedMod:RavingStaff","TheCursedMod:ReleasedKnowledge+1"],"picked":"TheCursedMod:TroublousMinions+1","floor":14}],"player_experience":247733,"relics_obtained":[{"floor":6,"key":"Omamori"},{"floor":9,"key":"Toxic Egg 2"},{"floor":10,"key":"HollowMod:PaleOreRelic"},{"floor":12,"key":"Bag of Marbles"}],"event_choices":[{"damage_healed":0,"gold_gain":0,"player_choice":"Take Wound","damage_taken":0,"relics_obtained":["Golden Idol"],"max_hp_gain":0,"max_hp_loss":0,"event_name":"Golden Idol","floor":3,"gold_loss":0,"cards_obtained":["Injury"]},{"damage_healed":0,"gold_gain":0,"player_choice":"Success","damage_taken":7,"relics_obtained":["hubris:MysteriousPyramids"],"max_hp_gain":0,"max_hp_loss":0,"event_name":"Scrap Ooze","floor":4,"gold_loss":0}],"is_beta":false,"boss_relics":[],"items_purged_floors":[],"is_endless":false,"potions_floor_spawned":[6,10,12],"killed_by":"The Guardian","ascension_level":3}}