{"host":"5gzbaq21mzbu77pn","time":1609384266,"event":{"mods":["2.2 Compatiblity","Aspiration","Bard","Bartender","BaseMod","Beaked The Cultist","BetterRewards","Colored Powertips","Conspire","Energized Spire","GifTheSpireLib","Glutton Mod","Gold Saver","Gremlin Mod","GungeonMod","Hubris","Infinite Spire","Koishi","Magitek Elite","Minty Spire (QoL Compilation)","Quick Restart","Replay The Spire","Shop Mod","StSLib","Stuff the Spire","Synergy Search","The Blackbeard","The Clintock","The Cursed","The Disciple","The Hayseed","The Kombatant","The Poker Player","The Saiyan","The Senshi","The Servant 0.9.4","TheBandit"],"gold_per_floor":[115,115,115,134,148,148,182,206,206,206,219,235,235,269,269,392,392,1253,1253],"floor_reached":18,"playtime":1148,"items_purged":[],"score":189,"play_id":"d2a64fba-da5b-4e98-ad07-a1d8dcdb1fe3","local_time":"20201231041106","is_ascension_mode":true,"campfire_choices":[{"data":"Static Discharge","floor":6.0,"key":"SMITH"},{"floor":10.0,"key":"REST"},{"data":"Loop","floor":13.0,"key":"SMITH"},{"data":"Self Repair","floor":15.0,"key":"SMITH"}],"circlet_count":0,"master_deck":["Strike_B","Strike_B","Strike_B","Strike_B","Defend_B","Defend_B","Defend_B","Defend_B","Zap","Dualcast","Conserve Battery","Injury","Static Discharge+1","Glacier","Doom and Gloom","Loop+1","Self Repair+1","Go for the Eyes","Sunder","Reboot"],"relics":["Cracked Core","Golden Idol","GremlinMask","Meat on the Bone","The Courier","Gremlin Horn","Runic Pyramid"],"acts_visited":[],"potions_floor_usage":[],"damage_taken":[{"damage":2.0,"enemies":"Jaw Worm","floor":1.0,"turns":3.0},{"damage":1.0,"enemies":"2 Louse","floor":4.0,"turns":3.0},{"damage":0.0,"enemies":"Cultist","floor":5.0,"turns":4.0},{"damage":20.0,"enemies":"Gremlin Nob","floor":7.0,"turns":3.0},{"damage":5.0,"enemies":"Looter","floor":8.0,"turns":2.0},{"damage":0.0,"enemies":"Exordium Wildlife","floor":11.0,"turns":9.0},{"damage":9.0,"enemies":"Exordium Thugs","floor":12.0,"turns":5.0},{"damage":10.0,"enemies":"3 Sentries","floor":14.0,"turns":9.0},{"damage":33.0,"enemies":"The Guardian","floor":16.0,"turns":10.0},{"damage":0,"enemies":"Shell Parasite","floor":18,"turns":1}],"seed_played":"5790874187245251866","potions_obtained":[{"floor":0.0,"key":"Fruit Juice"},{"floor":0.0,"key":"SteroidPotion"},{"floor":0.0,"key":"EssenceOfSteel"},{"floor":1.0,"key":"Fire Potion"},{"floor":7.0,"key":"Swift Potion"},{"floor":12.0,"key":"SteroidPotion"},{"floor":14.0,"key":"SpeedPotion"},{"floor":16.0,"key":"ColorlessPotion"}],"is_trial":false,"path_per_floor":["M","?","?","M","M","R","E","M","T","R","M","M","R","E","R","B",null,"M"],"character_chosen":"DEFECT","items_purchased":[],"campfire_rested":1,"item_purchase_floors":[],"current_hp_per_floor":[78,78,78,77,77,77,57,52,52,76,76,74,74,71,71,60,80,80,80],"gold":1253,"neow_bonus":"THREE_SMALL_POTIONS","is_daily":false,"chose_seed":false,"campfire_upgraded":3,"win_rate":0.0,"timestamp":1609384266,"path_taken":["M","?","?","M","M","R","E","M","T","R","M","M","R","E","R","BOSS","M"],"items_purchased_type":[],"build_version":"2020-12-22","purchased_purges":0,"victory":false,"max_hp_per_floor":[80,80,80,80,80,80,80,80,80,80,80,80,80,80,80,80,80,80,80],"card_choices":[{"not_picked":["Tempest","Turbo"],"picked":"Conserve Battery","floor":1.0},{"not_picked":["Doom and Gloom","Blizzard"],"picked":"Static Discharge","floor":4.0},{"not_picked":["Sweeping Beam","Conserve Battery"],"picked":"Glacier","floor":5.0},{"not_picked":["Scrape","Genetic Algorithm"],"picked":"Doom and Gloom","floor":7.0},{"not_picked":["Cold Snap","Leap"],"picked":"Loop","floor":8.0},{"not_picked":["Go for the Eyes","Undo"],"picked":"Self Repair","floor":11.0},{"not_picked":["Gash","Hologram"],"picked":"Go for the Eyes","floor":12.0},{"not_picked":["Streamline","Sweeping Beam"],"picked":"Sunder","floor":14.0},{"not_picked":["Thunder Strike","Meteor Strike"],"picked":"Reboot","floor":16.0}],"player_experience":834285,"relics_obtained":[{"floor":7.0,"key":"Meat on the Bone"},{"floor":9.0,"key":"The Courier"},{"floor":14.0,"key":"Gremlin Horn"}],"event_choices":[{"damage_healed":0.0,"max_hp_gain":0.0,"max_hp_loss":0.0,"gold_gain":0.0,"event_name":"Golden Idol","player_choice":"Take Wound","floor":2.0,"gold_loss":0.0,"damage_taken":0.0,"relics_obtained":["Golden Idol"],"cards_obtained":["Injury"]},{"damage_healed":0.0,"max_hp_gain":0.0,"max_hp_loss":0.0,"gold_gain":0.0,"event_name":"FaceTrader","player_choice":"Trade","floor":3.0,"gold_loss":0.0,"damage_taken":0.0,"relics_obtained":["GremlinMask"]}],"is_beta":false,"boss_relics":[{"not_picked":["Runic Dome","Ectoplasm"],"picked":"Runic Pyramid"}],"items_purged_floors":[],"is_endless":false,"potions_floor_spawned":[1,7,12,14,16],"killed_by":"Shell Parasite","ascension_level":2}}