{"host":"7o30bgpqouqblh42","time":1609387652,"event":{"mods":["AchievementEnabler","Aspiration","BaseMod","Colored Map","Downfall","Highlight Path","Minty Spire (QoL Compilation)","StSLib","SuperFastMode"],"gold_per_floor":[117,67,242,253,19,54,54,79,79,106,118,80,97,97,97,199,199,215,215,215,215,229,254,272,290,290,490,490,97,97,109,109,211,211,222,222,222,222,222],"floor_reached":38,"playtime":1863,"items_purged":["Strike_G","Doubt"],"score":503,"play_id":"5aa1f721-ff10-4320-a1b5-0a92fa3f4fbe","local_time":"20201230230732","is_ascension_mode":true,"campfire_choices":[{"data":"Choke","floor":7,"key":"SMITH"},{"data":"Skewer","floor":15,"key":"SMITH"},{"floor":28,"key":"REST"},{"floor":30,"key":"RECALL"},{"data":"After Image","floor":32,"key":"SMITH"}],"circlet_count":0,"master_deck":["Strike_G","Strike_G","Strike_G","Defend_G","Defend_G","Defend_G","Defend_G","Defend_G","Survivor","Neutralize","Endless Agony","Endless Agony","Endless Agony","Choke+1","Leg Sweep","After Image+1","Skewer+1","Prepared","Tools of the Trade","Footwork+1","Self Repair+1","Consecrate","Choke","Iron Wave+1","Pain"],"relics":["Ring of the Snake","NeowsBlessing","MealTicket","Happy Flower","Ancient Tea Set","Regal Pillow","Sozu","PrismaticShard","aspiration:Stabinomicon","Guardian:PocketSentry","StoneCalendar","HoveringKite","WarpedTongs"],"acts_visited":["Exordium","TheCity","TheBeyond"],"potions_floor_usage":[8,10,16,16,37],"damage_taken":[{"damage":0,"enemies":"Small Slimes","floor":1,"turns":1},{"damage":0,"enemies":"2 Louse","floor":4,"turns":1},{"damage":0,"enemies":"Lagavulin","floor":6,"turns":1},{"damage":5,"enemies":"Gremlin Nob","floor":8,"turns":3},{"damage":5,"enemies":"Lagavulin","floor":10,"turns":6},{"damage":0,"enemies":"Jaw Worm","floor":11,"turns":5},{"damage":0,"enemies":"Blue Slaver","floor":13,"turns":1},{"damage":15,"enemies":"The Guardian","floor":16,"turns":13},{"damage":16,"enemies":"Spheric Guardian","floor":18,"turns":4},{"damage":8,"enemies":"Shell Parasite","floor":22,"turns":7},{"damage":29,"enemies":"Book of Stabbing","floor":23,"turns":6},{"damage":0,"enemies":"Snake Plant","floor":24,"turns":2},{"damage":6,"enemies":"Centurion and Healer","floor":25,"turns":6},{"damage":10,"enemies":"Snecko","floor":31,"turns":4},{"damage":36,"enemies":"Champ","floor":33,"turns":7},{"damage":0,"enemies":"Orb Walker","floor":35,"turns":3},{"damage":20,"enemies":"3 Darklings","floor":37,"turns":3},{"damage":0,"enemies":"4 Shapes","floor":38,"turns":1}],"seed_played":"-2299023050008338709","potions_obtained":[{"floor":6,"key":"Strength Potion"},{"floor":8,"key":"Block Potion"},{"floor":10,"key":"EntropicBrew"}],"is_trial":false,"path_per_floor":["M","?","?","M","$","E","R","E","T","E","M","$","M","$","R","B",null,"M","?","T","?","M","E","M","M","T","?","R","$","R","M","R","B",null,"M","?","M","M"],"character_chosen":"THE_SILENT","items_purchased":["Endless Agony","Choke","Skewer","StoneCalendar"],"campfire_rested":1,"item_purchase_floors":[5,5,12,29],"current_hp_per_floor":[70,70,70,70,70,70,70,65,65,60,60,70,70,70,70,55,70,54,54,54,46,38,9,9,13,13,13,49,64,64,64,64,28,70,70,70,60,60,60],"gold":222,"neow_bonus":"THREE_ENEMY_KILL","is_daily":false,"chose_seed":false,"campfire_upgraded":3,"win_rate":0.0,"timestamp":1609387652,"path_taken":["M","?","?","M","$","E","R","E","T","E","M","?","M","?","R","BOSS","M","?","?","?","M","E","M","M","T","?","R","$","R","M","R","BOSS","M","?","M","?"],"items_purchased_type":["Card","Card","Card","Relic"],"build_version":"2020-12-22","purchased_purges":2,"victory":false,"max_hp_per_floor":[70,70,70,70,70,70,70,70,70,70,70,70,70,70,70,70,70,70,70,70,70,70,70,70,70,70,70,70,70,70,70,70,70,70,70,70,70,70,70],"card_choices":[{"not_picked":["Flying Knee","Leg Sweep"],"picked":"Endless Agony","floor":1},{"not_picked":["Deadly Poison","Flechettes"],"picked":"Endless Agony","floor":4},{"not_picked":["Tactician","Sucker Punch","Accuracy"],"picked":"SKIP","floor":6},{"not_picked":["Blur","Outmaneuver"],"picked":"Leg Sweep","floor":8},{"not_picked":["Catalyst","Slice"],"picked":"After Image","floor":10},{"not_picked":["Expertise","Outmaneuver","Concentrate"],"picked":"SKIP","floor":11},{"not_picked":["Underhanded Strike","Tactician"],"picked":"Prepared","floor":13},{"not_picked":["Venomology","Malaise"],"picked":"Tools of the Trade","floor":16},{"not_picked":["Skewer","Bane"],"picked":"Footwork+1","floor":18},{"not_picked":["champ:EnGarde","Adaptation","Blur+1"],"picked":"SKIP","floor":22},{"not_picked":["hexamod:RainOfEmbers","Guardian:Gem_Yellow"],"picked":"Self Repair+1","floor":23},{"not_picked":["champ:FocusedGladiator","sneckomod:SoulCleanse"],"picked":"Consecrate","floor":24},{"not_picked":["Halt+1","Heel Hook"],"picked":"Choke","floor":25},{"not_picked":["Coolheaded","champ:CrookedStrike+1","hexamod:NightmareStrike"],"picked":"SKIP","floor":31},{"not_picked":["sneckomod:IronFang+1","Guardian:Gem_Yellow"],"picked":"Iron Wave+1","floor":35}],"player_experience":203753,"relics_obtained":[{"floor":6,"key":"MealTicket"},{"floor":8,"key":"Happy Flower"},{"floor":9,"key":"Ancient Tea Set"},{"floor":10,"key":"Regal Pillow"},{"floor":21,"key":"PrismaticShard"},{"floor":23,"key":"aspiration:Stabinomicon"},{"floor":26,"key":"Guardian:PocketSentry"}],"event_choices":[{"cards_removed":["Strike_G"],"damage_healed":0,"gold_gain":0,"player_choice":"Card Removal","damage_taken":0,"max_hp_gain":0,"max_hp_loss":0,"event_name":"The Cleric","floor":2,"gold_loss":50},{"damage_healed":0,"gold_gain":175,"player_choice":"AGREE","damage_taken":0,"max_hp_gain":0,"max_hp_loss":0,"event_name":"Liars Game","floor":3,"gold_loss":0,"cards_obtained":["Doubt"]},{"damage_healed":0,"gold_gain":0,"player_choice":"Ignored","damage_taken":0,"max_hp_gain":0,"max_hp_loss":0,"event_name":"Vampires","floor":19,"gold_loss":0},{"damage_healed":0,"gold_gain":200,"player_choice":"Gold","damage_taken":0,"max_hp_gain":0,"max_hp_loss":0,"event_name":"Wheel of Change","floor":27,"gold_loss":0},{"damage_healed":0,"gold_gain":0,"player_choice":"Rummage","damage_taken":0,"relics_obtained":["WarpedTongs"],"max_hp_gain":0,"max_hp_loss":0,"event_name":"Accursed Blacksmith","floor":36,"gold_loss":0,"cards_obtained":["Pain"]}],"is_beta":false,"boss_relics":[{"not_picked":["Runic Pyramid","expansioncontent:StudyCardRelic"],"picked":"Sozu"},{"not_picked":["SlaversCollar","Snecko Eye"],"picked":"HoveringKite"}],"items_purged_floors":[5,29],"is_endless":false,"potions_floor_spawned":[6,8,10,18,24,31,37],"killed_by":"4 Shapes","ascension_level":3}}