{"host":"naykp6d9ulahlwib","time":1609456022,"event":{"mods":["BaseMod","Highlight Path","Minty Spire (QoL Compilation)","Shop Mod","StSLib"],"gold_per_floor":[116,116,116,41,52,52,70,83,106,136,136,136,286,147,147,220,220,140,140,140,140,90,90,90,90,90,90,90,40,40,40,40,40,40,40,40,40,15,15,15,0,0,0,0,0,0,0,0,0,0],"floor_reached":51,"playtime":4469,"items_purged":["Strike_P","Doubt","Defend_P","Strike_P"],"score":1381,"play_id":"1f661928-2fc5-4189-a9b4-dd2942c313d8","local_time":"20201231170702","is_ascension_mode":true,"campfire_choices":[{"data":"Apotheosis","floor":6.0,"key":"SMITH"},{"data":"Eruption","floor":11.0,"key":"SMITH"},{"floor":15.0,"key":"REST"},{"floor":23.0,"key":"REST"},{"floor":25.0,"key":"REST"},{"floor":32.0,"key":"REST"},{"data":"Wish","floor":40.0,"key":"SMITH"},{"floor":42.0,"key":"REST"},{"floor":45.0,"key":"REST"},{"floor":49.0,"key":"REST"}],"circlet_count":0,"master_deck":["AscendersBane","Defend_P","Eruption+1","Vigilance","Apotheosis+1","ThirdEye","Consecrate","ReachHeaven","FearNoEvil","Devotion+1","WaveOfTheHand","Perseverance","BowlingBash+1","RitualDagger","Wish+1","Flash of Steel","Prostrate","Worship"],"relics":["PureWater","Centennial Puzzle","Damaru","Smiling Mask","Ectoplasm","Omamori","Blood Vial","Matryoshka","Empty Cage","Red Mask","Strawberry","StrikeDummy","Boot"],"acts_visited":["Exordium","TheCity","TheBeyond"],"potions_floor_usage":[50,50],"damage_taken":[{"damage":1.0,"enemies":"2 Louse","floor":1.0,"turns":2.0},{"damage":2.0,"enemies":"Jaw Worm","floor":5.0,"turns":2.0},{"damage":0.0,"enemies":"Small Slimes","floor":7.0,"turns":3.0},{"damage":9.0,"enemies":"Gremlin Gang","floor":8.0,"turns":7.0},{"damage":4.0,"enemies":"Lagavulin","floor":10.0,"turns":6.0},{"damage":16.0,"enemies":"Hexaghost","floor":16.0,"turns":8.0},{"damage":3.0,"enemies":"2 Thieves","floor":18.0,"turns":4.0},{"damage":0.0,"enemies":"Chosen","floor":19.0,"turns":5.0},{"damage":25.0,"enemies":"Shelled Parasite and Fungi","floor":20.0,"turns":4.0},{"damage":5.0,"enemies":"Book of Stabbing","floor":24.0,"turns":5.0},{"damage":1.0,"enemies":"Gremlin Leader","floor":27.0,"turns":4.0},{"damage":10.0,"enemies":"Cultist and Chosen","floor":28.0,"turns":5.0},{"damage":33.0,"enemies":"Champ","floor":33.0,"turns":10.0},{"damage":7.0,"enemies":"Orb Walker","floor":35.0,"turns":3.0},{"damage":0.0,"enemies":"3 Shapes","floor":37.0,"turns":6.0},{"damage":31.0,"enemies":"Reptomancer","floor":44.0,"turns":5.0},{"damage":13.0,"enemies":"Spire Growth","floor":47.0,"turns":3.0},{"damage":44,"enemies":"Awakened One","floor":50,"turns":12}],"seed_played":"-9208423639453795860","potions_obtained":[{"floor":1.0,"key":"PowerPotion"},{"floor":7.0,"key":"Regen Potion"},{"floor":10.0,"key":"ColorlessPotion"},{"floor":20.0,"key":"ColorlessPotion"},{"floor":28.0,"key":"SkillPotion"},{"floor":33.0,"key":"SkillPotion"},{"floor":44.0,"key":"AttackPotion"}],"is_trial":false,"path_per_floor":["M","?","?","$","M","R","M","M","T","E","R","?","?","$","R","B",null,"M","M","M","?","$","R","E","R","T","E","M","$","?","?","R","B",null,"M","?","M","$","?","R","?","R","T","E","R","?","M","$","R","B",null],"character_chosen":"WATCHER","items_purchased":["FearNoEvil","Prostrate"],"campfire_rested":7,"item_purchase_floors":[14,38],"current_hp_per_floor":[42,37,59,59,57,57,57,48,48,59,59,59,59,59,68,52,64,61,61,36,36,36,56,51,68,68,67,58,58,39,33,54,23,61,56,51,53,53,53,53,53,73,80,49,73,73,62,62,80,36],"gold":0,"neow_bonus":"RANDOM_COLORLESS_2","is_daily":false,"chose_seed":false,"campfire_upgraded":3,"win_rate":0.0,"timestamp":1609456022,"path_taken":["M","?","?","$","M","R","M","?","T","E","R","?","?","$","R","BOSS","M","M","M","?","$","R","E","R","T","E","?","$","?","?","R","BOSS","M","?","M","$","?","R","?","R","T","E","R","?","M","?","R","BOSS"],"items_purchased_type":["Card","Card"],"build_version":"2020-12-22","purchased_purges":4,"victory":true,"max_hp_per_floor":[68,68,68,68,68,68,68,68,68,68,68,68,68,68,68,68,68,68,68,68,68,68,68,68,68,68,68,68,68,73,73,73,73,73,73,73,73,73,73,73,73,73,80,80,80,80,80,80,80,80],"card_choices":[{"not_picked":["Transmutation","Sadistic Nature"],"picked":"Apotheosis","floor":0.0},{"not_picked":["Meditate","SashWhip","Crescendo"],"picked":"SKIP","floor":1.0},{"not_picked":["MentalFortress","WheelKick","CrushJoints"],"picked":"SKIP","floor":5.0},{"not_picked":["SandsOfTime","Evaluate"],"picked":"ThirdEye","floor":7.0},{"not_picked":["PathToVictory","ThirdEye"],"picked":"Consecrate","floor":8.0},{"not_picked":["Halt","Meditate"],"picked":"ReachHeaven","floor":10.0},{"not_picked":["Vault","Wish"],"picked":"Devotion","floor":16.0},{"not_picked":["Evaluate","Sanctity"],"picked":"WaveOfTheHand","floor":18.0},{"not_picked":["PathToVictory","ClearTheMind","Crescendo"],"picked":"SKIP","floor":19.0},{"not_picked":["Adaptation","EmptyMind"],"picked":"Perseverance","floor":20.0},{"not_picked":["CarveReality","WindmillStrike"],"picked":"BowlingBash+1","floor":24.0},{"not_picked":["Crescendo","Swivel","FearNoEvil"],"picked":"SKIP","floor":27.0},{"not_picked":["Crescendo","CarveReality","FlurryOfBlows"],"picked":"SKIP","floor":28.0},{"not_picked":["MasterReality","ConjureBlade"],"picked":"Wish","floor":33.0},{"not_picked":["Consecrate+1","FearNoEvil","SashWhip"],"picked":"SKIP","floor":35.0},{"not_picked":["Enlightenment","PanicButton"],"picked":"Flash of Steel","floor":36.0},{"not_picked":["Collect+1","ClearTheMind","Swivel"],"picked":"SKIP","floor":37.0},{"not_picked":["LikeWater+1","PathToVictory+1"],"picked":"Worship","floor":44.0},{"not_picked":["Study","ReachHeaven","FlyingSleeves"],"picked":"SKIP","floor":47.0}],"player_experience":946073,"relics_obtained":[{"floor":9.0,"key":"Damaru"},{"floor":10.0,"key":"Smiling Mask"},{"floor":24.0,"key":"Omamori"},{"floor":26.0,"key":"Blood Vial"},{"floor":27.0,"key":"Matryoshka"},{"floor":43.0,"key":"Strawberry"},{"floor":43.0,"key":"StrikeDummy"},{"floor":44.0,"key":"Boot"}],"event_choices":[{"damage_healed":0.0,"max_hp_gain":0.0,"max_hp_loss":0.0,"gold_gain":0.0,"event_name":"Scrap Ooze","player_choice":"Success","floor":2.0,"gold_loss":0.0,"damage_taken":5.0,"relics_obtained":["Centennial Puzzle"]},{"damage_healed":22.0,"max_hp_gain":0.0,"max_hp_loss":0.0,"gold_gain":0.0,"event_name":"Big Fish","player_choice":"Banana","floor":3.0,"gold_loss":0.0,"damage_taken":0.0},{"cards_removed":["Strike_P"],"damage_healed":0.0,"max_hp_gain":0.0,"max_hp_loss":0.0,"gold_gain":0.0,"event_name":"Living Wall","player_choice":"Forget","floor":12.0,"gold_loss":0.0,"damage_taken":0.0},{"damage_healed":0.0,"max_hp_gain":0.0,"max_hp_loss":0.0,"gold_gain":150.0,"event_name":"Liars Game","player_choice":"AGREE","floor":13.0,"gold_loss":0.0,"damage_taken":0.0,"cards_obtained":["Doubt"]},{"damage_healed":0.0,"max_hp_gain":0.0,"max_hp_loss":0.0,"gold_gain":0.0,"event_name":"Upgrade Shrine","player_choice":"Upgraded","floor":21.0,"gold_loss":0.0,"damage_taken":0.0,"cards_upgraded":["Devotion"]},{"damage_healed":0.0,"max_hp_gain":5.0,"max_hp_loss":0.0,"gold_gain":0.0,"event_name":"Forgotten Altar","player_choice":"Shed Blood","floor":30.0,"gold_loss":0.0,"damage_taken":24.0},{"damage_healed":0.0,"max_hp_gain":0.0,"max_hp_loss":0.0,"gold_gain":0.0,"event_name":"Nest","player_choice":"Joined the Cult","floor":31.0,"gold_loss":0.0,"damage_taken":6.0,"cards_obtained":["RitualDagger"]},{"damage_healed":0.0,"max_hp_gain":0.0,"max_hp_loss":0.0,"gold_gain":0.0,"event_name":"SensoryStone","player_choice":"Memory 2","floor":36.0,"gold_loss":0.0,"damage_taken":5.0},{"damage_healed":0.0,"max_hp_gain":0.0,"max_hp_loss":0.0,"gold_gain":0.0,"event_name":"Mysterious Sphere","player_choice":"Ignored","floor":39.0,"gold_loss":0.0,"damage_taken":0.0},{"damage_healed":0.0,"max_hp_gain":0.0,"max_hp_loss":0.0,"gold_gain":0.0,"event_name":"Tomb of Lord Red Mask","player_choice":"Paid","floor":41.0,"gold_loss":15.0,"damage_taken":0.0,"relics_obtained":["Red Mask"]},{"cards_removed":["Defend_P"],"damage_healed":0.0,"max_hp_gain":0.0,"max_hp_loss":0.0,"gold_gain":0.0,"event_name":"Falling","player_choice":"Removed Skill","floor":46.0,"gold_loss":0.0,"damage_taken":0.0}],"is_beta":false,"boss_relics":[{"not_picked":["Runic Pyramid","Velvet Choker"],"picked":"Ectoplasm"},{"not_picked":["Runic Dome","SacredBark"],"picked":"Empty Cage"}],"items_purged_floors":[4,14,22,29],"is_endless":false,"potions_floor_spawned":[1,7,10,20,28,33,35,44],"ascension_level":19}}