{"host":"mbpcepu6ztteuwhq","time":1609645158,"event":{"mods":["AchievementEnabler","BaseMod","CapriCore","Colored Map","DeckTracker","Minty Spire (QoL Compilation)","Rare Cards Sparkle","StSLib","The Immortal","everything is the same but u backflip on backflip"],"gold_per_floor":[109,123,139,30,30,30,48,48,48,78,93,43,3,3,3,104,104,104,104],"floor_reached":17,"playtime":838,"items_purged":["MokouMod:Strike"],"score":180,"play_id":"84b3c505-ed89-4d61-9b06-1059b67ee0b3","local_time":"20210103123918","is_ascension_mode":false,"campfire_choices":[{"data":"MokouMod:ScorchingColumn","floor":6,"key":"SMITH"},{"data":"MokouMod:RetainTemperature","floor":8,"key":"SMITH"},{"data":"MokouMod:WarmUp","floor":15,"key":"SMITH"}],"circlet_count":0,"master_deck":["MokouMod:Strike","MokouMod:Strike","MokouMod:Defend","MokouMod:Defend","MokouMod:Defend","MokouMod:Defend","MokouMod:HeatSpark","MokouMod:ResoluteFlare","MokouMod:FlickeringFlame","MokouMod:ScorchingColumn+1","MokouMod:RetainTemperature+1","MokouMod:WarmUp+1","MokouMod:IllusoryBattlefield","MokouMod:CrimsonFlare"],"relics":["MokouMod:PhoenixFeather","Pear","Letter Opener","Sozu"],"acts_visited":["Exordium","TheCity"],"potions_floor_usage":[16,16],"damage_taken":[{"damage":5,"enemies":"Small Slimes","floor":1,"turns":4},{"damage":3,"enemies":"Jaw Worm","floor":2,"turns":4},{"damage":0,"enemies":"2 Louse","floor":3,"turns":2},{"damage":16,"enemies":"Red Slaver","floor":7,"turns":3},{"damage":27,"enemies":"Gremlin Nob","floor":10,"turns":4},{"damage":13,"enemies":"3 Louse","floor":11,"turns":4},{"damage":70,"enemies":"The Guardian","floor":16,"turns":13}],"seed_played":"-4388932148136182047","potions_obtained":[{"floor":2,"key":"SpeedPotion"},{"floor":7,"key":"Swift Potion"},{"floor":11,"key":"PowerPotion"}],"is_trial":false,"path_per_floor":["M","M","M","$","?","R","M","R","T","E","M","?","$","?","R","B",null],"character_chosen":"MKU","items_purchased":["MokouMod:RetainTemperature","MokouMod:IllusoryBattlefield"],"campfire_rested":0,"item_purchase_floors":[4,13],"current_hp_per_floor":[70,67,67,67,72,72,56,56,66,39,26,26,26,26,26,2,90,90,90],"gold":104,"neow_bonus":"","is_daily":false,"chose_seed":false,"campfire_upgraded":3,"win_rate":0.0,"timestamp":1609645158,"path_taken":["M","M","M","$","?","R","M","R","T","E","M","?","$","?","R","BOSS"],"items_purchased_type":["Card","Card"],"build_version":"2020-12-22","purchased_purges":1,"victory":false,"max_hp_per_floor":[75,75,75,75,80,80,80,80,90,90,90,90,90,90,90,90,90,90,90],"card_choices":[{"not_picked":["MokouMod:BlazingComet","MokouMod:Singe"],"picked":"MokouMod:ResoluteFlare","floor":1},{"not_picked":["MokouMod:EternalBurstReactor","MokouMod:ShiftIgnition"],"picked":"MokouMod:FlickeringFlame","floor":2},{"not_picked":["MokouMod:Ventilation","MokouMod:ThermalPressure"],"picked":"MokouMod:ScorchingColumn","floor":3},{"not_picked":["MokouMod:FujiyamaVolcano","MokouMod:Singe","MokouMod:ScorchingColumn"],"picked":"SKIP","floor":7},{"not_picked":["MokouMod:Singe","MokouMod:RoaringFlare"],"picked":"MokouMod:WarmUp","floor":10},{"not_picked":["MokouMod:SubterraneanCore","MokouMod:FlareStarter","MokouMod:BlazingComet"],"picked":"SKIP","floor":11}],"player_experience":0,"relics_obtained":[{"floor":9,"key":"Pear"},{"floor":10,"key":"Letter Opener"}],"event_choices":[{"damage_healed":0,"gold_gain":0,"player_choice":"Donut","damage_taken":0,"max_hp_gain":5,"max_hp_loss":0,"event_name":"Big Fish","floor":5,"gold_loss":0},{"cards_removed":["MokouMod:Strike"],"damage_healed":0,"gold_gain":0,"player_choice":"Card Removal","damage_taken":0,"max_hp_gain":0,"max_hp_loss":0,"event_name":"The Cleric","floor":12,"gold_loss":50},{"damage_healed":0,"gold_gain":0,"cards_transformed":["MokouMod:Strike"],"player_choice":"Transformed","damage_taken":0,"max_hp_gain":0,"max_hp_loss":0,"event_name":"Transmorgrifier","floor":14,"gold_loss":0,"cards_obtained":["MokouMod:CrimsonFlare"]}],"is_beta":false,"boss_relics":[{"not_picked":["Coffee Dripper","Snecko Eye"],"picked":"Sozu"}],"items_purged_floors":[4],"is_endless":false,"potions_floor_spawned":[2,7,11],"ascension_level":0}}