{"host":"Bilverbakes","time":1609718013,"event":{"mods":["2.2 Compatiblity","AchievementEnabler","BaseMod","Bestiary","Colored Map","Minty Spire (QoL Compilation)","Relic Stats","StSLib","ojb\u0027s Info Mod"],"gold_per_floor":[116,127,127,141,157,184,196,243,255,283,370,392,25,58,58,136,136,150,150,150,170,29,60,72,72,72,72,72,83,83,83],"floor_reached":30,"playtime":3052,"items_purged":["Strike_B"],"score":546,"play_id":"6a586734-43fc-43ac-828e-b387c41418c7","local_time":"20210103175333","is_ascension_mode":true,"campfire_choices":[{"data":"Buffer","floor":7.0,"key":"SMITH"},{"data":"Go for the Eyes","floor":15.0,"key":"SMITH"},{"data":"Auto Shields","floor":25,"key":"SMITH"},{"data":"Glacier","floor":28,"key":"SMITH"}],"circlet_count":0,"master_deck":["AscendersBane","Strike_B","Strike_B","Strike_B","Defend_B+1","Defend_B","Defend_B","Defend_B+1","Zap","Dualcast","Buffer+1","BootSequence","Auto Shields+1","Go for the Eyes+1","Ball Lightning","Glacier+1","Cold Snap+1","Sweeping Beam+1","Rainbow","Capacitor+1","FTL+1"],"relics":["Cracked Core","MawBank","War Paint","Molten Egg 2","Membership Card","Omamori","Calipers","Black Star","Meat on the Bone","White Beast Statue","Ancient Tea Set","Bottled Lightning","Blue Candle"],"acts_visited":["Exordium","TheCity"],"potions_floor_usage":[30],"damage_taken":[{"damage":0.0,"enemies":"2 Louse","floor":1.0,"turns":3.0},{"damage":2.0,"enemies":"Jaw Worm","floor":2.0,"turns":4.0},{"damage":1.0,"enemies":"Small Slimes","floor":4.0,"turns":4.0},{"damage":7.0,"enemies":"3 Louse","floor":5.0,"turns":4.0},{"damage":12.0,"enemies":"Gremlin Nob","floor":6.0,"turns":5.0},{"damage":20.0,"enemies":"3 Sentries","floor":8.0,"turns":8.0},{"damage":0.0,"enemies":"2 Fungi Beasts","floor":10.0,"turns":4.0},{"damage":0.0,"enemies":"Lots of Slimes","floor":12.0,"turns":5.0},{"damage":0.0,"enemies":"Lagavulin","floor":14.0,"turns":5.0},{"damage":8.0,"enemies":"Hexaghost","floor":16.0,"turns":11.0},{"damage":1.0,"enemies":"Shell Parasite","floor":18.0,"turns":11.0},{"damage":12.0,"enemies":"Spheric Guardian","floor":21.0,"turns":8.0},{"damage":21.0,"enemies":"Book of Stabbing","floor":23.0,"turns":5.0},{"damage":4.0,"enemies":"Centurion and Healer","floor":24.0,"turns":12.0},{"damage":0,"enemies":"Snecko","floor":29,"turns":4},{"damage":42,"enemies":"Slavers","floor":30,"turns":6}],"seed_played":"5289950531076123510","potions_obtained":[{"floor":1.0,"key":"EssenceOfDarkness"},{"floor":4.0,"key":"Regen Potion"},{"floor":16.0,"key":"EssenceOfSteel"},{"floor":23.0,"key":"Strength Potion"},{"floor":24,"key":"DistilledChaos"},{"floor":29,"key":"Ancient Potion"}],"is_trial":false,"path_per_floor":["M","M","?","M","M","E","R","E","T","M","?","M","$","E","R","B",null,"M","?","?","M","$","E","M","R","T","?","R","M","E"],"character_chosen":"DEFECT","items_purchased":["Membership Card","Rainbow","Omamori","White Beast Statue"],"campfire_rested":0,"item_purchase_floors":[13,13,13,22],"current_hp_per_floor":[64,62,62,61,54,42,42,37,37,37,26,26,26,26,26,18,53,52,52,52,40,40,31,39,39,39,35,35,35,0,0],"gold":83,"neow_bonus":"THREE_RARE_CARDS","is_daily":false,"chose_seed":false,"campfire_upgraded":4,"win_rate":0.0,"timestamp":1609718013,"path_taken":["M","M","?","M","M","E","R","E","T","M","?","M","$","E","R","BOSS","M","?","?","M","$","E","M","R","T","?","R","M","E"],"items_purchased_type":["Relic","Card","Relic","Relic"],"build_version":"2020-12-18","purchased_purges":1,"victory":false,"max_hp_per_floor":[64,64,64,64,64,64,64,64,64,64,64,64,64,64,64,64,64,64,64,64,64,64,64,64,64,64,64,64,64,64,64],"relic_stats":{"counters":[16,99],"Blue Candle":[0],"Black Star":1,"War Paint":["Defend_B","Defend_B"],"MawBank":84,"obtain_stats":[{"Calipers":14,"Blue Candle":26,"Omamori":13,"War Paint":8,"MawBank":6,"Ancient Tea Set":23,"White Beast Statue":22,"Molten Egg 2":9,"Black Star":17,"Membership Card":13,"Bottled Lightning":23,"Cracked Core":0,"Meat on the Bone":20},{"Calipers":9,"Blue Candle":14,"Omamori":8,"War Paint":6,"MawBank":5,"Ancient Tea Set":13,"White Beast Statue":12,"Molten Egg 2":6,"Black Star":10,"Membership Card":8,"Bottled Lightning":13,"Cracked Core":0,"Meat on the Bone":11},{"Calipers":42,"Blue Candle":89,"Omamori":37,"War Paint":28,"MawBank":20,"Ancient Tea Set":77,"White Beast Statue":72,"Molten Egg 2":28,"Black Star":53,"Membership Card":37,"Bottled Lightning":77,"Cracked Core":0,"Meat on the Bone":64}],"Meat on the Bone":24},"card_choices":[{"not_picked":["Seek","All For One"],"picked":"Buffer","floor":0.0},{"not_picked":["Coolheaded","Cold Snap"],"picked":"BootSequence","floor":1.0},{"not_picked":["Compile Driver","Go for the Eyes"],"picked":"Auto Shields","floor":2.0},{"not_picked":["Barrage","Redo"],"picked":"Go for the Eyes","floor":4.0},{"not_picked":["Gash","Compile Driver"],"picked":"Ball Lightning","floor":5.0},{"not_picked":["Gash","Steam","Barrage"],"picked":"SKIP","floor":6.0},{"not_picked":["Steam Power","Thunder Strike"],"picked":"Glacier","floor":8.0},{"not_picked":["Redo","Gash+1"],"picked":"Cold Snap+1","floor":10.0},{"not_picked":["Gash+1","Conserve Battery"],"picked":"Sweeping Beam+1","floor":12.0},{"not_picked":["Hello World","Redo","Stack"],"picked":"SKIP","floor":14.0},{"not_picked":["Recycle","Beam Cell+1"],"picked":"Capacitor+1","floor":18.0},{"not_picked":["Streamline+1","Ball Lightning+1","Double Energy"],"picked":"SKIP","floor":21.0},{"not_picked":["Streamline+1","Amplify","Undo"],"picked":"SKIP","floor":23.0},{"not_picked":["Turbo","Sweeping Beam+1","Stack"],"picked":"SKIP","floor":24},{"not_picked":["Redo","Force Field"],"picked":"FTL+1","floor":29}],"player_experience":556737,"relics_obtained":[{"floor":6.0,"key":"MawBank"},{"floor":8.0,"key":"War Paint"},{"floor":9.0,"key":"Molten Egg 2"},{"floor":14.0,"key":"Calipers"},{"floor":23.0,"key":"Ancient Tea Set"},{"floor":23.0,"key":"Bottled Lightning"},{"floor":26,"key":"Blue Candle"}],"event_choices":[{"damage_healed":0.0,"max_hp_gain":0.0,"max_hp_loss":0.0,"gold_gain":0.0,"event_name":"Liars Game","player_choice":"Ignored","floor":3.0,"gold_loss":0.0,"damage_taken":0.0},{"damage_healed":0.0,"max_hp_gain":0.0,"max_hp_loss":0.0,"gold_gain":75.0,"event_name":"World of Goop","player_choice":"Gather Gold","floor":11.0,"gold_loss":0.0,"damage_taken":11.0},{"damage_healed":0.0,"max_hp_gain":0.0,"max_hp_loss":0.0,"gold_gain":0.0,"event_name":"Vampires","player_choice":"Ignored","floor":19.0,"gold_loss":0.0,"damage_taken":0.0},{"damage_healed":0.0,"max_hp_gain":0.0,"max_hp_loss":0.0,"gold_gain":0.0,"event_name":"The Mausoleum","player_choice":"Opened","floor":20.0,"gold_loss":0.0,"damage_taken":0.0,"relics_obtained":["Meat on the Bone"],"cards_obtained":["Writhe"]},{"damage_healed":0,"gold_gain":0,"player_choice":"Bought 0 Potions","damage_taken":0,"max_hp_gain":0,"max_hp_loss":0,"event_name":"The Woman in Blue","floor":27,"gold_loss":0}],"is_beta":true,"boss_relics":[{"not_picked":["Philosopher\u0027s Stone","Empty Cage"],"picked":"Black Star"}],"items_purged_floors":[13],"is_endless":false,"potions_floor_spawned":[1,4,5,16,21,23,24,29],"killed_by":"Slavers","ascension_level":17}}