{"host":"uonldg9uriwfhjjx","time":1609679266,"event":{"mods":["AchievementEnabler","BaseMod","Minty Spire (QoL Compilation)","Relic Stats"],"gold_per_floor":[116,136,136,147,147,147,159,227,227,227,61,71,81,131,131,208,208,226,241,241,241],"floor_reached":20,"playtime":1911,"items_purged":[],"score":302,"play_id":"c4546907-52f5-4ca7-a0e1-95326bd0259f","local_time":"20210103080746","is_ascension_mode":true,"campfire_choices":[{"data":"Armaments","floor":6,"key":"SMITH"},{"data":"Bash","floor":10,"key":"SMITH"},{"data":"Pummel","floor":15,"key":"SMITH"}],"circlet_count":0,"master_deck":["AscendersBane","Strike_R","Strike_R","Strike_R","Strike_R","Strike_R","Defend_R","Defend_R","Defend_R","Defend_R","Bash+1","Heavy Blade","Twin Strike","Armaments+1","Pummel+1","Feed","Infernal Blade","Flex"],"relics":["Burning Blood","NeowsBlessing","SsserpentHead","Pantograph","Tiny Chest","Mark of Pain"],"acts_visited":["Exordium","TheCity"],"potions_floor_usage":[16,16,20,20],"damage_taken":[{"damage":0,"enemies":"Small Slimes","floor":1,"turns":1},{"damage":0,"enemies":"Cultist","floor":2,"turns":1},{"damage":0,"enemies":"2 Louse","floor":4,"turns":1},{"damage":75,"enemies":"Gremlin Gang","floor":7,"turns":6},{"damage":1,"enemies":"Looter","floor":8,"turns":4},{"damage":6,"enemies":"3 Louse","floor":12,"turns":5},{"damage":21,"enemies":"Exordium Wildlife","floor":13,"turns":7},{"damage":38,"enemies":"Hexaghost","floor":16,"turns":9},{"damage":11,"enemies":"3 Byrds","floor":18,"turns":11},{"damage":1,"enemies":"Spheric Guardian","floor":19,"turns":3},{"damage":69,"enemies":"Centurion and Healer","floor":20,"turns":5}],"seed_played":"94075920044456244","potions_obtained":[{"floor":1,"key":"FairyPotion"},{"floor":8,"key":"SteroidPotion"},{"floor":12,"key":"PowerPotion"},{"floor":16,"key":"ElixirPotion"},{"floor":18,"key":"GamblersBrew"},{"floor":19,"key":"PowerPotion"}],"is_trial":false,"path_per_floor":["M","M","$","M","?","R","M","M","T","R","$","M","M","?","R","B",null,"M","M","M"],"character_chosen":"IRONCLAD","items_purchased":["Tiny Chest"],"campfire_rested":0,"item_purchase_floors":[11],"current_hp_per_floor":[74,75,75,75,75,75,28,33,33,33,33,33,18,18,18,11,59,54,59,0,0],"gold":241,"neow_bonus":"THREE_ENEMY_KILL","is_daily":false,"chose_seed":false,"campfire_upgraded":3,"win_rate":0.0,"timestamp":1609679266,"path_taken":["M","M","$","M","?","R","M","?","T","R","$","M","M","?","R","BOSS","M","M","M"],"items_purchased_type":["Relic"],"build_version":"2020-12-22","purchased_purges":0,"victory":false,"max_hp_per_floor":[75,75,75,75,75,75,75,75,75,75,75,75,75,75,75,75,75,75,75,78,78],"relic_stats":{"SsserpentHead":100,"counters":[11,53],"Pantograph":25,"Tiny Chest":0,"obtain_stats":[{"SsserpentHead":5,"NeowsBlessing":0,"Pantograph":9,"Tiny Chest":11,"Mark of Pain":17,"Burning Blood":0},{"SsserpentHead":3,"NeowsBlessing":0,"Pantograph":5,"Tiny Chest":5,"Mark of Pain":8,"Burning Blood":0},{"SsserpentHead":3,"NeowsBlessing":0,"Pantograph":13,"Tiny Chest":13,"Mark of Pain":34,"Burning Blood":0}],"Burning Blood":49},"card_choices":[{"not_picked":["Carnage","Whirlwind"],"picked":"Heavy Blade","floor":1},{"not_picked":["Flex","Carnage"],"picked":"Twin Strike","floor":2},{"not_picked":["Feel No Pain","Blood for Blood"],"picked":"Armaments","floor":4},{"not_picked":["Havoc","Headbutt","True Grit"],"picked":"SKIP","floor":7},{"not_picked":["Rupture","Dropkick","Headbutt"],"picked":"SKIP","floor":8},{"not_picked":["Second Wind","Perfected Strike","Whirlwind"],"picked":"SKIP","floor":12},{"not_picked":["Fire Breathing","Clash"],"picked":"Pummel","floor":13},{"not_picked":["Impervious","Fiend Fire"],"picked":"Feed","floor":16},{"not_picked":["Headbutt","Havoc"],"picked":"Infernal Blade","floor":18},{"not_picked":["Body Slam+1","True Grit"],"picked":"Flex","floor":19}],"player_experience":730656,"relics_obtained":[{"floor":9,"key":"Pantograph"}],"event_choices":[{"damage_healed":0,"gold_gain":0,"player_choice":"Trade","damage_taken":0,"relics_obtained":["SsserpentHead"],"max_hp_gain":0,"max_hp_loss":0,"event_name":"FaceTrader","floor":5,"gold_loss":0},{"damage_healed":0,"gold_gain":0,"player_choice":"Got Potions","damage_taken":0,"max_hp_gain":0,"max_hp_loss":0,"event_name":"Lab","floor":14,"gold_loss":0}],"is_beta":false,"boss_relics":[{"not_picked":["Busted Crown","Philosopher\u0027s Stone"],"picked":"Mark of Pain"}],"items_purged_floors":[],"is_endless":false,"potions_floor_spawned":[1,8,12,16,18,19],"killed_by":"Centurion and Healer","ascension_level":16}}