{"host":"y7sd46uq4xlni546","time":1609698167,"event":{"mods":["AchievementEnabler","BaseMod","Colored Map","Colored Powertips","Curses Come First","Filter the Spire","Minty Spire (QoL Compilation)","Quick Restart","Random Character Button","Rare Cards Sparkle","StSLib"],"gold_per_floor":[113,126,126,201,222,222,522,541,541,466,501,535,553,567,567,567,567],"floor_reached":16,"playtime":456,"items_purged":["Strike_R"],"score":104,"play_id":"69691d27-0c95-47f2-881d-edd7ce813a1b","local_time":"20210103192247","is_ascension_mode":false,"campfire_choices":[{"data":"Bash","floor":6.0,"key":"SMITH"},{"floor":15,"key":"REST"}],"circlet_count":0,"master_deck":["Strike_R","Strike_R","Strike_R","Strike_R","Defend_R","Defend_R","Defend_R","Defend_R","Bash+1","CurseOfTheBell","Body Slam+1","Fiend Fire+1","Body Slam+1","Fire Breathing","Spot Weakness","Clash+1"],"relics":["Calling Bell","PreservedInsect","Molten Egg 2","Calipers","Golden Idol","Old Coin","Happy Flower","Torii"],"acts_visited":["Exordium"],"potions_floor_usage":[12,12],"damage_taken":[{"damage":1.0,"enemies":"Cultist","floor":1.0,"turns":3.0},{"damage":1.0,"enemies":"Jaw Worm","floor":2.0,"turns":3.0},{"damage":0.0,"enemies":"2 Louse","floor":5.0,"turns":2.0},{"damage":14.0,"enemies":"Blue Slaver","floor":8.0,"turns":4.0},{"damage":4.0,"enemies":"2 Fungi Beasts","floor":11.0,"turns":2.0},{"damage":8,"enemies":"Lagavulin","floor":12,"turns":3},{"damage":2,"enemies":"Lots of Slimes","floor":13,"turns":5},{"damage":3,"enemies":"Exordium Thugs","floor":14,"turns":4},{"damage":42,"enemies":"Slime Boss","floor":16,"turns":9}],"seed_played":"5265656935878242930","potions_obtained":[{"floor":2.0,"key":"ColorlessPotion"},{"floor":8.0,"key":"DuplicationPotion"},{"floor":11.0,"key":"SteroidPotion"}],"is_trial":false,"path_per_floor":["M","M","?","?","M","R","T","M","T","$","M","E","M","M","R","B"],"character_chosen":"IRONCLAD","items_purchased":[],"campfire_rested":1,"item_purchase_floors":[],"current_hp_per_floor":[79,78,58,47,47,47,47,33,33,33,29,21,19,16,40,0,0],"gold":567,"neow_bonus":"BOSS_RELIC","is_daily":false,"chose_seed":false,"campfire_upgraded":1,"win_rate":0.0,"timestamp":1609698167,"path_taken":["M","M","?","?","M","R","?","M","T","?","M","E","M","M","R","BOSS"],"items_purchased_type":[],"build_version":"2020-12-22","purchased_purges":1,"victory":false,"max_hp_per_floor":[80,80,80,80,80,80,80,80,80,80,80,80,80,80,80,80,80],"card_choices":[{"not_picked":["Metallicize","Inflame"],"picked":"Body Slam+1","floor":1.0},{"not_picked":["Armaments","Anger+1"],"picked":"Fiend Fire+1","floor":2.0},{"not_picked":["Second Wind","Rage","Flame Barrier"],"picked":"SKIP","floor":5.0},{"not_picked":["Whirlwind+1","Havoc","Perfected Strike+1"],"picked":"SKIP","floor":8.0},{"not_picked":["Flame Barrier","Thunderclap+1"],"picked":"Body Slam+1","floor":11.0},{"not_picked":["Clothesline+1","Flame Barrier"],"picked":"Fire Breathing","floor":12},{"not_picked":["Bloodletting","Seeing Red"],"picked":"Spot Weakness","floor":13},{"not_picked":["Thunderclap+1","Perfected Strike+1"],"picked":"Clash+1","floor":14}],"player_experience":592361,"relics_obtained":[{"floor":0.0,"key":"PreservedInsect"},{"floor":0.0,"key":"Molten Egg 2"},{"floor":0.0,"key":"Calipers"},{"floor":7.0,"key":"Old Coin"},{"floor":9.0,"key":"Happy Flower"},{"floor":12,"key":"Torii"}],"event_choices":[{"damage_healed":0.0,"max_hp_gain":0.0,"max_hp_loss":0.0,"gold_gain":0.0,"event_name":"Golden Idol","player_choice":"Take Damage","floor":3.0,"gold_loss":0.0,"damage_taken":20.0,"relics_obtained":["Golden Idol"]},{"damage_healed":0.0,"max_hp_gain":0.0,"max_hp_loss":0.0,"gold_gain":75.0,"event_name":"World of Goop","player_choice":"Gather Gold","floor":4.0,"gold_loss":0.0,"damage_taken":11.0}],"is_beta":false,"boss_relics":[],"items_purged_floors":[10],"is_endless":false,"potions_floor_spawned":[2,8,11],"killed_by":"Slime Boss","ascension_level":0}}