{"host":"oiai0qxasotny765","time":1609694939,"event":{"mods":["2.2 Compatiblity","AchievementEnabler","BaseMod","Colored Map","Minty Spire (QoL Compilation)","Permanent Neow","Relic Stats","StSLib","SuperFastMode","everything is the same but u backflip on backflip"],"gold_per_floor":[112,128,128,53,68,68,102,102,102,137,137,152,163,196,196,275,275,285,285,285,185,100,100,116,149,172,206,206,220,233,252,252,323,323,338,363,375,385,76,106,106,141,165,181,197,197,213,248,248,248,248,248,21,50,50],"floor_reached":56,"playtime":2626,"items_purged":["Strike_R","Strike_R"],"score":2750,"play_id":"8d92f209-46ab-4f3d-a90f-290bb826ce5f","local_time":"20210104022859","is_ascension_mode":true,"campfire_choices":[{"data":"Shockwave","floor":6,"key":"SMITH"},{"data":"Corruption","floor":8,"key":"SMITH"},{"floor":15,"key":"DIG"},{"floor":23,"key":"DIG"},{"floor":28,"key":"DIG"},{"floor":32,"key":"DIG"},{"floor":46,"key":"RECALL"},{"floor":49,"key":"DIG"},{"floor":52,"key":"DIG"}],"circlet_count":0,"master_deck":["AscendersBane","Strike_R","Strike_R","Defend_R","Defend_R","Defend_R","Defend_R","Bash+1","Corruption+1","Evolve","Shockwave+1","Shrug It Off+1","Whirlwind+1","Havoc","Ghostly Armor","Fiend Fire","Ghostly","Ghostly","Ghostly+1","Ghostly","Ghostly","Reaper","Offering","Shrug It Off","Offering","Second Wind","Body Slam","Sentinel"],"relics":["Burning Blood","Dead Branch","Nilry\u0027s Codex","Torii","Kunai","InkBottle","Shovel","Regal Pillow","PreservedInsect","Runic Dome","Paper Frog","Red Skull","Self Forming Clay","War Paint","Ancient Tea Set","Anchor","Bag of Marbles","Philosopher\u0027s Stone","Turnip","Medical Kit","Peace Pipe","FossilizedHelix","Whetstone","Meat on the Bone","Bottled Lightning","Gremlin Horn","Boot","Vajra"],"acts_visited":["Exordium","TheCity","TheBeyond","TheEnding"],"potions_floor_usage":[55,55],"damage_taken":[{"damage":30.0,"enemies":"Small Slimes","floor":1.0,"turns":4.0},{"damage":6,"enemies":"Jaw Worm","floor":2,"turns":2},{"damage":4,"enemies":"Cultist","floor":5,"turns":3},{"damage":12,"enemies":"Gremlin Nob","floor":7,"turns":3},{"damage":0,"enemies":"3 Sentries","floor":10,"turns":3},{"damage":16,"enemies":"Gremlin Gang","floor":12,"turns":3},{"damage":6,"enemies":"Looter","floor":13,"turns":2},{"damage":0,"enemies":"Gremlin Nob","floor":14,"turns":3},{"damage":0,"enemies":"Slime Boss","floor":16,"turns":3},{"damage":0,"enemies":"3 Byrds","floor":18,"turns":1},{"damage":19,"enemies":"Chosen","floor":24,"turns":4},{"damage":6,"enemies":"Gremlin Leader","floor":25,"turns":3},{"damage":0,"enemies":"Book of Stabbing","floor":27,"turns":3},{"damage":0,"enemies":"Snake Plant","floor":29,"turns":4},{"damage":12,"enemies":"Snecko","floor":30,"turns":4},{"damage":3,"enemies":"Centurion and Healer","floor":31,"turns":2},{"damage":13,"enemies":"Champ","floor":33,"turns":2},{"damage":1,"enemies":"3 Darklings","floor":35,"turns":4},{"damage":4,"enemies":"Mind Bloom Boss Battle","floor":36,"turns":1},{"damage":4,"enemies":"Orb Walker","floor":37,"turns":2},{"damage":8,"enemies":"Transient","floor":38,"turns":5},{"damage":0,"enemies":"Giant Head","floor":40,"turns":1},{"damage":4,"enemies":"Nemesis","floor":42,"turns":5},{"damage":9,"enemies":"Jaw Worm Horde","floor":44,"turns":3},{"damage":1,"enemies":"4 Shapes","floor":45,"turns":1},{"damage":6,"enemies":"Writhing Mass","floor":47,"turns":2},{"damage":1,"enemies":"Giant Head","floor":48,"turns":3},{"damage":4,"enemies":"Donu and Deca","floor":50,"turns":2},{"damage":2,"enemies":"Shield and Spear","floor":54,"turns":2},{"damage":24,"enemies":"The Heart","floor":55,"turns":7}],"seed_played":"-6266856576759019661","potions_obtained":[{"floor":1.0,"key":"SteroidPotion"},{"floor":5,"key":"SmokeBomb"},{"floor":25,"key":"DistilledChaos"}],"is_trial":false,"path_per_floor":["M","M","?","$","M","R","E","R","T","E","?","M","M","E","R","B",null,"M","?","?","$","?","R","M","E","T","E","R","M","M","M","R","B",null,"M","?","M","M","$","E","T","E","T","M","M","R","M","E","R","B",null,"R","$","E","B",null],"character_chosen":"IRONCLAD","items_purchased":["Medical Kit","Offering","Boot","EssenceOfSteel"],"campfire_rested":0,"item_purchase_floors":[39,39,53,53],"current_hp_per_floor":[44,44,32,32,34,34,28,28,28,34,34,24,24,30,30,36,65,71,57,40,40,40,40,27,27,27,40,40,40,38,40,40,39,40,40,40,40,40,40,40,40,40,40,37,40,40,40,40,40,40,40,40,40,40,40],"gold":50,"neow_bonus":"REMOVE_CARD","is_daily":false,"chose_seed":false,"campfire_upgraded":2,"win_rate":0.0,"timestamp":1609694939,"path_taken":["M","M","?","$","M","R","E","R","T","E","?","?","?","E","R","BOSS","M","?","?","$","?","R","M","E","T","E","R","M","M","M","R","BOSS","M","?","M","M","$","E","?","E","T","M","M","R","M","E","R","BOSS","R","$","E","BOSS"],"items_purchased_type":["Relic","Card","Relic","Potion"],"build_version":"2020-12-22","purchased_purges":2,"victory":true,"max_hp_per_floor":[75,75,75,75,75,75,75,75,75,75,75,75,75,75,75,75,75,75,80,40,40,40,40,40,40,40,40,40,40,40,40,40,40,40,40,40,40,40,40,40,40,40,40,40,40,40,40,40,40,40,40,40,40,40,40],"relic_stats":{"Regal Pillow":0,"Torii":12,"Gremlin Horn":[1,1],"counters":[30,87],"Self Forming Clay":[96],"Dead Branch":[1024],"PreservedInsect":476,"Whetstone":["Bash","Whirlwind"],"War Paint":["Ghostly","Shrug It Off"],"Medical Kit":[25],"Boot":[0],"Burning Blood":134,"Peace Pipe":0,"Shovel":6,"Turnip":[2],"Kunai":[33],"obtain_stats":[{"Regal Pillow":14,"Torii":3,"Gremlin Horn":52,"Nilry\u0027s Codex":1,"Vajra":54,"Whetstone":42,"Ancient Tea Set":27,"Boot":53,"Burning Blood":0,"Shovel":10,"Philosopher\u0027s Stone":34,"Kunai":7,"InkBottle":9,"Red Skull":23,"Paper Frog":22,"Self Forming Clay":25,"Dead Branch":0,"PreservedInsect":15,"War Paint":26,"Medical Kit":39,"Peace Pipe":40,"Runic Dome":17,"Anchor":28,"Bronze Scales":43,"Turnip":36,"Bag of Marbles":32,"Bottled Lightning":49,"FossilizedHelix":41,"Meat on the Bone":48},{"Regal Pillow":8,"Torii":2,"Gremlin Horn":28,"Nilry\u0027s Codex":1,"Vajra":29,"Whetstone":23,"Ancient Tea Set":13,"Boot":28,"Burning Blood":0,"Shovel":5,"Philosopher\u0027s Stone":17,"Kunai":4,"InkBottle":4,"Red Skull":10,"Paper Frog":10,"Self Forming Clay":12,"Dead Branch":0,"PreservedInsect":8,"War Paint":12,"Medical Kit":21,"Peace Pipe":22,"Runic Dome":9,"Anchor":13,"Bronze Scales":23,"Turnip":19,"Bag of Marbles":16,"Bottled Lightning":27,"FossilizedHelix":22,"Meat on the Bone":27},{"Regal Pillow":23,"Torii":6,"Gremlin Horn":78,"Nilry\u0027s Codex":3,"Vajra":80,"Whetstone":67,"Ancient Tea Set":37,"Boot":78,"Burning Blood":0,"Shovel":15,"Philosopher\u0027s Stone":49,"Kunai":12,"InkBottle":12,"Red Skull":27,"Paper Frog":27,"Self Forming Clay":34,"Dead Branch":0,"PreservedInsect":23,"War Paint":34,"Medical Kit":61,"Peace Pipe":62,"Runic Dome":26,"Anchor":37,"Bronze Scales":67,"Turnip":54,"Bag of Marbles":47,"Bottled Lightning":76,"FossilizedHelix":62,"Meat on the Bone":76}],"InkBottle":[73],"Meat on the Bone":0},"card_choices":[{"not_picked":["Clothesline","Uppercut"],"picked":"Evolve","floor":1.0},{"not_picked":["Combust","Iron Wave"],"picked":"Shockwave","floor":2},{"not_picked":["Sword Boomerang","Perfected Strike","Anger"],"picked":"SKIP","floor":5},{"not_picked":["Perfected Strike","True Grit"],"picked":"Shrug It Off","floor":7},{"not_picked":["Perfected Strike","Demon Form","Shrug It Off"],"picked":"SKIP","floor":10},{"not_picked":["Havoc","Thunderclap","Anger"],"picked":"SKIP","floor":12},{"not_picked":["Havoc","Thunderclap","Anger"],"picked":"SKIP","floor":12},{"not_picked":["Thunderclap","Anger"],"picked":"Havoc","floor":12},{"not_picked":["Pommel Strike","Headbutt"],"picked":"Ghostly Armor","floor":13},{"not_picked":["Reckless Charge","Metallicize","Anger"],"picked":"SKIP","floor":14},{"not_picked":["Double Tap","Impervious"],"picked":"Fiend Fire","floor":16},{"not_picked":["Spot Weakness","Flame Barrier","Thunderclap"],"picked":"SKIP","floor":18},{"not_picked":["Whirlwind","Clothesline","Sever Soul"],"picked":"SKIP","floor":24},{"not_picked":["Body Slam","Carnage"],"picked":"Reaper","floor":25},{"not_picked":["Dark Embrace","Pommel Strike"],"picked":"Offering","floor":27},{"not_picked":["Blood for Blood","Wild Strike","Iron Wave"],"picked":"SKIP","floor":29},{"not_picked":["Entrench","Sword Boomerang","Thunderclap"],"picked":"SKIP","floor":30},{"not_picked":["Flex","Warcry"],"picked":"Shrug It Off","floor":31},{"not_picked":["Clash+1","Infernal Blade","Body Slam+1"],"picked":"SKIP","floor":35},{"not_picked":["Clothesline","Burning Pact","Hemokinesis"],"picked":"SKIP","floor":37},{"not_picked":["Clothesline+1","Twin Strike","Uppercut+1"],"picked":"SKIP","floor":38},{"not_picked":["Burning Pact","Clothesline+1"],"picked":"Second Wind","floor":40},{"not_picked":["Infernal Blade","Thunderclap","Headbutt"],"picked":"SKIP","floor":42},{"not_picked":["Thunderclap","Heavy Blade"],"picked":"Body Slam","floor":44},{"not_picked":["Rupture","Headbutt","Ghostly Armor"],"picked":"SKIP","floor":45},{"not_picked":["Disarm+1","Perfected Strike+1","Infernal Blade+1"],"picked":"SKIP","floor":47},{"not_picked":["Combust","Infernal Blade+1"],"picked":"Sentinel","floor":48},{"not_picked":["Hemokinesis+1","Armaments","Metallicize"],"picked":"SKIP","floor":54}],"player_experience":300352,"relics_obtained":[{"floor":7,"key":"Kunai"},{"floor":9,"key":"InkBottle"},{"floor":10,"key":"Shovel"},{"floor":14,"key":"Regal Pillow"},{"floor":15,"key":"PreservedInsect"},{"floor":23,"key":"Red Skull"},{"floor":25,"key":"Self Forming Clay"},{"floor":26,"key":"War Paint"},{"floor":27,"key":"Ancient Tea Set"},{"floor":28,"key":"Anchor"},{"floor":32,"key":"Bag of Marbles"},{"floor":36,"key":"Turnip"},{"floor":40,"key":"Peace Pipe"},{"floor":41,"key":"FossilizedHelix"},{"floor":42,"key":"Whetstone"},{"floor":43,"key":"Bronze Scales"},{"floor":48,"key":"Meat on the Bone"},{"floor":49,"key":"Bottled Lightning"},{"floor":52,"key":"Gremlin Horn"},{"floor":54,"key":"Vajra"}],"event_choices":[{"damage_healed":0,"gold_gain":0,"player_choice":"Success","damage_taken":12,"relics_obtained":["Torii"],"max_hp_gain":0,"max_hp_loss":0,"event_name":"Scrap Ooze","floor":3,"gold_loss":0},{"damage_healed":0,"gold_gain":0,"player_choice":"1 cards matched","damage_taken":0,"max_hp_gain":0,"max_hp_loss":0,"event_name":"Match and Keep!","floor":11,"gold_loss":0,"cards_obtained":["Whirlwind"]},{"damage_healed":0,"gold_gain":0,"player_choice":"Shed Blood","damage_taken":19,"max_hp_gain":5,"max_hp_loss":0,"event_name":"Forgotten Altar","floor":19,"gold_loss":0},{"damage_healed":0,"gold_gain":0,"player_choice":"Became a Ghost","damage_taken":0,"max_hp_gain":0,"max_hp_loss":40,"event_name":"Ghosts","floor":20,"gold_loss":0,"cards_obtained":["Ghostly","Ghostly","Ghostly","Ghostly","Ghostly"]},{"damage_healed":0,"gold_gain":0,"player_choice":"Obtained Relic","damage_taken":0,"relics_obtained":["Paper Frog"],"max_hp_gain":0,"max_hp_loss":0,"event_name":"Addict","floor":22,"gold_loss":85},{"damage_healed":0,"gold_gain":0,"player_choice":"Fight","damage_taken":0,"max_hp_gain":0,"max_hp_loss":0,"event_name":"MindBloom","floor":36,"gold_loss":0}],"is_beta":false,"boss_relics":[{"not_picked":["Tiny House","Pandora\u0027s Box"],"picked":"Runic Dome"},{"not_picked":["Astrolabe","SlaversCollar"],"picked":"Philosopher\u0027s Stone"}],"items_purged_floors":[4,21],"is_endless":false,"potions_floor_spawned":[1,5,12,16,24,25,30,35,36,44,47],"ascension_level":14}}