{"host":"36ls4ricihodphgx","time":1609646197,"event":{"mods":["AchievementEnabler","BaseMod","Colored Map","Downfall","Hermit","HololiveMod","Marisa????????","Minty Spire (QoL Compilation)","Replay The Spire","Shop Mod","StSLib","SuperFastMode","The Animator","The Bug Knight","The Cursed","The Servant 0.9.4"],"gold_per_floor":[83,143,143,143,108,108,138,93,118,49,75,90,90,103,103,201,251,263,263,188,206,217,217,234,234,257,284,284,284,284,299,299,396,396,412,288,288,308,308,333,363,375,387,399,260,276,296,306,306,306,306,306,4,36,36,36],"floor_reached":55,"playtime":1687,"items_purged":["Hololive_Psychosis"],"score":810,"play_id":"4924d102-94a0-4d9c-90e9-47d8183cfa96","local_time":"20210102205637","is_ascension_mode":true,"campfire_choices":[{"data":"Hololive_CallHoushouMarine","floor":6,"key":"SMITH"},{"data":"Hololive_CallShiranuiFlare","floor":13,"key":"SMITH"},{"floor":15,"key":"RECALL"},{"data":"Hololive_IdolExercise","floor":23,"key":"SMITH"},{"data":"Hololive_IdolExercise","floor":25,"key":"SMITH"},{"data":"Hololive_CallUruhaRushia","floor":29,"key":"SMITH"},{"data":"Hololive_CallShiroganeNoel","floor":32,"key":"SMITH"},{"data":"Hololive_DurableLive","floor":42,"key":"SMITH"},{"data":"Hololive_ILoveYou","floor":44,"key":"SMITH"},{"data":"Hololive_CocoNews","floor":49,"key":"SMITH"},{"data":"Hololive_CandyCastle","floor":52,"key":"SMITH"}],"circlet_count":0,"master_deck":["Hololive_CallHoushouMarine+1","Hololive_CallShiroganeNoel+1","Hololive_CallUruhaRushia+1","Hololive_CallShiranuiFlare+1","Hololive_CallUsadaPekora+1","Hololive_StrengthChampion+1","Hololive_Strike","Hololive_Strike+1","Hololive_Defend","Hololive_Defend","Hololive_MaximGun+1","Hololive_CallUsadaPekora+1","Hololive_CallShirakamiFubuki","Hololive_CandyCastle+1","Hololive_CocoNews+1","Hololive_ILoveYou+1","Hololive_CandyCastle","Hololive_LuckPotion","Hololive_IdolExercise+1","Hololive_CandyCastle","Hololive_IdolExercise+1","Hololive_DurableLive+1","Hololive_Psychosis+1","Hololive_Rebound","Hololive_CallKiryuuCoco+1","Hololive_DurableLive+1"],"relics":["Hololive_TheStar","Chameleon Ring","FossilizedHelix","Whetstone","Replay:Baseball","Nloth\u0027s Gift","Regal Pillow","Bronze Scales","Anchor","Sozu","MawBank","DollysMirror","HollowMod:PaleOreRelic","Blood Vial","ReplayTheSpireMod:TigerMarble"],"acts_visited":["Exordium","TheCity","TheBeyond","TheEnding"],"potions_floor_usage":[24,27,54],"damage_taken":[{"damage":0,"enemies":"Small Slimes","floor":1,"turns":2},{"damage":0,"enemies":"Replay:BlueRogue","floor":7,"turns":3},{"damage":0,"enemies":"HollowMod:MossKnight","floor":11,"turns":2},{"damage":0,"enemies":"2 Louse","floor":12,"turns":2},{"damage":0,"enemies":"Jaw Worm","floor":14,"turns":4},{"damage":0,"enemies":"The Guardian","floor":16,"turns":5},{"damage":0,"enemies":"Shell Parasite","floor":18,"turns":4},{"damage":0,"enemies":"3 Cultists","floor":21,"turns":5},{"damage":0,"enemies":"Cultist and Chosen","floor":22,"turns":4},{"damage":0,"enemies":"Sentry and Sphere","floor":24,"turns":4},{"damage":0,"enemies":"Slavers","floor":27,"turns":5},{"damage":0,"enemies":"Centurion and Healer","floor":31,"turns":6},{"damage":0,"enemies":"Collector","floor":33,"turns":6},{"damage":0,"enemies":"3 Shapes","floor":35,"turns":3},{"damage":0,"enemies":"Orb Walker","floor":38,"turns":1},{"damage":0,"enemies":"HollowMod:StalkingDevout","floor":40,"turns":4},{"damage":0,"enemies":"3 Darklings","floor":41,"turns":3},{"damage":0,"enemies":"Sphere and 2 Shapes","floor":46,"turns":4},{"damage":0,"enemies":"Writhing Mass","floor":47,"turns":5},{"damage":0,"enemies":"4 Shapes","floor":48,"turns":5},{"damage":0,"enemies":"Replay:Hell Engine","floor":50,"turns":7},{"damage":0,"enemies":"Shield and Spear","floor":54,"turns":5},{"damage":45,"enemies":"The Heart","floor":55,"turns":6}],"seed_played":"2681701739557538090","potions_obtained":[{"floor":2,"key":"Fire Potion"},{"floor":12,"key":"Swift Potion"},{"floor":16,"key":"PowerPotion"},{"floor":31,"key":"Adrenaline Potion"}],"is_trial":false,"path_per_floor":["M","?","?","$","?","R","E","$","T","$","E","M","R","M","R_BF","B",null,"M","?","$","M","M","R","M","R","T","E","?","R","?","M","R","B",null,"M","$","?","M","?","E","M","R","T","R","$","M","M","M","R","B",null,"R","$","E","B"],"character_chosen":"Hololive_HololiveCharacter","items_purchased":["Hololive_CocoNews","Hololive_ILoveYou","Hololive_CandyCastle","Hololive_Rebound","DollysMirror","HollowMod:PaleOreRelic","Blood Vial"],"campfire_rested":0,"item_purchase_floors":[8,10,20,36,45,53,53],"current_hp_per_floor":[26,18,11,11,19,19,19,19,19,19,19,19,19,19,19,19,40,40,40,40,40,40,40,40,40,40,40,35,35,35,35,35,35,45,45,45,43,43,43,43,43,43,43,43,43,43,43,43,43,43,43,43,43,43,0,0],"gold":36,"neow_bonus":"THREE_RARE_CARDS","is_daily":false,"chose_seed":false,"campfire_upgraded":10,"win_rate":0.0,"timestamp":1609646197,"path_taken":["M","?","?","$","?","R","E","?","T","$","E","?","R","M","R_BF","BOSS","M","?","$","?","M","R","M","R","T","E","?","R","?","?","R","BOSS","M","$","?","M","?","E","?","R","T","R","?","M","?","M","R","BOSS","R","$","E","BOSS"],"items_purchased_type":["Card","Card","Card","Card","Relic","Relic","Relic"],"build_version":"2020-12-22","purchased_purges":1,"victory":false,"max_hp_per_floor":[35,35,35,35,35,35,35,35,35,35,35,35,35,35,35,35,40,40,40,40,40,40,40,40,40,40,40,45,45,45,45,45,45,45,45,45,43,43,43,43,43,43,43,43,43,43,43,43,43,43,43,43,43,43,43,43],"card_choices":[{"not_picked":["Hololive_DiamondStrike","Hololive_DDD"],"picked":"Hololive_MaximGun","floor":0},{"not_picked":["Hololive_OvertimeWork","Hololive_Drill","Hololive_CallYukihanaLamy"],"picked":"Hololive_CallUsadaPekora","floor":1},{"not_picked":["Hololive_CallTokoyamiTowa","Hololive_CallTokinoSora","Hololive_Sequa"],"picked":"Hololive_CallShirakamiFubuki","floor":2},{"not_picked":["Hololive_Rebound","Hololive_LuckPotion","Hololive_RevenueBasedLive"],"picked":"Hololive_CandyCastle","floor":7},{"not_picked":["Hololive_CallRosalyn","Hololive_OpenUp","Hololive_CallArtia"],"picked":"Hololive_CandyCastle","floor":11},{"not_picked":["Hololive_CallArtia","Hololive_CallNatsuiroMatsuri","Hololive_RevenueBasedLive"],"picked":"Hololive_LuckPotion","floor":12},{"not_picked":["Hololive_RevenueBasedLive","Hololive_Trident","Hololive_Sequa"],"picked":"Hololive_Psychosis","floor":14},{"not_picked":["Hololive_Thief","Hololive_ScarfAndHalo","Hololive_DurableLive"],"picked":"Hololive_IdolExercise","floor":16},{"not_picked":["Hololive_Psychosis","Hololive_CallDoris","Hololive_Sequa+1","Hololive_Breathe"],"picked":"SKIP","floor":18},{"not_picked":["Hololive_CocoNews","Hololive_StrengthChampion","Hololive_OvertimeWork"],"picked":"Hololive_IdolExercise","floor":21},{"not_picked":["Hololive_Trident","Hololive_Psychosis+1","Hololive_OvertimeWork","Hololive_CocoNews"],"picked":"SKIP","floor":22},{"not_picked":["Hololive_OvertimeWork+1","Hololive_Drill","Hololive_CallUsadaPekora","Hololive_Psychosis"],"picked":"SKIP","floor":24},{"not_picked":["Hololive_SoulCatcher","Hololive_CallUruhaRushia","Hololive_CallMurasakiShion","Hololive_ScarfAndHalo"],"picked":"SKIP","floor":27},{"not_picked":["Hololive_FlyingPonyTail","Hololive_Sequa","Hololive_ILoveYou+1","Hololive_Watashimo+1"],"picked":"SKIP","floor":31},{"not_picked":["Hololive_OpenUp","Hololive_MaximGun","Hololive_DiamondStrike"],"picked":"Hololive_DurableLive","floor":33},{"not_picked":["Hololive_FlyingPonyTail+1","Hololive_Rebound+1","Hololive_CallNatsuiroMatsuri+1"],"picked":"Hololive_Psychosis+1","floor":35},{"not_picked":["Hololive_CallHoushouMarine","Hololive_BeCareful","Hololive_StrengthChampion+1","Hololive_FlyingPonyTail+1"],"picked":"SKIP","floor":38},{"not_picked":["Hololive_Rebirth","Hololive_Trident+1","Hololive_HighAtkLowDef"],"picked":"Hololive_CallKiryuuCoco+1","floor":40},{"not_picked":["Hololive_CallNatsuiroMatsuri","Hololive_Trident+1","Hololive_CallMoonaHoshinova+1","Hololive_CallTsunomakiWatame+1"],"picked":"SKIP","floor":41},{"not_picked":["Hololive_OvertimeWork+1","Hololive_CocoNews","Hololive_FlyingPonyTail+1","Hololive_RevenueBasedLive"],"picked":"SKIP","floor":46},{"not_picked":["Hololive_Trident","Hololive_OvertimeWork","Hololive_HuntDinosaur","Hololive_CallMinatoAqua+1"],"picked":"SKIP","floor":47},{"not_picked":["Hololive_Drill+1","Hololive_ManjiGathering","Hololive_DurableLive","Hololive_CallHimemoriLuna"],"picked":"SKIP","floor":48},{"not_picked":["Hololive_HuntDinosaur+1","Hololive_CallInugamiKorone","Hololive_CallHoushouMarine","Hololive_Thief"],"picked":"SKIP","floor":54}],"player_experience":40111,"relics_obtained":[{"floor":2,"key":"Chameleon Ring"},{"floor":7,"key":"FossilizedHelix"},{"floor":9,"key":"Whetstone"},{"floor":11,"key":"Replay:Baseball"},{"floor":26,"key":"Regal Pillow"},{"floor":27,"key":"Bronze Scales"},{"floor":30,"key":"Anchor"},{"floor":40,"key":"MawBank"},{"floor":54,"key":"ReplayTheSpireMod:TigerMarble"}],"event_choices":[{"damage_healed":0,"gold_gain":0,"player_choice":"Entered Light","damage_taken":7,"max_hp_gain":0,"max_hp_loss":0,"event_name":"Shining Light","floor":3,"gold_loss":0,"cards_upgraded":["Hololive_CallUsadaPekora","Hololive_MaximGun"]},{"damage_healed":8,"gold_gain":0,"player_choice":"Healed","damage_taken":0,"max_hp_gain":0,"max_hp_loss":0,"event_name":"The Cleric","floor":5,"gold_loss":35},{"damage_healed":0,"gold_gain":0,"player_choice":"Traded Relic","damage_taken":0,"relics_obtained":["Nloth\u0027s Gift"],"max_hp_gain":0,"max_hp_loss":0,"event_name":"N\u0027loth","floor":19,"relics_lost":["Tiny House"],"gold_loss":0},{"damage_healed":0,"gold_gain":0,"player_choice":"Shed Blood","damage_taken":10,"max_hp_gain":5,"max_hp_loss":0,"event_name":"Forgotten Altar","floor":28,"gold_loss":0},{"damage_healed":0,"gold_gain":0,"player_choice":"Relic","damage_taken":0,"max_hp_gain":0,"max_hp_loss":0,"event_name":"Wheel of Change","floor":30,"gold_loss":0},{"damage_healed":0,"gold_gain":0,"player_choice":"Max HP","damage_taken":0,"max_hp_gain":0,"max_hp_loss":2,"event_name":"Winding Halls","floor":37,"gold_loss":0},{"damage_healed":0,"gold_gain":0,"player_choice":"Ignored","damage_taken":0,"max_hp_gain":0,"max_hp_loss":0,"event_name":"Mysterious Sphere","floor":39,"gold_loss":0}],"is_beta":false,"boss_relics":[{"not_picked":["Fusion Hammer","Hololive_ChaosS"],"picked":"Tiny House"},{"not_picked":["Busted Crown","Honey Jar"],"picked":"Sozu"}],"items_purged_floors":[36],"is_endless":false,"potions_floor_spawned":[12,16,18,21,31,38,41,47],"killed_by":"The Heart","ascension_level":1}}