{"host":"9tzam4717zt8ei1o","time":1609706307,"event":{"mods":["BaseMod","Colored Map","Keyboard Shortcuts","Minty Spire (QoL Compilation)","Quick Restart","StSLib","SuperFastMode"],"gold_per_floor":[113,113,88,88,46,77,77,112,112,125,125,158,170,184,184,263,263,276,293,137,149,49,49,49,49],"floor_reached":24,"playtime":696,"items_purged":["Strike_G","Strike_G"],"score":528,"play_id":"980e3b5b-bd07-4482-869d-b8ce4fa40b75","local_time":"20210104053827","is_ascension_mode":true,"campfire_choices":[{"data":"Flechettes","floor":11.0,"key":"SMITH"},{"floor":15.0,"key":"REST"},{"data":"Night Terror","floor":23.0,"key":"SMITH"}],"circlet_count":0,"master_deck":["AscendersBane","Strike_G","Strike_G","Strike_G","Defend_G","Defend_G+1","Defend_G","Defend_G","Defend_G","Survivor","Neutralize+1","Escape Plan","Dagger Throw","Flechettes+1","Backflip","After Image","Heel Hook","Poisoned Stab+1","Escape Plan","Eviscerate+1","Calculated Gamble","Night Terror+1","Escape Plan","Tactician","Acrobatics+1"],"relics":["Ring of the Snake","NeowsBlessing","Dream Catcher","Letter Opener","Blue Candle","MealTicket","Molten Egg 2","SacredBark"],"acts_visited":["Exordium","TheCity"],"potions_floor_usage":[],"damage_taken":[{"damage":0.0,"enemies":"Cultist","floor":1.0,"turns":1.0},{"damage":0.0,"enemies":"Lagavulin","floor":6.0,"turns":1.0},{"damage":0.0,"enemies":"3 Sentries","floor":8.0,"turns":1.0},{"damage":4.0,"enemies":"Jaw Worm","floor":10.0,"turns":6.0},{"damage":20.0,"enemies":"Gremlin Nob","floor":12.0,"turns":4.0},{"damage":1.0,"enemies":"2 Louse","floor":13.0,"turns":4.0},{"damage":0.0,"enemies":"Red Slaver","floor":14.0,"turns":4.0},{"damage":5.0,"enemies":"The Guardian","floor":16.0,"turns":13.0},{"damage":19.0,"enemies":"Shell Parasite","floor":18.0,"turns":9.0},{"damage":7.0,"enemies":"Chosen","floor":19.0,"turns":7.0},{"damage":37.0,"enemies":"Snecko","floor":21.0,"turns":6.0},{"damage":24,"enemies":"Gremlin Leader","floor":24,"turns":5}],"seed_played":"-1673793260514854075","potions_obtained":[{"floor":6.0,"key":"EntropicBrew"},{"floor":8.0,"key":"Weak Potion"},{"floor":16.0,"key":"Ancient Potion"},{"floor":19.0,"key":"LiquidBronze"}],"is_trial":false,"path_per_floor":["M","$","$","?","$","E","T","E","T","M","R","E","M","M","R","B",null,"M","M","$","M","$","R","E"],"character_chosen":"THE_SILENT","items_purchased":["Dagger Throw","Flechettes","Tactician"],"campfire_rested":1,"item_purchase_floors":[3,5,20],"current_hp_per_floor":[59,59,59,39,39,39,39,39,39,35,35,15,14,14,33,28,57,38,31,46,9,24,24,0,0],"gold":49,"neow_bonus":"THREE_ENEMY_KILL","is_daily":false,"chose_seed":false,"campfire_upgraded":2,"win_rate":0.0,"timestamp":1609706307,"path_taken":["M","?","$","?","$","E","?","E","T","M","R","E","M","?","R","BOSS","M","M","$","M","$","R","E"],"items_purchased_type":["Card","Card","Card"],"build_version":"2020-12-22","purchased_purges":2,"victory":false,"max_hp_per_floor":[66,66,66,66,66,66,66,66,66,66,66,66,66,66,66,66,66,66,66,66,66,66,66,66,66],"card_choices":[{"not_picked":["Prepared","Bane"],"picked":"Escape Plan","floor":1.0},{"not_picked":["Storm of Steel","Dagger Spray"],"picked":"Backflip","floor":6.0},{"not_picked":["Dagger Spray","PiercingWail"],"picked":"After Image","floor":8.0},{"not_picked":["Heel Hook","Distraction","Dodge and Roll"],"picked":"SKIP","floor":10.0},{"not_picked":["Distraction","Dodge and Roll"],"picked":"Heel Hook","floor":10.0},{"not_picked":["Dagger Throw+1","Envenom"],"picked":"Poisoned Stab+1","floor":12.0},{"not_picked":["Finisher+1","Reflex"],"picked":"Escape Plan","floor":13.0},{"not_picked":["Underhanded Strike+1","Cloak And Dagger"],"picked":"Eviscerate+1","floor":14.0},{"not_picked":["Poisoned Stab+1","Blade Dance"],"picked":"Calculated Gamble","floor":15.0},{"not_picked":["Venomology","Doppelganger"],"picked":"Night Terror","floor":16.0},{"not_picked":["Setup+1","Quick Slash+1"],"picked":"Escape Plan","floor":18.0},{"not_picked":["Cloak And Dagger","Noxious Fumes","Bouncing Flask"],"picked":"SKIP","floor":19.0},{"not_picked":["Blade Dance","Dagger Throw+1"],"picked":"Acrobatics+1","floor":21.0}],"player_experience":151628,"relics_obtained":[{"floor":6.0,"key":"Dream Catcher"},{"floor":7.0,"key":"Letter Opener"},{"floor":8.0,"key":"Blue Candle"},{"floor":9.0,"key":"MealTicket"},{"floor":12.0,"key":"Molten Egg 2"}],"event_choices":[{"damage_healed":0.0,"max_hp_gain":0.0,"max_hp_loss":0.0,"gold_gain":0.0,"event_name":"Shining Light","player_choice":"Entered Light","floor":4.0,"gold_loss":0.0,"damage_taken":20.0,"cards_upgraded":["Defend_G","Neutralize"]}],"is_beta":false,"boss_relics":[{"not_picked":["Velvet Choker","Fusion Hammer"],"picked":"SacredBark"}],"items_purged_floors":[20,22],"is_endless":false,"potions_floor_spawned":[6,8,16,19],"killed_by":"Gremlin Leader","ascension_level":20}}