{"host":"os7ajuuouznx3pj7","time":1609687492,"event":{"mods":["AchievementEnabler","BaseMod","Bestiary","Block Reminder","Colored Map","Colored Powertips","Keyboard Shortcuts","Minty Spire (QoL Compilation)","Quick Restart","Relic Stats","SuperFastMode"],"gold_per_floor":[119,43,43,63,34,34,69,69,69,103,103,103,103,117,117,191,191,202,60,71,121,140,140,140,154,231,247,247,247,247,273,273,273,273],"floor_reached":33,"playtime":3244,"items_purged":["Defend_R"],"score":592,"play_id":"cd3209e4-e64c-4694-a1b7-86c3c2be19aa","local_time":"20210103132452","is_ascension_mode":true,"campfire_choices":[{"data":"Carnage","floor":6.0,"key":"SMITH"},{"data":"True Grit","floor":8.0,"key":"SMITH"},{"data":"Perfected Strike","floor":13.0,"key":"SMITH"},{"floor":15.0,"key":"REST"},{"data":"Perfected Strike","floor":23.0,"key":"SMITH"},{"data":"Pommel Strike","floor":28.0,"key":"SMITH"},{"data":"Offering","floor":30.0,"key":"SMITH"},{"floor":32.0,"key":"REST"}],"circlet_count":0,"master_deck":["AscendersBane","Strike_R","Strike_R","Strike_R","Strike_R+1","Strike_R","Defend_R","Bash","Wild Strike+1","Carnage+1","Thunderclap","True Grit+1","Perfected Strike+1","Perfected Strike+1","Offering+1","Deep Breath","Thunderclap+1","Demon Form","Feed","Pommel Strike+1","Perfected Strike+1"],"relics":["Burning Blood","NeowsBlessing","Singing Bowl","Magic Flower","Anchor","The Courier","Mark of Pain","Blue Candle","Enchiridion","Sundial"],"acts_visited":["Exordium","TheCity"],"potions_floor_usage":[],"damage_taken":[{"damage":0.0,"enemies":"Cultist","floor":1.0,"turns":1.0},{"damage":0.0,"enemies":"2 Louse","floor":4.0,"turns":1.0},{"damage":0.0,"enemies":"3 Sentries","floor":7.0,"turns":1.0},{"damage":54.0,"enemies":"Gremlin Nob","floor":10.0,"turns":5.0},{"damage":0.0,"enemies":"Small Slimes","floor":14.0,"turns":2.0},{"damage":46.0,"enemies":"Slime Boss","floor":16.0,"turns":9.0},{"damage":31.0,"enemies":"3 Byrds","floor":18.0,"turns":6.0},{"damage":1.0,"enemies":"2 Thieves","floor":20.0,"turns":2.0},{"damage":13.0,"enemies":"Centurion and Healer","floor":22.0,"turns":4.0},{"damage":14.0,"enemies":"Snake Plant","floor":25.0,"turns":2.0},{"damage":6.0,"enemies":"Cultist and Chosen","floor":27.0,"turns":3.0},{"damage":14.0,"enemies":"Gremlin Leader","floor":31.0,"turns":3.0},{"damage":79,"enemies":"Champ","floor":33,"turns":6}],"seed_played":"7780432510786694198","potions_obtained":[{"floor":10.0,"key":"Dexterity Potion"},{"floor":20.0,"key":"GamblersBrew"},{"floor":22.0,"key":"Swift Potion"}],"is_trial":false,"path_per_floor":["M","$","?","M","$","R","E","R","T","E","?","T","R","M","R","B",null,"M","$","M","?","M","R","?","M","T","M","R","?","R","E","R","B"],"character_chosen":"IRONCLAD","items_purchased":["Carnage","True Grit","Deep Breath"],"campfire_rested":2,"item_purchase_floors":[2,5,19],"current_hp_per_floor":[74,74,51,57,57,57,65,65,65,20,15,15,15,24,47,10,60,40,40,48,48,46,46,46,41,41,51,51,30,30,25,50,0,0],"gold":273,"neow_bonus":"THREE_ENEMY_KILL","is_daily":false,"chose_seed":false,"campfire_upgraded":6,"win_rate":0.0,"timestamp":1609687492,"path_taken":["M","?","?","M","$","R","E","R","T","E","?","?","R","M","R","BOSS","M","$","M","?","M","R","?","M","T","M","R","?","R","E","R","BOSS"],"items_purchased_type":["Card","Card","Card"],"build_version":"2020-12-22","purchased_purges":1,"victory":false,"max_hp_per_floor":[75,75,75,75,75,75,77,77,77,77,77,77,77,77,77,77,77,79,79,79,79,81,81,81,81,81,86,86,86,86,86,86,86,86],"relic_stats":{"Singing Bowl":8,"counters":[13,45],"Sundial":[2],"Blue Candle":[0],"Magic Flower":[29],"obtain_stats":[{"Anchor":10,"NeowsBlessing":0,"Singing Bowl":7,"Sundial":31,"Blue Candle":26,"Magic Flower":9,"Enchiridion":29,"The Courier":12,"Mark of Pain":17,"Burning Blood":0},{"Anchor":4,"NeowsBlessing":0,"Singing Bowl":3,"Sundial":12,"Blue Candle":10,"Magic Flower":3,"Enchiridion":11,"The Courier":4,"Mark of Pain":6,"Burning Blood":0},{"Anchor":8,"NeowsBlessing":0,"Singing Bowl":3,"Sundial":39,"Blue Candle":33,"Magic Flower":3,"Enchiridion":36,"The Courier":8,"Mark of Pain":19,"Burning Blood":0}],"Burning Blood":99},"card_choices":[{"not_picked":["Clash","Warcry"],"picked":"Wild Strike","floor":1.0},{"not_picked":["Infernal Blade","Inflame"],"picked":"Thunderclap","floor":4.0},{"not_picked":["Thunderclap","Corruption","Disarm"],"picked":"Singing Bowl","floor":7.0},{"not_picked":["Bloodletting","Clothesline"],"picked":"Perfected Strike","floor":10.0},{"not_picked":["Clothesline","Iron Wave"],"picked":"Perfected Strike","floor":14.0},{"not_picked":["Reaper","Barricade"],"picked":"Offering","floor":16.0},{"not_picked":["Flex","Twin Strike","Body Slam"],"picked":"Singing Bowl","floor":18.0},{"not_picked":["Sword Boomerang","Shrug It Off"],"picked":"Thunderclap+1","floor":20.0},{"not_picked":["Searing Blow","Hemokinesis+1","Flex"],"picked":"Singing Bowl","floor":22.0},{"not_picked":["Iron Wave+1","Anger"],"picked":"Pommel Strike","floor":25.0},{"not_picked":["Pommel Strike","Shockwave","Armaments"],"picked":"Singing Bowl","floor":27.0},{"not_picked":["Thunderclap","Reckless Charge"],"picked":"Perfected Strike+1","floor":31.0}],"player_experience":774761,"relics_obtained":[{"floor":7.0,"key":"Singing Bowl"},{"floor":9.0,"key":"Magic Flower"},{"floor":10.0,"key":"Anchor"},{"floor":12.0,"key":"The Courier"},{"floor":26.0,"key":"Blue Candle"},{"floor":29.0,"key":"Enchiridion"},{"floor":31.0,"key":"Sundial"}],"event_choices":[{"damage_healed":0.0,"max_hp_gain":0.0,"max_hp_loss":0.0,"gold_gain":0.0,"event_name":"Shining Light","player_choice":"Entered Light","floor":3.0,"gold_loss":0.0,"damage_taken":23.0,"cards_upgraded":["Wild Strike","Strike_R"]},{"damage_healed":0.0,"max_hp_gain":0.0,"max_hp_loss":0.0,"gold_gain":0.0,"event_name":"Scrap Ooze","player_choice":"Fled","floor":11.0,"gold_loss":0.0,"damage_taken":5.0},{"damage_healed":0.0,"max_hp_gain":0.0,"max_hp_loss":0.0,"gold_gain":50.0,"event_name":"Nest","player_choice":"Stole From Cult","floor":21.0,"gold_loss":0.0,"damage_taken":0.0},{"damage_healed":0.0,"max_hp_gain":0.0,"max_hp_loss":0.0,"gold_gain":0.0,"cards_transformed":["Defend_R","Defend_R"],"event_name":"Drug Dealer","player_choice":"Became Test Subject","floor":24.0,"gold_loss":0.0,"damage_taken":0.0,"cards_obtained":["Demon Form","Feed"]},{"damage_healed":0.0,"max_hp_gain":0.0,"max_hp_loss":0.0,"gold_gain":0.0,"event_name":"Cursed Tome","player_choice":"Obtained Book","floor":29.0,"gold_loss":0.0,"damage_taken":21.0}],"is_beta":false,"boss_relics":[{"not_picked":["Philosopher\u0027s Stone","Runic Pyramid"],"picked":"Mark of Pain"}],"items_purged_floors":[19],"is_endless":false,"potions_floor_spawned":[10,20,22],"killed_by":"Champ","ascension_level":20}}