{"host":"k61zkrqx5zdi0yzo","time":1609634305,"event":{"mods":["AchievementEnabler","BaseMod","Colored Map","Highlight Path","Minty Spire (QoL Compilation)","Permanent Neow","Quick Restart","Rare Cards Sparkle","StSLib","SuperFastMode"],"gold_per_floor":[119,137,156,175,175,210,210,245,245,2,15,15,15,40,40,138,138,155,175,175,31,50,50,65,80,80,80,80,98,98,98,98,196,196,206,219,237,237,237,247,247,4,28,42,42,42,42,62,62,62],"floor_reached":51,"playtime":2282,"items_purged":["Pain","Defend_G"],"score":756,"play_id":"dcba5669-20a7-4873-976a-db395b70aceb","local_time":"20210103093825","is_ascension_mode":true,"campfire_choices":[{"data":"Footwork","floor":7,"key":"SMITH"},{"data":"Apotheosis","floor":12,"key":"SMITH"},{"floor":15,"key":"REST"},{"data":"Infinite Blades","floor":23,"key":"SMITH"},{"data":"Infinite Blades","floor":28,"key":"SMITH"},{"floor":32,"key":"REST"},{"floor":46,"key":"REST"},{"data":"Acrobatics","floor":49,"key":"SMITH"}],"circlet_count":0,"master_deck":["Strike_G","Strike_G","Strike_G","Strike_G","Strike_G","Defend_G","Defend_G","Defend_G","Defend_G","Survivor","Neutralize","Infinite Blades+1","Acrobatics+1","Quick Slash","Dagger Spray","Footwork+1","Apotheosis+1","Underhanded Strike","Blade Dance","Quick Slash","Cloak And Dagger","After Image","Cloak And Dagger","Terror","Infinite Blades+1","Flying Knee+1","Slice+1","Adrenaline","Backflip","Blade Dance+1","Blade Dance+1","Backflip","Adrenaline","Footwork+1","Footwork+1"],"relics":["Philosopher\u0027s Stone","WarpedTongs","Pear","MealTicket","HornCleat","Tingsha","WristBlade","Molten Egg 2","Incense Burner","SlaversCollar","Ornamental Fan","DollysMirror","Dream Catcher"],"acts_visited":["Exordium","TheCity","TheBeyond"],"potions_floor_usage":[4,11,14,14,22,29,29,37,44,50],"damage_taken":[{"damage":0,"enemies":"Jaw Worm","floor":1,"turns":4},{"damage":0,"enemies":"Cultist","floor":2,"turns":4},{"damage":9,"enemies":"2 Louse","floor":3,"turns":3},{"damage":9,"enemies":"Gremlin Gang","floor":4,"turns":5},{"damage":26,"enemies":"Lagavulin","floor":6,"turns":8},{"damage":14,"enemies":"Gremlin Nob","floor":8,"turns":5},{"damage":13,"enemies":"Exordium Thugs","floor":11,"turns":4},{"damage":12,"enemies":"3 Sentries","floor":14,"turns":5},{"damage":62,"enemies":"The Guardian","floor":16,"turns":10},{"damage":28,"enemies":"2 Thieves","floor":18,"turns":4},{"damage":19,"enemies":"Spheric Guardian","floor":19,"turns":4},{"damage":3,"enemies":"Snake Plant","floor":22,"turns":3},{"damage":5,"enemies":"Centurion and Healer","floor":24,"turns":5},{"damage":7,"enemies":"Shelled Parasite and Fungi","floor":25,"turns":3},{"damage":0,"enemies":"Cultist and Chosen","floor":29,"turns":4},{"damage":18,"enemies":"Automaton","floor":33,"turns":8},{"damage":3,"enemies":"Orb Walker","floor":35,"turns":3},{"damage":35,"enemies":"3 Shapes","floor":36,"turns":3},{"damage":13,"enemies":"Spire Growth","floor":37,"turns":4},{"damage":12,"enemies":"Jaw Worm Horde","floor":40,"turns":3},{"damage":5,"enemies":"Transient","floor":44,"turns":5},{"damage":2,"enemies":"Sphere and 2 Shapes","floor":48,"turns":4},{"damage":56,"enemies":"Time Eater","floor":50,"turns":11}],"seed_played":"-8196482156215567673","potions_obtained":[{"floor":2,"key":"Ancient Potion"},{"floor":3,"key":"CunningPotion"},{"floor":8,"key":"Regen Potion"},{"floor":11,"key":"Strength Potion"},{"floor":16,"key":"Weak Potion"},{"floor":18,"key":"GhostInAJar"},{"floor":20,"key":"DistilledChaos"},{"floor":22,"key":"Fire Potion"},{"floor":29,"key":"Regen Potion"},{"floor":40,"key":"ColorlessPotion"},{"floor":44,"key":"Explosive Potion"}],"is_trial":false,"path_per_floor":["M","M","M","M","?","E","R","E","T","$","M","R","$","E","R","B",null,"M","M","?","$","M","R","M","M","T","T","R","M","$","?","R","B",null,"M","M","M","?","?","M","T","$","T","M","?","R","$","M","R","B",null],"character_chosen":"THE_SILENT","items_purchased":["Apotheosis","Underhanded Strike","Blade Dance","Infinite Blades","DollysMirror"],"campfire_rested":3,"item_purchase_floors":[10,10,10,21,42],"current_hp_per_floor":[70,70,61,52,52,36,36,22,22,37,36,36,51,39,63,1,80,52,33,33,48,45,45,40,33,33,33,33,33,48,48,72,54,80,77,42,41,41,41,29,29,44,44,39,39,61,76,74,74,18],"gold":62,"neow_bonus":"BOSS_RELIC","is_daily":false,"chose_seed":false,"campfire_upgraded":5,"win_rate":0.0,"timestamp":1609634305,"path_taken":["M","M","M","M","?","E","R","E","T","$","M","R","?","E","R","BOSS","M","M","?","$","?","R","M","M","T","?","R","M","$","?","R","BOSS","M","M","M","?","?","M","?","$","T","?","?","R","?","M","R","BOSS"],"items_purchased_type":["Card","Card","Card","Card","Relic"],"build_version":"2020-12-22","purchased_purges":2,"victory":true,"max_hp_per_floor":[70,70,70,70,70,80,80,80,80,80,80,80,80,80,80,80,80,80,80,80,80,80,80,80,80,80,80,80,80,80,80,80,80,80,80,80,80,76,76,76,76,76,76,76,76,76,76,76,76,76],"card_choices":[{"not_picked":["Bane","Outmaneuver"],"picked":"Infinite Blades","floor":1},{"not_picked":["Tactician","Dodge and Roll"],"picked":"Acrobatics","floor":2},{"not_picked":["Calculated Gamble","Distraction"],"picked":"Quick Slash","floor":3},{"not_picked":["Calculated Gamble","Envenom"],"picked":"Dagger Spray","floor":4},{"not_picked":["Acrobatics","All Out Attack"],"picked":"Footwork","floor":6},{"not_picked":["Expertise","Backflip"],"picked":"Noxious Fumes","floor":8},{"not_picked":["Underhanded Strike","Leg Sweep"],"picked":"Quick Slash","floor":11},{"not_picked":["Crippling Poison","Outmaneuver"],"picked":"Cloak And Dagger","floor":14},{"not_picked":["Burst","Wraith Form v2"],"picked":"After Image","floor":16},{"not_picked":["Calculated Gamble","Flying Knee"],"picked":"Cloak And Dagger","floor":18},{"not_picked":["Eviscerate","Deflect"],"picked":"Terror","floor":19},{"not_picked":["Outmaneuver","Bane+1","Sucker Punch"],"picked":"SKIP","floor":22},{"not_picked":["Dodge and Roll","Choke+1","Dagger Spray"],"picked":"SKIP","floor":24},{"not_picked":["Dagger Spray","Sucker Punch"],"picked":"Flying Knee+1","floor":25},{"not_picked":["Backflip","Acrobatics"],"picked":"Slice+1","floor":29},{"not_picked":["Unload+1","Bullet Time"],"picked":"Adrenaline","floor":33},{"not_picked":["Dagger Throw+1","Underhanded Strike+1"],"picked":"Backflip","floor":35},{"not_picked":["Blur","All Out Attack+1"],"picked":"Blade Dance+1","floor":36},{"not_picked":["Backstab+1","Tactician"],"picked":"Blade Dance+1","floor":37},{"not_picked":["Acrobatics","Adrenaline"],"picked":"Backflip","floor":40},{"not_picked":["PiercingWail","Backflip"],"picked":"Footwork+1","floor":44},{"not_picked":["Terror","Backstab+1"],"picked":"Footwork+1","floor":46},{"not_picked":["Flying Knee+1","Dagger Spray+1","Backstab+1"],"picked":"SKIP","floor":48}],"player_experience":12560,"relics_obtained":[{"floor":6,"key":"Pear"},{"floor":8,"key":"MealTicket"},{"floor":9,"key":"HornCleat"},{"floor":14,"key":"Tingsha"},{"floor":26,"key":"Molten Egg 2"},{"floor":27,"key":"Incense Burner"},{"floor":41,"key":"Ornamental Fan"},{"floor":43,"key":"Dream Catcher"}],"event_choices":[{"damage_healed":0,"gold_gain":0,"player_choice":"Rummage","damage_taken":0,"relics_obtained":["WarpedTongs"],"max_hp_gain":0,"max_hp_loss":0,"event_name":"Accursed Blacksmith","floor":5,"gold_loss":0,"cards_obtained":["Pain"]},{"damage_healed":0,"gold_gain":0,"player_choice":"Got Potions","damage_taken":0,"max_hp_gain":0,"max_hp_loss":0,"event_name":"Lab","floor":20,"gold_loss":0},{"damage_healed":0,"gold_gain":0,"player_choice":"Ignored","damage_taken":0,"max_hp_gain":0,"max_hp_loss":0,"event_name":"N\u0027loth","floor":31,"gold_loss":0},{"damage_healed":0,"gold_gain":0,"player_choice":"Max HP","damage_taken":0,"max_hp_gain":0,"max_hp_loss":4,"event_name":"Winding Halls","floor":38,"gold_loss":0},{"damage_healed":0,"gold_gain":0,"player_choice":"Ignored","damage_taken":0,"max_hp_gain":0,"max_hp_loss":0,"event_name":"Tomb of Lord Red Mask","floor":39,"gold_loss":0},{"cards_removed":["Noxious Fumes"],"damage_healed":0,"gold_gain":0,"player_choice":"Removed Power","damage_taken":0,"max_hp_gain":0,"max_hp_loss":0,"event_name":"Falling","floor":45,"gold_loss":0}],"is_beta":false,"boss_relics":[{"not_picked":["Snecko Eye","Fusion Hammer"],"picked":"WristBlade"},{"not_picked":["HoveringKite","Cursed Key"],"picked":"SlaversCollar"}],"items_purged_floors":[21,42],"is_endless":false,"potions_floor_spawned":[2,3,8,11,16,18,22,29,40,44],"ascension_level":2}}