{"host":"1u4zr9vl8my47i07","time":1609706950,"event":{"mods":["AchievementEnabler","BaseMod","DeckTracker","Highlight Path","Keyboard Shortcuts","Minty Spire (QoL Compilation)","Relic Stats","StSLib","SuperFastMode","The Animator","Uncapped","Waifu the Spire","everything is the same but u backflip on backflip"],"gold_per_floor":[16,16,34,51,70,70,103,125,125,125,125,125,150,30,30,124,124,140,160,160,180,180,180,199,199,199,240,253,253,274,274,274,365,365,386,444,444,463,180,180,196,196,196,209,222,222,22,22,22,22],"floor_reached":51,"playtime":2497,"items_purged":["Strike_R","Sword Boomerang","Shame"],"score":1242,"play_id":"a446a5be-a222-4c09-9956-81d3601fda73","local_time":"20210104054910","is_ascension_mode":true,"campfire_choices":[{"data":"Clothesline","floor":6.0,"key":"SMITH"},{"data":"Offering","floor":12.0,"key":"SMITH"},{"data":"Armaments","floor":15.0,"key":"SMITH"},{"data":"Body Slam","floor":23.0,"key":"SMITH"},{"data":"Battle Trance","floor":25.0,"key":"SMITH"},{"data":"Shrug It Off","floor":29.0,"key":"SMITH"},{"data":"Barricade","floor":32.0,"key":"SMITH"},{"data":"Impervious","floor":40.0,"key":"SMITH"},{"data":"PanicButton","floor":46.0,"key":"SMITH"},{"data":"Shrug It Off","floor":49.0,"key":"SMITH"}],"circlet_count":0,"master_deck":["AscendersBane","Defend_R","Defend_R","Defend_R","Clothesline+1","Offering+1","Dropkick","Thunderclap","Armaments+1","Barricade+1","Body Slam+1","Impervious+1","Battle Trance+1","Bite","Bite","Bite","Bite","Bite","Sword Boomerang","Juggernaut","Shrug It Off+1","Shrug It Off+1","Pommel Strike","Double Tap","Dark Shackles","PanicButton+1","Panacea","Seeing Red+1"],"relics":["Burning Blood","TungstenRod","Meat on the Bone","Odd Mushroom","Bottled Lightning","Golden Idol","FaceOfCleric","Empty Cage","Ancient Tea Set","Eternal Feather","Cursed Key","FossilizedHelix","Toxic Egg 2"],"acts_visited":["Exordium","TheCity","TheBeyond"],"potions_floor_usage":[50,50,50,50],"damage_taken":[{"damage":9.0,"enemies":"Small Slimes","floor":1.0,"turns":4.0},{"damage":0.0,"enemies":"Cultist","floor":3.0,"turns":4.0},{"damage":7.0,"enemies":"Jaw Worm","floor":4.0,"turns":3.0},{"damage":11.0,"enemies":"3 Louse","floor":5.0,"turns":4.0},{"damage":32.0,"enemies":"Lagavulin","floor":7.0,"turns":6.0},{"damage":9.0,"enemies":"The Mushroom Lair","floor":8.0,"turns":4.0},{"damage":10.0,"enemies":"Exordium Thugs","floor":13.0,"turns":3.0},{"damage":5.0,"enemies":"The Guardian","floor":16.0,"turns":10.0},{"damage":24.0,"enemies":"Spheric Guardian","floor":18.0,"turns":11.0},{"damage":9.0,"enemies":"3 Byrds","floor":19.0,"turns":6.0},{"damage":5.0,"enemies":"Snake Plant","floor":21.0,"turns":1.0},{"damage":5.0,"enemies":"3 Cultists","floor":24.0,"turns":6.0},{"damage":33.0,"enemies":"Slavers","floor":27.0,"turns":10.0},{"damage":14.0,"enemies":"Snecko","floor":28.0,"turns":6.0},{"damage":5.0,"enemies":"Snake Plant","floor":30.0,"turns":4.0},{"damage":76.0,"enemies":"Collector","floor":33.0,"turns":19.0},{"damage":28.0,"enemies":"3 Shapes","floor":35.0,"turns":4.0},{"damage":0.0,"enemies":"2 Orb Walkers","floor":36.0,"turns":1.0},{"damage":20.0,"enemies":"Orb Walker","floor":38.0,"turns":5.0},{"damage":22.0,"enemies":"Maw","floor":41.0,"turns":8.0},{"damage":0.0,"enemies":"Jaw Worm Horde","floor":44.0,"turns":6.0},{"damage":12.0,"enemies":"4 Shapes","floor":45.0,"turns":7.0},{"damage":64,"enemies":"Time Eater","floor":50,"turns":20}],"seed_played":"1073537750661979311","potions_obtained":[{"floor":3.0,"key":"Strength Potion"},{"floor":8.0,"key":"Explosive Potion"},{"floor":13.0,"key":"Fire Potion"},{"floor":16.0,"key":"SkillPotion"},{"floor":24.0,"key":"SkillPotion"},{"floor":28.0,"key":"SkillPotion"},{"floor":36.0,"key":"LiquidBronze"},{"floor":41.0,"key":"EntropicBrew"},{"floor":45.0,"key":"DuplicationPotion"}],"is_trial":false,"path_per_floor":["M","?","M","M","M","R","E","?","T","?","?","R","M","$","R","B",null,"M","M","?","M","?","R","M","R","T","E","M","R","M","?","R","B",null,"M","?","?","M","$","R","M","?","T","M","M","R","$","?","R","B",null],"character_chosen":"IRONCLAD","items_purchased":["Body Slam","Fruit Juice","ElixirPotion","Seeing Red+1"],"campfire_rested":0,"item_purchase_floors":[14,39,39,47],"current_hp_per_floor":[69,69,75,74,69,69,43,52,52,52,52,52,49,49,49,51,70,53,51,51,55,55,55,56,56,56,49,58,58,59,59,59,42,56,45,52,52,48,53,65,61,52,52,68,71,71,71,67,67,34],"gold":22,"neow_bonus":"ONE_RARE_RELIC","is_daily":false,"chose_seed":false,"campfire_upgraded":10,"win_rate":0.0,"timestamp":1609706950,"path_taken":["M","?","M","?","M","R","E","?","T","?","?","R","?","?","R","BOSS","M","M","?","M","?","R","M","R","T","E","M","R","?","?","R","BOSS","M","?","?","M","$","R","M","?","T","M","M","R","$","?","R","BOSS"],"items_purchased_type":["Card","Potion","Potion","Card"],"build_version":"2020-12-22","purchased_purges":3,"victory":true,"max_hp_per_floor":[80,80,80,80,80,80,80,80,80,74,74,74,75,75,75,76,76,77,78,54,55,55,55,56,56,56,57,58,58,59,59,59,60,60,61,62,62,63,68,68,69,69,69,70,71,71,71,67,67,68],"relic_stats":{"FaceOfCleric":17,"counters":[23,152],"Golden Idol":120,"Eternal Feather":12,"Cursed Key":1,"obtain_stats":[{"Golden Idol":10,"Eternal Feather":27,"Odd Mushroom":8,"Empty Cage":17,"Ancient Tea Set":26,"Cursed Key":34,"Burning Blood":0,"FaceOfCleric":11,"Bottled Lightning":9,"Toxic Egg 2":43,"TungstenRod":0,"FossilizedHelix":36,"Meat on the Bone":7},{"Golden Idol":6,"Eternal Feather":13,"Odd Mushroom":6,"Empty Cage":8,"Ancient Tea Set":12,"Cursed Key":16,"Burning Blood":0,"FaceOfCleric":6,"Bottled Lightning":6,"Toxic Egg 2":20,"TungstenRod":0,"FossilizedHelix":18,"Meat on the Bone":5},{"Golden Idol":25,"Eternal Feather":72,"Odd Mushroom":25,"Empty Cage":38,"Ancient Tea Set":62,"Cursed Key":101,"Burning Blood":0,"FaceOfCleric":25,"Bottled Lightning":25,"Toxic Egg 2":119,"TungstenRod":0,"FossilizedHelix":106,"Meat on the Bone":21}],"Burning Blood":127,"TungstenRod":96,"Meat on the Bone":36},"card_choices":[{"not_picked":["Warcry","Burning Pact"],"picked":"Sword Boomerang","floor":1.0},{"not_picked":["Inflame","Fire Breathing"],"picked":"Clothesline","floor":3.0},{"not_picked":["Armaments","Perfected Strike"],"picked":"Offering","floor":4.0},{"not_picked":["Warcry","Spot Weakness"],"picked":"Dropkick","floor":5.0},{"not_picked":["Perfected Strike","Demon Form"],"picked":"Thunderclap","floor":7.0},{"not_picked":["Thunderclap","Anger"],"picked":"Armaments","floor":8.0},{"not_picked":["Combust","Armaments"],"picked":"Barricade","floor":13.0},{"not_picked":["Fiend Fire","Offering"],"picked":"Impervious","floor":16.0},{"not_picked":["Warcry","Wild Strike","Havoc"],"picked":"SKIP","floor":18.0},{"not_picked":["Combust","Thunderclap"],"picked":"Battle Trance","floor":19.0},{"not_picked":["Perfected Strike","Wild Strike","Heavy Blade+1"],"picked":"SKIP","floor":21.0},{"not_picked":["Dark Embrace","Flex"],"picked":"Juggernaut","floor":24.0},{"not_picked":["Sword Boomerang","Heavy Blade"],"picked":"Shrug It Off","floor":27.0},{"not_picked":["Perfected Strike+1","Pummel"],"picked":"Shrug It Off","floor":28.0},{"not_picked":["Sever Soul","Havoc","Twin Strike"],"picked":"SKIP","floor":30.0},{"not_picked":["Feed","Limit Break"],"picked":"Double Tap","floor":33.0},{"not_picked":["Perfected Strike+1","Pommel Strike+1","Combust"],"picked":"SKIP","floor":35.0},{"not_picked":["Iron Wave","Ghostly Armor+1","Reckless Charge"],"picked":"SKIP","floor":38.0},{"not_picked":["Shrug It Off","Whirlwind","Havoc"],"picked":"SKIP","floor":41.0},{"not_picked":["Deep Breath","Impatience"],"picked":"Dark Shackles","floor":42.0},{"not_picked":["Dramatic Entrance","Transmutation"],"picked":"PanicButton","floor":42.0},{"not_picked":["Thinking Ahead","Enlightenment"],"picked":"Panacea","floor":42.0},{"not_picked":["Clothesline","Iron Wave","Cleave+1"],"picked":"SKIP","floor":44.0},{"not_picked":["Pommel Strike","Dropkick","Dark Embrace"],"picked":"SKIP","floor":45.0}],"player_experience":256495,"relics_obtained":[{"floor":7.0,"key":"Meat on the Bone"},{"floor":8.0,"key":"Odd Mushroom"},{"floor":9.0,"key":"Bottled Lightning"},{"floor":26.0,"key":"Ancient Tea Set"},{"floor":27.0,"key":"Eternal Feather"},{"floor":36.0,"key":"FossilizedHelix"},{"floor":43.0,"key":"Toxic Egg 2"}],"event_choices":[{"cards_removed":["Strike_R"],"damage_healed":0.0,"max_hp_gain":0.0,"max_hp_loss":0.0,"gold_gain":0.0,"event_name":"Bonfire Elementals","player_choice":"Offered Basic","floor":2.0,"gold_loss":0.0,"damage_taken":0.0},{"damage_healed":0.0,"max_hp_gain":0.0,"max_hp_loss":0.0,"gold_gain":0.0,"event_name":"Mushrooms","player_choice":"Fought Mushrooms","floor":8.0,"gold_loss":0.0,"damage_taken":0.0},{"damage_healed":0.0,"max_hp_gain":0.0,"max_hp_loss":6.0,"gold_gain":0.0,"event_name":"Golden Idol","player_choice":"Lose Max HP","floor":10.0,"gold_loss":0.0,"damage_taken":0.0,"relics_obtained":["Golden Idol"]},{"damage_healed":0.0,"max_hp_gain":0.0,"max_hp_loss":0.0,"gold_gain":0.0,"event_name":"FaceTrader","player_choice":"Trade","floor":11.0,"gold_loss":0.0,"damage_taken":0.0,"relics_obtained":["FaceOfCleric"]},{"damage_healed":0.0,"max_hp_gain":0.0,"max_hp_loss":24.0,"gold_gain":0.0,"event_name":"Vampires","player_choice":"Became a vampire","floor":20.0,"gold_loss":0.0,"damage_taken":0.0,"cards_obtained":["Bite","Bite","Bite","Bite","Bite"]},{"damage_healed":0.0,"max_hp_gain":0.0,"max_hp_loss":0.0,"gold_gain":0.0,"cards_transformed":["Bash"],"event_name":"Transmorgrifier","player_choice":"Transformed","floor":22.0,"gold_loss":0.0,"damage_taken":0.0,"cards_obtained":["Sword Boomerang"]},{"damage_healed":0.0,"max_hp_gain":0.0,"max_hp_loss":0.0,"gold_gain":0.0,"event_name":"The Library","player_choice":"Read","floor":31.0,"gold_loss":0.0,"damage_taken":0.0,"cards_obtained":["Pommel Strike"]},{"damage_healed":0.0,"max_hp_gain":0.0,"max_hp_loss":0.0,"gold_gain":0.0,"event_name":"Mysterious Sphere","player_choice":"Fight","floor":36.0,"gold_loss":0.0,"damage_taken":0.0},{"cards_removed":["Defend_R"],"damage_healed":0.0,"max_hp_gain":0.0,"max_hp_loss":0.0,"gold_gain":0.0,"event_name":"Falling","player_choice":"Removed Skill","floor":37.0,"gold_loss":0.0,"damage_taken":0.0},{"damage_healed":0.0,"max_hp_gain":0.0,"max_hp_loss":0.0,"gold_gain":0.0,"event_name":"SensoryStone","player_choice":"Memory 3","floor":42.0,"gold_loss":0.0,"damage_taken":10.0},{"damage_healed":0.0,"max_hp_gain":0.0,"max_hp_loss":4.0,"gold_gain":0.0,"event_name":"Winding Halls","player_choice":"Max HP","floor":48.0,"gold_loss":0.0,"damage_taken":0.0}],"is_beta":false,"boss_relics":[{"not_picked":["Black Star","Velvet Choker"],"picked":"Empty Cage"},{"not_picked":["Runic Dome","Pandora\u0027s Box"],"picked":"Cursed Key"}],"items_purged_floors":[14,39,47],"is_endless":false,"potions_floor_spawned":[3,8,13,16,18,24,28,36,41,44,45],"ascension_level":13}}