{"host":"gg","time":1609666589,"event":{"mods":["BaseMod","Colored Map","Googly Eyes","Minty Spire (QoL Compilation)","Permanent Neow","Relic Stats","The IronCluck"],"gold_per_floor":[118,138,138,158,173,173,1,1,46,75,95,125,144,199,199,199,199],"floor_reached":16,"playtime":574,"items_purged":[],"score":224,"play_id":"3789cfde-e9a7-41c4-8530-049e21625426","local_time":"20210103013629","is_ascension_mode":true,"campfire_choices":[{"data":"Bash","floor":6,"key":"SMITH"},{"data":"Limit Break","floor":15,"key":"SMITH"}],"circlet_count":0,"master_deck":["AscendersBane","Strike_R","Strike_R","Strike_R","Defend_R","Defend_R","Defend_R","Defend_R","Bash+1","Cleave","Thunderclap","Spot Weakness","Wild Strike","Clothesline","Limit Break+1","Pommel Strike","Whirlwind","Hemokinesis","Anger"],"relics":["Black Star","Omamori","Toy Ornithopter","MealTicket","Boot","Anchor","Toxic Egg 2","Bag of Marbles"],"acts_visited":["Exordium"],"potions_floor_usage":[10,10,14,14,16],"damage_taken":[{"damage":21,"enemies":"Jaw Worm","floor":1,"turns":7},{"damage":1,"enemies":"Cultist","floor":2,"turns":3},{"damage":1,"enemies":"2 Louse","floor":4,"turns":2},{"damage":13,"enemies":"Red Slaver","floor":5,"turns":3},{"damage":5,"enemies":"3 Sentries","floor":10,"turns":3},{"damage":10,"enemies":"Large Slime","floor":11,"turns":6},{"damage":8,"enemies":"Gremlin Nob","floor":12,"turns":3},{"damage":0,"enemies":"Gremlin Gang","floor":13,"turns":2},{"damage":22,"enemies":"3 Sentries","floor":14,"turns":6},{"damage":18,"enemies":"Hexaghost","floor":16,"turns":7}],"seed_played":"-6375198522359413005","potions_obtained":[{"floor":1,"key":"DuplicationPotion"},{"floor":2,"key":"Energy Potion"},{"floor":11,"key":"Fire Potion"},{"floor":13,"key":"Fruit Juice"},{"floor":14,"key":"Energy Potion"}],"is_trial":false,"path_per_floor":["M","M","?","M","M","R","$","?","T","E","M","E","M","?","R","B"],"character_chosen":"IRONCLAD","items_purchased":["Omamori"],"campfire_rested":0,"item_purchase_floors":[7],"current_hp_per_floor":[47,46,46,45,32,32,32,32,32,37,27,19,19,12,12,0,0],"gold":199,"neow_bonus":"BOSS_RELIC","is_daily":false,"chose_seed":false,"campfire_upgraded":2,"win_rate":0.0,"timestamp":1609666589,"path_taken":["M","M","?","M","M","R","?","?","T","E","?","E","M","?","R","BOSS"],"items_purchased_type":["Relic"],"build_version":"2020-12-18","purchased_purges":0,"victory":false,"max_hp_per_floor":[75,75,75,75,75,75,75,75,75,75,75,75,75,80,80,80,80],"relic_stats":{"counters":[10,42],"MealTicket":0,"Black Star":2,"Boot":[9],"obtain_stats":[{"Anchor":12,"MealTicket":10,"Black Star":0,"Omamori":7,"Bag of Marbles":14,"Toxic Egg 2":12,"Boot":10,"Burning Blood":0,"Toy Ornithopter":9},{"Anchor":7,"MealTicket":5,"Black Star":0,"Omamori":4,"Bag of Marbles":9,"Toxic Egg 2":7,"Boot":5,"Burning Blood":0,"Toy Ornithopter":4},{"Anchor":27,"MealTicket":18,"Black Star":0,"Omamori":15,"Bag of Marbles":35,"Toxic Egg 2":27,"Boot":18,"Burning Blood":0,"Toy Ornithopter":15}],"Toy Ornithopter":25},"card_choices":[{"not_picked":["Heavy Blade","Perfected Strike"],"picked":"Cleave","floor":1},{"not_picked":["Second Wind","Clash"],"picked":"Thunderclap","floor":2},{"not_picked":["Headbutt","Body Slam"],"picked":"Wild Strike","floor":4},{"not_picked":["Thunderclap","Perfected Strike"],"picked":"Clothesline","floor":5},{"not_picked":["Juggernaut","Spot Weakness"],"picked":"Limit Break","floor":10},{"not_picked":["Iron Wave","Body Slam"],"picked":"Pommel Strike","floor":11},{"not_picked":["Iron Wave","Perfected Strike"],"picked":"Whirlwind","floor":12},{"not_picked":["Whirlwind","Wild Strike"],"picked":"Hemokinesis","floor":13},{"not_picked":["Thunderclap","Havoc+1"],"picked":"Anger","floor":14}],"player_experience":1018097,"relics_obtained":[{"floor":9,"key":"Toy Ornithopter"},{"floor":10,"key":"MealTicket"},{"floor":10,"key":"Boot"},{"floor":12,"key":"Anchor"},{"floor":12,"key":"Toxic Egg 2"},{"floor":14,"key":"Bag of Marbles"}],"event_choices":[{"damage_healed":0,"gold_gain":0,"cards_transformed":["Strike_R"],"player_choice":"Transformed","damage_taken":0,"max_hp_gain":0,"max_hp_loss":0,"event_name":"Transmorgrifier","floor":3,"gold_loss":0,"cards_obtained":["Spot Weakness"]},{"cards_removed":["Strike_R"],"damage_healed":0,"gold_gain":0,"player_choice":"Offered Basic","damage_taken":0,"max_hp_gain":0,"max_hp_loss":0,"event_name":"Bonfire Elementals","floor":8,"gold_loss":0},{"damage_healed":0,"gold_gain":30,"player_choice":"Searched \u00272\u0027 times","damage_taken":0,"max_hp_gain":0,"max_hp_loss":0,"event_name":"Dead Adventurer","floor":14,"gold_loss":0}],"is_beta":true,"boss_relics":[],"items_purged_floors":[],"is_endless":false,"potions_floor_spawned":[1,2,11,13,14],"killed_by":"Hexaghost","ascension_level":20}}