{"host":"pcbz64t4k17ey4z1","time":1609692970,"event":{"mods":["2.2 Compatiblity","AchievementEnabler","Act Like it!","Aspiration","BaseMod","Beaked The Cultist","Better Match","BetterRewards","Card Forge","Colored Map","Colored Powertips","Conspire","Disable Question Mark Monsters","Fireblade Mod","Friendly Minions","GifTheSpireLib","Glutton Mod","Googly Eyes","Hermit","Hubris","Infinite Spire","Koishi","Marisa????????","Minty Spire (QoL Compilation)","Permanent Neow","Potionbrewer","Quick Restart","Random Character Button","Rare Cards Sparkle","Relic Filter","Replay The Spire","Shade Mod","Shop Mod","Small Relic Pack","StSLib","Stuff the Spire","SuperFastMode","The Animator","The Cursed","The Druid","The Gatherer","The Hierophant","The IronCluck","The Runesmith","Waifu the Spire","Wandering Minibosses","vexMod"],"gold_per_floor":[115,115,132,144,144,176,189,218,218,218,232,264,264,290,290,394,444,458,458,55,855,868,899,916,945,945,971,990,990,990,990],"floor_reached":29,"playtime":1605,"items_purged":[],"score":471,"play_id":"73ce2da7-b994-41fa-bdfc-ec8505512c36","local_time":"20210103165610","is_ascension_mode":true,"metric_token":3025,"campfire_choices":[{"data":"Gatherer:FlowerShield","floor":10,"key":"SMITH"},{"data":"Gatherer:FlowerShield+1","floor":15,"key":"SMITH"}],"circlet_count":0,"master_deck":["Gatherer:Strike_Gatherer+1","Gatherer:Defend_Gatherer+1","Gatherer:Defend_Gatherer+1","Gatherer:Defend_Gatherer+1","Gatherer:Centralize+1","Gatherer:FlowerWhip+1","Gatherer:Convert+1","Gatherer:FragileHammer","Gatherer:ColorfulGarden+1","Gatherer:CollectorsShot","Gatherer:BalancedGrowth","Gatherer:FlowerShield+2","Gatherer:VenomBarrier","infinitespire:Menacing","Gatherer:FruitForce","Gatherer:PoisonMastery","Gatherer:FlowerPower","Gatherer:SpareBottle","Gatherer:AlchemyTrial","Gatherer:AlchemyTrial","Good Instincts","Gatherer:SmartManeuver","Gatherer:ScherryThrow","Gatherer:Overflowing","Gatherer:Liquidism","Gatherer:BalancedGrowth"],"relics":["Gatherer:AlchemyBag","Hammer of Thor","Seething Fire","Anvil of the Gods","aspiration:Nostalgia","Sizzling Blood","hubris:MobiusCoin","StuffTheSpire:Tea","aspiration:FetidBarrel","aspiration:EmptySkull","Ginger","aspiration:RandomNobGenerator","Chameleon Ring","aspiration:SeaSaltIceCream","wanderingMiniBosses:MasterThiefsPresence","Simple Rune","Art of War","Counterbalance","StuffTheSpire:DarkSteelAnvil"],"acts_visited":["Exordium","TheCity"],"potions_floor_usage":[6,8,16,18,18,22,22,22,24],"damage_taken":[{"damage":0,"enemies":"Jaw Worm","floor":1,"turns":2},{"damage":0,"enemies":"2 Louse","floor":3,"turns":2},{"damage":0,"enemies":"Cultist","floor":4,"turns":3},{"damage":0,"enemies":"Lagavulin","floor":6,"turns":8},{"damage":1,"enemies":"Red Slaver","floor":7,"turns":2},{"damage":33,"enemies":"Gremlin Nob","floor":8,"turns":4},{"damage":0,"enemies":"Exordium Thugs","floor":11,"turns":5},{"damage":3,"enemies":"3 Sentries","floor":12,"turns":8},{"damage":0,"enemies":"Lagavulin","floor":14,"turns":8},{"damage":6,"enemies":"The Guardian","floor":16,"turns":9},{"damage":0,"enemies":"3 Byrds","floor":18,"turns":8},{"damage":0,"enemies":"2 Thieves","floor":22,"turns":3},{"damage":12,"enemies":"Book of Stabbing","floor":23,"turns":5},{"damage":16,"enemies":"Snecko","floor":24,"turns":6},{"damage":0,"enemies":"Nightmare","floor":25,"turns":5},{"damage":12,"enemies":"Slavers","floor":27,"turns":5},{"damage":2,"enemies":"3 Cultists","floor":28,"turns":4},{"damage":74,"enemies":"Cultist and Chosen","floor":29,"turns":5}],"seed_played":"-2370619919389888536","potions_obtained":[{"floor":1,"key":"Dexterity Potion"},{"floor":7,"key":"Energy Potion"},{"floor":8,"key":"potionbrewer:CleansingPotion"},{"floor":14,"key":"Weak Potion"},{"floor":16,"key":"Explosive Potion"},{"floor":18,"key":"EntropicBrew"},{"floor":27,"key":"potionbrewer:AcidPotion"}],"is_trial":false,"path_per_floor":["M","?","M","M","?","E","M","E","T","R","M","E","?","E","R","B",null,"M","?","$","AVR","M","E","M","NM","T","E","M","M"],"character_chosen":"THE_GATHERER","items_purchased":["Chameleon Ring","Gatherer:AlchemyTrial","Good Instincts"],"campfire_rested":0,"item_purchase_floors":[20,20,20],"current_hp_per_floor":[76,76,76,76,76,76,76,47,47,47,51,52,52,60,60,58,80,80,80,80,80,80,72,60,64,64,56,58,0,0,0],"gold":990,"neow_bonus":"NOSTALGIA","is_daily":false,"chose_seed":false,"campfire_upgraded":2,"win_rate":0.0,"timestamp":1609692970,"path_taken":["M","?","M","M","?","E","M","E","T","R","M","E","?","E","R","BOSS","M","?","?","AVR","?","E","M","NM","T","E","?","?"],"items_purchased_type":["Relic","Card","Card"],"build_version":"2020-12-22","purchased_purges":0,"victory":false,"max_hp_per_floor":[76,76,76,76,76,76,76,76,76,76,76,76,76,80,80,80,80,80,80,80,80,80,80,80,80,80,80,80,80,80,80],"card_choices":[{"not_picked":["Gatherer:Uplift","Gatherer:BambuSword"],"picked":"Gatherer:Convert","floor":1},{"not_picked":["Gatherer:SaveValuables","Gatherer:ScherryThrow"],"picked":"Gatherer:FragileHammer","floor":3},{"not_picked":["Gatherer:QuickSynthesis","Gatherer:GatherMaterial"],"picked":"Gatherer:ColorfulGarden","floor":4},{"not_picked":["Gatherer:EchoOfNature","Gatherer:TacticalStrike"],"picked":"Gatherer:CollectorsShot","floor":6},{"not_picked":["Gatherer:Solidify","Gatherer:Duality"],"picked":"Gatherer:BalancedGrowth","floor":7},{"not_picked":["Gatherer:Convert","Gatherer:WoolGloves"],"picked":"Gatherer:FlowerShield","floor":8},{"not_picked":["Gatherer:WoolGloves","Gatherer:SaveValuables"],"picked":"Gatherer:VenomBarrier","floor":11},{"not_picked":["Gatherer:Herbalism","Gatherer:MiningStrike"],"picked":"Gatherer:QuickSynthesis","floor":12},{"not_picked":["infinitespire:Oblivion","ReplayTheSpireMod:??????????????????????"],"picked":"infinitespire:Menacing","floor":13},{"not_picked":["Gatherer:AromaProtection","Gatherer:CollectorsShot"],"picked":"Gatherer:FruitForce","floor":14},{"not_picked":["Gatherer:GrowBook","Gatherer:FlamingBottle"],"picked":"Gatherer:PoisonMastery","floor":16},{"not_picked":["Gatherer:PotentialSlash","Gatherer:SaveValuables+1"],"picked":"Gatherer:FlowerPower","floor":18},{"not_picked":["Gatherer:AcidicSpray","Gatherer:TacticalStrike","Gatherer:CollectorsShot+1"],"picked":"SKIP","floor":22},{"not_picked":["Gatherer:EchoOfNature","Gatherer:BalancedGrowth"],"picked":"Gatherer:SmartManeuver","floor":23},{"not_picked":["Gatherer:CollectorsShot","Gatherer:BalancedGrowth"],"picked":"Gatherer:ScherryThrow","floor":24},{"not_picked":["Gatherer:ScherryThrow","Gatherer:TacticalStrike"],"picked":"Gatherer:Overflowing","floor":25},{"not_picked":["Gatherer:Nutrients","Gatherer:FlamingBottle"],"picked":"Gatherer:Liquidism","floor":27},{"not_picked":["Gatherer:Frenzy","Gatherer:AromaProtection+1"],"picked":"Gatherer:BalancedGrowth","floor":28}],"player_experience":3762386,"relics_obtained":[{"floor":6,"key":"hubris:MobiusCoin"},{"floor":8,"key":"StuffTheSpire:Tea"},{"floor":9,"key":"aspiration:FetidBarrel"},{"floor":12,"key":"aspiration:EmptySkull"},{"floor":14,"key":"Ginger"},{"floor":23,"key":"Simple Rune"},{"floor":25,"key":"Art of War"},{"floor":26,"key":"Counterbalance"},{"floor":27,"key":"StuffTheSpire:DarkSteelAnvil"}],"event_choices":[{"damage_healed":0,"gold_gain":0,"player_choice":"Leave","damage_taken":0,"max_hp_gain":0,"max_hp_loss":0,"event_name":"The Cleric","floor":2,"gold_loss":0},{"damage_healed":0,"gold_gain":0,"player_choice":"Leave","damage_taken":0,"max_hp_gain":0,"max_hp_loss":0,"event_name":"conspire:Investor","floor":5,"gold_loss":0},{"cards_removed":["Gatherer:QuickSynthesis"],"damage_healed":0,"gold_gain":0,"player_choice":"Got a Spare Bottle","damage_taken":0,"max_hp_gain":0,"max_hp_loss":0,"event_name":"Gatherer:BottleCollector","floor":19,"gold_loss":0,"cards_obtained":["Gatherer:SpareBottle"]}],"is_beta":false,"boss_relics":[{"not_picked":["StuffTheSpire:ModemDavis","vexMod:FluxCapacitor"],"picked":"aspiration:RandomNobGenerator"}],"items_purged_floors":[],"is_endless":false,"potions_floor_spawned":[1,7,8,14,16,18,27],"killed_by":"Cultist and Chosen","ascension_level":3}}