{"host":"63rwe7p34ct1i0qu","time":1609691807,"event":{"mods":["BaseMod","Colored Map","DeckTracker","Minty Spire (QoL Compilation)","Permanent Neow","Quick Restart","StSLib"],"gold_per_floor":[366,441,1,16,16,47,47,47,47,47,47,47,82,95,95,190,190,201,219,229,229,229,229,229],"floor_reached":23,"playtime":524,"items_purged":["Doubt"],"score":315,"play_id":"b54c27d3-d770-4da0-8bbe-030d9fd03bf6","local_time":"20210104013647","is_ascension_mode":true,"campfire_choices":[{"data":"Bludgeon","floor":7.0,"key":"SMITH"},{"data":"Bash","floor":10.0,"key":"SMITH"},{"data":"Second Wind","floor":12.0,"key":"SMITH"},{"data":"Headbutt","floor":15.0,"key":"SMITH"}],"circlet_count":0,"master_deck":["AscendersBane","Strike_R+1","Strike_R+1","Strike_R+1","Strike_R+1","Strike_R+1","Defend_R+1","Defend_R+1","Defend_R+1","Defend_R+1","Bash+1","Second Wind+1","Bludgeon+1","Headbutt+1","Double Tap","Intimidate","Ghostly Armor"],"relics":["Burning Blood","FossilizedHelix","Eternal Feather","Paper Frog","Shuriken","Sozu"],"acts_visited":["Exordium","TheCity"],"potions_floor_usage":[18],"damage_taken":[{"damage":9.0,"enemies":"Jaw Worm","floor":1.0,"turns":4.0},{"damage":8.0,"enemies":"Small Slimes","floor":4.0,"turns":3.0},{"damage":32.0,"enemies":"Lagavulin","floor":6.0,"turns":8.0},{"damage":23.0,"enemies":"3 Sentries","floor":13.0,"turns":5.0},{"damage":8.0,"enemies":"2 Louse","floor":14.0,"turns":2.0},{"damage":61.0,"enemies":"The Guardian","floor":16.0,"turns":10.0},{"damage":20,"enemies":"Shell Parasite","floor":18,"turns":5},{"damage":21,"enemies":"3 Byrds","floor":19,"turns":5},{"damage":0,"enemies":"Snake Plant","floor":20,"turns":1},{"damage":30,"enemies":"Gremlin Leader","floor":23,"turns":5}],"seed_played":"1984970138256734139","potions_obtained":[{"floor":6.0,"key":"BloodPotion"},{"floor":14.0,"key":"BlessingOfTheForge"}],"is_trial":false,"path_per_floor":["M","?","$","M","?","E","R","?","T","R","?","R","E","M","R","B",null,"M","M","M","?","?","E"],"character_chosen":"IRONCLAD","items_purchased":["Bludgeon","FossilizedHelix"],"campfire_rested":0,"item_purchase_floors":[3,3],"current_hp_per_floor":[69,58,58,56,56,46,52,78,78,80,80,80,63,61,67,12,63,49,34,40,40,40,10,10],"gold":229,"neow_bonus":"TWO_FIFTY_GOLD","is_daily":false,"chose_seed":false,"campfire_upgraded":4,"win_rate":0.0,"timestamp":1609691807,"path_taken":["M","?","$","M","?","E","R","?","T","R","?","R","E","M","R","BOSS","M","M","M","?","?","E"],"items_purchased_type":["Card","Relic"],"build_version":"2020-12-22","purchased_purges":1,"victory":false,"max_hp_per_floor":[80,80,80,80,80,80,80,80,80,80,80,80,80,80,80,80,80,80,80,80,80,80,80,80],"card_choices":[{"not_picked":["Havoc","Twin Strike"],"picked":"Second Wind","floor":1.0},{"not_picked":["Heavy Blade","Warcry"],"picked":"Headbutt","floor":4.0},{"not_picked":["True Grit","Pummel","Flex"],"picked":"SKIP","floor":6.0},{"not_picked":["Flex","Headbutt","Second Wind"],"picked":"SKIP","floor":13.0},{"not_picked":["Flame Barrier","Cleave","Whirlwind"],"picked":"SKIP","floor":14.0},{"not_picked":["Offering","Bludgeon"],"picked":"Double Tap","floor":16.0},{"not_picked":["Inflame","Havoc"],"picked":"Intimidate","floor":18},{"not_picked":["Shrug It Off","Twin Strike"],"picked":"Ghostly Armor","floor":19},{"not_picked":["Flame Barrier","Perfected Strike","Clothesline"],"picked":"SKIP","floor":20}],"player_experience":829268,"relics_obtained":[{"floor":6.0,"key":"Eternal Feather"},{"floor":9.0,"key":"Paper Frog"},{"floor":13.0,"key":"Shuriken"}],"event_choices":[{"damage_healed":0.0,"max_hp_gain":0.0,"max_hp_loss":0.0,"gold_gain":75.0,"event_name":"World of Goop","player_choice":"Gather Gold","floor":2.0,"gold_loss":0.0,"damage_taken":11.0},{"damage_healed":0.0,"max_hp_gain":0.0,"max_hp_loss":0.0,"gold_gain":0.0,"event_name":"Liars Game","player_choice":"Ignored","floor":5.0,"gold_loss":0.0,"damage_taken":0.0},{"damage_healed":26.0,"max_hp_gain":0.0,"max_hp_loss":0.0,"gold_gain":0.0,"event_name":"Big Fish","player_choice":"Banana","floor":8.0,"gold_loss":0.0,"damage_taken":0.0},{"damage_healed":0.0,"max_hp_gain":0.0,"max_hp_loss":0.0,"gold_gain":0.0,"event_name":"The Cleric","player_choice":"Leave","floor":11.0,"gold_loss":0.0,"damage_taken":0.0},{"damage_healed":0,"gold_gain":0,"player_choice":"Ignored","damage_taken":0,"max_hp_gain":0,"max_hp_loss":0,"event_name":"Vampires","floor":21,"gold_loss":0},{"damage_healed":0,"gold_gain":0,"player_choice":"Simplicity","damage_taken":0,"max_hp_gain":0,"max_hp_loss":0,"event_name":"Back to Basics","floor":22,"gold_loss":0,"cards_upgraded":["Strike_R","Strike_R","Strike_R","Strike_R","Strike_R","Defend_R","Defend_R","Defend_R","Defend_R"]}],"is_beta":false,"boss_relics":[{"not_picked":["Busted Crown","Mark of Pain"],"picked":"Sozu"}],"items_purged_floors":[3],"is_endless":false,"potions_floor_spawned":[6,14,19],"killed_by":"Gremlin Leader","ascension_level":12}}