{"host":"xwqwvmlzre68xjvm","time":1609667242,"event":{"mods":["AchievementEnabler","BaseMod","Colored Map","Colored Powertips","Hermit","Marisa£¨Ùöéë¡¡Øª×âÞÞ£©","Minty Spire (QoL Compilation)","Replay The Spire","StSLib","SuperFastMode","The Bug Knight","The Cursed","The Hierophant","The Runesmith"],"gold_per_floor":[119,44,61,124,124,155,155,174,174,27,39,52,78,253,253,253,253],"floor_reached":16,"playtime":669,"items_purged":["Strike_G"],"score":121,"play_id":"9c91ce83-61e0-43ae-80b1-c09d7ac38ed3","local_time":"20210103184722","is_ascension_mode":true,"campfire_choices":[{"data":"Venomology","floor":7,"key":"SMITH"},{"floor":15,"key":"DIG"}],"circlet_count":0,"master_deck":["Strike_G","Strike_G","Strike_G","Strike_G","Defend_G","Defend_G","Defend_G","Defend_G","Defend_G","Survivor","Neutralize","Venomology+1","Cloak And Dagger+1","Hidden Blade","Endless Agony","Backstab","Infinite Blades","Doubt"],"relics":["Ring of the Snake","Matryoshka","Darkstone Periapt","HollowMod:PaleOreRelic","Membership Card","Smiling Mask","Nunchaku"],"acts_visited":["Exordium"],"potions_floor_usage":[3,6,6,6,8,8,12,13,13,16,16,16,16],"damage_taken":[{"damage":0,"enemies":"Cultist","floor":1,"turns":4},{"damage":1,"enemies":"Small Slimes","floor":3,"turns":5},{"damage":11,"enemies":"Lagavulin","floor":6,"turns":8},{"damage":1,"enemies":"2 Louse","floor":8,"turns":3},{"damage":2,"enemies":"Exordium Wildlife","floor":11,"turns":4},{"damage":1,"enemies":"Blue Slaver","floor":12,"turns":2},{"damage":10,"enemies":"Gremlin Nob","floor":13,"turns":4},{"damage":40,"enemies":"Hexaghost","floor":16,"turns":13}],"seed_played":"-5484028227708284715","potions_obtained":[{"floor":1,"key":"FearPotion"},{"floor":4,"key":"Reflective Coating"},{"floor":8,"key":"Fruit Juice"},{"floor":11,"key":"Elixir"},{"floor":13,"key":"Milkshake"}],"is_trial":false,"path_per_floor":["M","$","M","?","?","E","R","M","T","$","M","M","E","?","R_BF","B"],"character_chosen":"THE_SILENT","items_purchased":["Membership Card"],"campfire_rested":0,"item_purchase_floors":[10],"current_hp_per_floor":[70,70,69,52,52,41,41,45,45,45,43,42,32,38,38,0,0],"gold":253,"neow_bonus":"ONE_RANDOM_RARE_CARD","is_daily":false,"chose_seed":false,"campfire_upgraded":1,"win_rate":0.0,"timestamp":1609667242,"path_taken":["M","$","?","?","?","E","R","M","T","?","?","M","E","?","R_BF","BOSS"],"items_purchased_type":["Relic"],"build_version":"2020-12-22","purchased_purges":1,"victory":false,"max_hp_per_floor":[70,70,70,70,70,70,70,75,75,75,75,75,75,81,81,81,81],"card_choices":[{"not_picked":["Flechettes","Prepared"],"picked":"Cloak And Dagger","floor":1},{"not_picked":["Heel Hook","Backflip"],"picked":"Hidden Blade","floor":3},{"not_picked":["Deflect","Quick Slash"],"picked":"Endless Agony","floor":4},{"not_picked":["Flechettes","Dodge and Roll","Dagger Spray"],"picked":"SKIP","floor":6},{"not_picked":["Envenom","Choke"],"picked":"Backstab","floor":8},{"not_picked":["Outmaneuver","All Out Attack","Deadly Poison"],"picked":"SKIP","floor":11},{"not_picked":["ReplayTheSpireMod:Speed Training","Underhanded Strike"],"picked":"Infinite Blades","floor":12},{"not_picked":["Outmaneuver","Dagger Spray","Deadly Poison"],"picked":"SKIP","floor":13}],"player_experience":49880,"relics_obtained":[{"floor":4,"key":"Matryoshka"},{"floor":6,"key":"Darkstone Periapt"},{"floor":9,"key":"HollowMod:PaleOreRelic"},{"floor":13,"key":"Smiling Mask"},{"floor":15,"key":"Nunchaku"}],"event_choices":[{"damage_healed":0,"gold_gain":175,"player_choice":"AGREE","damage_taken":0,"max_hp_gain":0,"max_hp_loss":0,"event_name":"Liars Game","floor":14,"gold_loss":0,"cards_obtained":["Doubt"]}],"is_beta":false,"boss_relics":[],"items_purged_floors":[2],"is_endless":false,"potions_floor_spawned":[1,8,11,13],"killed_by":"Hexaghost","ascension_level":2}}