{"host":"xb2tau8pgi8aflss","time":1609683885,"event":{"mods":["AchievementEnabler","BaseMod","Hermit","Minty Spire (QoL Compilation)","StSLib","SuperFastMode"],"gold_per_floor":[115,134,134,148,1,1,35,35,59,59,84,9,9,28,28,125,125,137,148,79,4,23,23,23],"floor_reached":23,"playtime":1010,"items_purged":["hermit:Strike_Hermit"],"score":254,"play_id":"e8064b06-9d6a-4e6a-afd3-0c666946540a","local_time":"20210103232445","is_ascension_mode":true,"campfire_choices":[{"data":"hermit:Combo","floor":6,"key":"SMITH"},{"data":"hermit:Snipe","floor":8,"key":"SMITH"},{"floor":10,"key":"RECALL"},{"floor":15,"key":"REST"}],"circlet_count":0,"master_deck":["hermit:Strike_Hermit","hermit:Strike_Hermit","hermit:Defend_Hermit","hermit:Defend_Hermit","hermit:Defend_Hermit","hermit:Defend_Hermit","hermit:Snapshot","hermit:Covet","hermit:Snipe+1","hermit:Combo+1","hermit:FlashPowder","hermit:BlackWind","hermit:Vantage","hermit:EternalForm","CurseOfTheBell","hermit:Dive","hermit:ItchyTrigger","hermit:TrackingShot+1"],"relics":["hermit:Momento","Boot","Lee\u0027s Waffle","Darkstone Periapt","Toy Ornithopter","Dead Branch","Calling Bell","hermit:RyeStalk","hermit:RedScarf","hermit:Spyglass"],"acts_visited":["Exordium","TheCity"],"potions_floor_usage":[16,23,23],"damage_taken":[{"damage":4,"enemies":"2 Louse","floor":1,"turns":2},{"damage":20,"enemies":"Small Slimes","floor":2,"turns":5},{"damage":6,"enemies":"Cultist","floor":4,"turns":3},{"damage":4,"enemies":"3 Sentries","floor":7,"turns":5},{"damage":52,"enemies":"Gremlin Nob","floor":11,"turns":5},{"damage":17,"enemies":"3 Louse","floor":14,"turns":3},{"damage":41,"enemies":"Slime Boss","floor":16,"turns":10},{"damage":44,"enemies":"3 Byrds","floor":18,"turns":7},{"damage":4,"enemies":"Chosen","floor":19,"turns":4},{"damage":8,"enemies":"3 Cultists","floor":22,"turns":5},{"damage":52,"enemies":"Book of Stabbing","floor":23,"turns":6}],"seed_played":"-4676837365000437409","potions_obtained":[{"floor":4,"key":"Strength Potion"},{"floor":7,"key":"Energy Potion"},{"floor":11,"key":"BlessingOfTheForge"}],"is_trial":false,"path_per_floor":["M","M","?","M","$","R","E","R","T","R","E","$","?","M","R","B",null,"M","M","$","?","M","E"],"character_chosen":"HERMIT","items_purchased":["Lee\u0027s Waffle","hermit:Dive","hermit:ItchyTrigger"],"campfire_rested":1,"item_purchase_floors":[5,20,20],"current_hp_per_floor":[78,58,46,40,89,89,85,85,85,85,33,33,33,16,42,6,95,51,47,47,47,39,0,0],"gold":23,"neow_bonus":"TEN_PERCENT_HP_BONUS","is_daily":false,"chose_seed":false,"campfire_upgraded":2,"win_rate":0.0,"timestamp":1609683885,"path_taken":["M","M","?","M","$","R","E","R","T","R","E","$","?","?","R","BOSS","M","M","$","?","M","E"],"items_purchased_type":["Relic","Card","Card"],"build_version":"2020-12-22","purchased_purges":1,"victory":false,"max_hp_per_floor":[82,82,82,82,89,89,89,89,89,89,89,89,89,89,89,89,95,95,95,95,95,95,95,95],"card_choices":[{"not_picked":["hermit:ItchyTrigger","hermit:Misfire"],"picked":"hermit:Snipe","floor":1},{"not_picked":["hermit:Roulette","hermit:HighCaliber"],"picked":"hermit:Combo","floor":2},{"not_picked":["hermit:FullyLoaded","hermit:Glare"],"picked":"hermit:FlashPowder","floor":4},{"not_picked":["hermit:LowProfile","hermit:Ricochet","hermit:CalledShot"],"picked":"SKIP","floor":7},{"not_picked":["hermit:LowProfile","hermit:Ricochet","hermit:CalledShot"],"picked":"SKIP","floor":7},{"not_picked":["hermit:Brawl","hermit:Feint"],"picked":"hermit:BlackWind","floor":11},{"not_picked":["hermit:Misfire","hermit:TrackingShot"],"picked":"hermit:Vantage","floor":14},{"not_picked":["hermit:BlackWind","hermit:OverwhelmingPower"],"picked":"hermit:EternalForm","floor":16},{"not_picked":["hermit:Spite","hermit:LowProfile","hermit:Quickdraw+1"],"picked":"SKIP","floor":18},{"not_picked":["hermit:Grudge","hermit:TrackingShot+1","hermit:Headshot+1"],"picked":"SKIP","floor":19},{"not_picked":["hermit:Midnight","hermit:Feint"],"picked":"hermit:TrackingShot+1","floor":22}],"player_experience":769942,"relics_obtained":[{"floor":7,"key":"Darkstone Periapt"},{"floor":9,"key":"Toy Ornithopter"},{"floor":11,"key":"Dead Branch"},{"floor":17,"key":"hermit:RyeStalk"},{"floor":17,"key":"hermit:RedScarf"},{"floor":17,"key":"hermit:Spyglass"}],"event_choices":[{"damage_healed":0,"gold_gain":0,"player_choice":"Success","damage_taken":12,"relics_obtained":["Boot"],"max_hp_gain":0,"max_hp_loss":0,"event_name":"Scrap Ooze","floor":3,"gold_loss":0},{"damage_healed":0,"gold_gain":0,"player_choice":"Got Potions","damage_taken":0,"max_hp_gain":0,"max_hp_loss":0,"event_name":"Lab","floor":13,"gold_loss":0},{"cards_removed":["hermit:Strike_Hermit"],"damage_healed":0,"gold_gain":0,"player_choice":"Gave Gold","damage_taken":0,"max_hp_gain":0,"max_hp_loss":0,"event_name":"Beggar","floor":21,"gold_loss":75}],"is_beta":false,"boss_relics":[{"not_picked":["SlaversCollar","Coffee Dripper"],"picked":"Calling Bell"}],"items_purged_floors":[12],"is_endless":false,"potions_floor_spawned":[4,7,11],"killed_by":"Book of Stabbing","ascension_level":3}}