{"host":"wjjo3y19ggvj12sc","time":1609707105,"event":{"mods":["2.2 Compatiblity","AchievementEnabler","Ascension Unlocker","Bard","BaseMod","Beaked The Cultist","BetterRewards","Conspire","Downfall","Duelist Mod","Evolution","GifTheSpireLib","Googly Eyes","Gremlin Mod","Hermit","Hubris","Infinite Spire","Jorbs\u0027s Wanderer Trilogy","Mad Scientist","Marisa????????","Minty Spire (QoL Compilation)","Random Character Button","Random Character Mod","Relic Sorter","Relic Stats","Remilia??????","Replay The Spire","Spicy Shops","StSLib","Td1madao Mod","The Bladedancer","The Bug Knight","The Construct","The Cursed","The Disciple","The Gatherer","The Hierophant","The Mystic","The Necromancer","The Poker Player","The Runesmith","The Servant 0.9.4"],"gold_per_floor":[119,119,5,5,21,21,56,68,68,86,111,122,148,161,161,262,262,280,292,292,292,312,344,356,376,376,376,387,387,387,404,404,507,507,526,538,549,549,549,549],"floor_reached":39,"playtime":2117,"items_purged":[],"score":448,"play_id":"74a7f5e3-7be7-4d7f-b74a-676297bc84d5","local_time":"20210103155145","is_ascension_mode":true,"campfire_choices":[{"data":"Juggernaut","floor":6,"key":"SMITH"},{"data":"Evolve","floor":15,"key":"SMITH"},{"floor":27,"key":"REST"},{"floor":29,"key":"REST"},{"floor":32,"key":"REST"}],"circlet_count":0,"master_deck":["Strike_R","Strike_R","Strike_R","Strike_R","Strike_R","Defend_R","Defend_R","Defend_R","Defend_R","Bash","Thunderclap","Metallicize","Run Through","Juggernaut+1","Thunderclap","Life Link","Bludgeon+1","Evolve+1","Perfected Strike+1","Reckless Charge+1","Reaper+1","Headbutt+1","hubris:CleavingFinish+1","Reckless Charge+1","Wild Strike+1","Wild Strike+1","Cleave+1","Thunderclap+1","Iron Wave+1","Power Through","Decay"],"relics":["Burning Blood","EVO:Axolotl","PreservedInsect","Ice Cream","Molten Egg 2","Runesmith:AutoHammer","HollowMod:PaleOreRelic","MealTicket","beaked:MawFillet","Pantograph","ReplayTheSpireMod:Spearhead","Sozu"],"acts_visited":["Exordium","TheCity","TheBeyond"],"potions_floor_usage":[7,13,14,28],"damage_taken":[{"damage":0,"enemies":"2 Louse","floor":1,"turns":4},{"damage":0,"enemies":"Small Slimes","floor":5,"turns":3},{"damage":15,"enemies":"HollowMod:MossKnight","floor":7,"turns":7},{"damage":13,"enemies":"infinitespire:Voidling","floor":8,"turns":4},{"damage":6,"enemies":"Blue Slaver","floor":10,"turns":4},{"damage":10,"enemies":"Lagavulin","floor":11,"turns":4},{"damage":13,"enemies":"Large Slime","floor":12,"turns":5},{"damage":18,"enemies":"3 Sentries","floor":13,"turns":4},{"damage":23,"enemies":"Lots of Slimes","floor":14,"turns":4},{"damage":32,"enemies":"Slime Boss","floor":16,"turns":5},{"damage":28,"enemies":"3 Byrds","floor":18,"turns":4},{"damage":5,"enemies":"Chosen","floor":19,"turns":3},{"damage":21,"enemies":"Snake Plant","floor":22,"turns":2},{"damage":34,"enemies":"Replay:Snechameleon","floor":23,"turns":4},{"damage":24,"enemies":"Centurion and Healer","floor":24,"turns":3},{"damage":5,"enemies":"Chosen and Byrds","floor":25,"turns":4},{"damage":28,"enemies":"Shelled Parasite and Fungi","floor":28,"turns":3},{"damage":34,"enemies":"conspire:HollyBat","floor":31,"turns":7},{"damage":47,"enemies":"conspire:MysteriousRune","floor":33,"turns":8},{"damage":7,"enemies":"Orb Walker","floor":35,"turns":2},{"damage":17,"enemies":"3 Darklings","floor":36,"turns":6},{"damage":30,"enemies":"4 Shapes","floor":37,"turns":3},{"damage":79,"enemies":"beaked:SuperParasite","floor":39,"turns":6}],"seed_played":"-3878560400591261749","potions_obtained":[{"floor":5,"key":"Adrenaline Potion"},{"floor":7,"key":"conspire:TimeTravelPotion"},{"floor":11,"key":"BlessingOfTheForge"},{"floor":14,"key":"sneckomod:MuddlingPotion"},{"floor":16,"key":"FairyPotion"},{"floor":22,"key":"Ancient Potion"},{"floor":31,"key":"champ:CounterPotion"},{"floor":33,"key":"champ:CounterPotion"}],"is_trial":false,"path_per_floor":["M","?","$","?","M","R","E","M","T","M","E","M","E","M","R","B",null,"M","M","?","?","M","E","M","M","T","R","M","R","?","M","R","B",null,"M","M","M","?","E"],"character_chosen":"IRONCLAD","items_purchased":["Metallicize"],"campfire_rested":3,"item_purchase_floors":[3],"current_hp_per_floor":[80,80,80,80,80,80,71,64,64,64,60,53,41,35,35,9,80,60,66,66,66,51,28,10,16,16,40,18,42,42,14,38,30,80,80,79,65,65,0,0],"gold":549,"neow_bonus":"RANDOM_COMMON_RELIC","is_daily":false,"chose_seed":false,"campfire_upgraded":2,"win_rate":0.0,"timestamp":1609707105,"path_taken":["M","?","$","?","M","R","E","M","T","?","E","M","E","M","R","BOSS","M","M","?","?","M","E","M","M","T","R","M","R","?","M","R","BOSS","M","M","M","?","E"],"items_purchased_type":["Card"],"build_version":"2020-12-22","purchased_purges":0,"victory":false,"max_hp_per_floor":[80,80,80,80,80,80,80,80,80,80,80,80,80,80,80,80,80,80,80,80,80,80,80,80,80,80,80,80,80,80,80,80,80,80,80,80,80,80,80,80],"relic_stats":{"Sozu":1,"counters":[23,99],"Pantograph":0,"MealTicket":0,"PreservedInsect":182,"obtain_stats":[{"Ice Cream":2,"Sozu":34,"ReplayTheSpireMod:Spearhead":26,"Pantograph":23,"Molten Egg 2":7,"MealTicket":13,"beaked:MawFillet":17,"PreservedInsect":0,"EVO:Axolotl":0,"Runesmith:AutoHammer":9,"HollowMod:PaleOreRelic":11,"Burning Blood":0},{"Ice Cream":1,"Sozu":19,"ReplayTheSpireMod:Spearhead":16,"Pantograph":14,"Molten Egg 2":3,"MealTicket":8,"beaked:MawFillet":10,"PreservedInsect":0,"EVO:Axolotl":0,"Runesmith:AutoHammer":4,"HollowMod:PaleOreRelic":6,"Burning Blood":0},{"Ice Cream":4,"Sozu":82,"ReplayTheSpireMod:Spearhead":64,"Pantograph":57,"Molten Egg 2":14,"MealTicket":35,"beaked:MawFillet":44,"PreservedInsect":0,"EVO:Axolotl":0,"Runesmith:AutoHammer":18,"HollowMod:PaleOreRelic":26,"Burning Blood":0}],"Burning Blood":116},"card_choices":[{"not_picked":["Armaments","Ghostly Armor"],"picked":"Thunderclap","floor":1},{"not_picked":["Cleave","Run Through"],"picked":"Thunderclap","floor":5},{"not_picked":["hubris:StunningStrike+1","Headbutt+1","Demonic Infusion"],"picked":"SKIP","floor":7},{"not_picked":["Anger+1","Iron Wave+1"],"picked":"Life Link","floor":8},{"not_picked":["Shrug It Off","Warcry"],"picked":"Bludgeon+1","floor":10},{"not_picked":["ReplayTheSpireMod:Strike From Hell+1","Abandon"],"picked":"Evolve","floor":11},{"not_picked":["Burning Pact","Inflame"],"picked":"Perfected Strike+1","floor":12},{"not_picked":["Flex","Evolve","Clothesline+1"],"picked":"SKIP","floor":13},{"not_picked":["Pommel Strike+1","Headbutt+1"],"picked":"Reckless Charge+1","floor":14},{"not_picked":["conspire:HitWhereItHurts+1","Corruption"],"picked":"Reaper+1","floor":16},{"not_picked":["Clash+1","Twin Strike+1"],"picked":"Headbutt+1","floor":18},{"not_picked":["conspire:ExplosiveBarrier","Twin Strike+1"],"picked":"hubris:CleavingFinish+1","floor":19},{"not_picked":["Replay:Undeath\u0027s Touch+1","Heavy Blade+1"],"picked":"Wild Strike+1","floor":22},{"not_picked":["Hemokinesis+1","Infernal Blade"],"picked":"Wild Strike+1","floor":23},{"not_picked":["Sentinel+1","Life Link"],"picked":"Cleave+1","floor":24},{"not_picked":["Dark Embrace","Iron Wave+1","Infernal Blade"],"picked":"SKIP","floor":25},{"not_picked":["Dropkick+1","Body Slam+1"],"picked":"Thunderclap+1","floor":28},{"not_picked":["Body Slam+1","Havoc","Twin Strike+1"],"picked":"SKIP","floor":31},{"not_picked":["Heavy Blade+1","Thunderclap+1"],"picked":"Iron Wave+1","floor":35},{"not_picked":["Hemokinesis+1","Ghostly Armor+1","Sentinel+1"],"picked":"SKIP","floor":36},{"not_picked":["Hemokinesis+1","Replay:Undeath\u0027s Touch+1"],"picked":"Power Through","floor":37}],"player_experience":390894,"relics_obtained":[{"floor":2,"key":"Ice Cream"},{"floor":7,"key":"Molten Egg 2"},{"floor":9,"key":"Runesmith:AutoHammer"},{"floor":11,"key":"HollowMod:PaleOreRelic"},{"floor":13,"key":"MealTicket"},{"floor":23,"key":"Pantograph"},{"floor":26,"key":"ReplayTheSpireMod:Spearhead"}],"event_choices":[{"damage_healed":0,"gold_gain":0,"player_choice":"2 cards matched","damage_taken":0,"max_hp_gain":0,"max_hp_loss":0,"event_name":"Match and Keep!","floor":4,"gold_loss":0,"cards_obtained":["Run Through","Juggernaut"]},{"damage_healed":0,"gold_gain":0,"player_choice":"Ignored","damage_taken":0,"max_hp_gain":0,"max_hp_loss":0,"event_name":"Ghosts","floor":30,"gold_loss":0},{"damage_healed":0,"gold_gain":0,"player_choice":"Cursed","damage_taken":0,"max_hp_gain":0,"max_hp_loss":0,"event_name":"Wheel of Change","floor":38,"gold_loss":0,"cards_obtained":["Decay"]}],"is_beta":false,"boss_relics":[{"not_picked":["Replay:Bronze Core","hubris:RunicObelisk"],"picked":"beaked:MawFillet"},{"not_picked":["ReplayTheSpireMod:SealedPack","conspire:SeveredTorchhead"],"picked":"Sozu"}],"items_purged_floors":[],"is_endless":false,"potions_floor_spawned":[5,7,11,14,16,22,24,31,33,37],"killed_by":"beaked:SuperParasite","ascension_level":1}}