{"host":"aryqrlgvv7cx3d7m","time":1609650405,"event":{"mods":["AchievementEnabler","BaseMod","Downfall","GungeonMod","Hermit","Infinite Spire","Jorbs\u0027s Wanderer Trilogy","KinomotoSakuraMod(????)","Koishi","Lobotomy","Marisa????????","Minty Spire (QoL Compilation)","Reimu??????","Remilia??????","Replay The Spire","StSLib","Td1madao Mod","The Administrix","The Animator","The Construct","The Cursed","The Disciple","The Hierophant","The IronCluck","The Necromancer","The Poker Player","The Runesmith","The Servant 0.9.4"],"gold_per_floor":[114,138,158,7,75,75,90,110,135,155,155,2,2,13,13,111,111,124,139,152,152,152,152,222,238,264,282,282,299,8,24,24,120,120,140,140,152,152,152],"floor_reached":38,"playtime":2264,"items_purged":[],"score":395,"play_id":"3d6d6da5-0386-403b-857b-f21df6ebb107","local_time":"20210103000645","is_ascension_mode":false,"campfire_choices":[{"data":"All Out Attack","floor":6,"key":"SMITH"},{"data":"Quick Slash","floor":11,"key":"SMITH"},{"data":"Dagger Spray","floor":15,"key":"SMITH"},{"floor":23,"key":"REST"},{"data":"Dagger Throw","floor":28,"key":"SMITH"},{"floor":32,"key":"REST"}],"circlet_count":0,"master_deck":["Strike_G","Strike_G","Strike_G","Strike_G","Strike_G","Defend_G","Defend_G","Defend_G","Defend_G","Defend_G","Survivor+1","Neutralize","Quick Slash+1","All Out Attack+1","Blade Dance","Good Instincts","Quick Slash","Poisoned Stab","Caltrops","Bane","Dagger Spray+1","Adrenaline","Dagger Throw+1","Finisher","Blade Dance+1","Gluttony_TH","Slimebound:CheckThePlaybook","Draining Mist+1","Sucker Punch+1","Skewer","PiercingWail","Dagger Throw+1","Replay:Bag of Tricks","Slice+1","Masterful Stab+1"],"relics":["Ring of the Snake","PureWhite:ReiMu","Replay:Accelerometer","DemoMod:MeltedRock","DemoMod:MonsterBlood","Ring of Chaos","ReplayTheSpireMod:Shallot","Toy Ornithopter","Membership Card","HornCleat","Honey Jar","infinitespire:Beetle Shell"],"acts_visited":["Exordium","TheCity","TheBeyond"],"potions_floor_usage":[16,16,20,27,33],"damage_taken":[{"damage":0,"enemies":"Jaw Worm","floor":1,"turns":5},{"damage":0,"enemies":"Small Slimes","floor":3,"turns":3},{"damage":0,"enemies":"Cultist","floor":7,"turns":2},{"damage":0,"enemies":"Exordium Wildlife","floor":8,"turns":1},{"damage":0,"enemies":"Red Slaver","floor":10,"turns":2},{"damage":0,"enemies":"Blue Slaver","floor":14,"turns":5},{"damage":20,"enemies":"The Guardian","floor":16,"turns":12},{"damage":0,"enemies":"3 Byrds","floor":18,"turns":3},{"damage":19,"enemies":"2 Thieves","floor":19,"turns":3},{"damage":1,"enemies":"Centurion and Healer","floor":20,"turns":8},{"damage":0,"enemies":"Snecko","floor":25,"turns":3},{"damage":0,"enemies":"Snake Plant","floor":27,"turns":4},{"damage":20,"enemies":"Sentry and Sphere","floor":29,"turns":5},{"damage":0,"enemies":"Snecko","floor":31,"turns":3},{"damage":72,"enemies":"Automaton","floor":33,"turns":10},{"damage":1,"enemies":"Orb Walker","floor":35,"turns":4},{"damage":30,"enemies":"3 Darklings","floor":37,"turns":4},{"damage":0,"enemies":"Sphere and 2 Shapes","floor":38,"turns":1}],"seed_played":"-6698583449006354442","potions_obtained":[{"floor":1,"key":"SteroidPotion"},{"floor":10,"key":"DemoMod:LeadSkinPotion"},{"floor":19,"key":"LifebloodPotion"},{"floor":20,"key":"Block Potion"},{"floor":27,"key":"champ:CounterPotion"},{"floor":33,"key":"DistilledChaos"},{"floor":35,"key":"SteroidPotion"},{"floor":37,"key":"Elixir"}],"is_trial":false,"path_per_floor":["M","?","M","$","T","R","M","M","T","M","R","$","?","M","R","B",null,"M","M","M","?","?","R","T","M","T","M","R","M","$","M","R","B",null,"M","?","M","M"],"character_chosen":"THE_SILENT","items_purchased":["Good Instincts","Bane","Quick Slash","DemoMod:MonsterBlood","Membership Card","HornCleat","PiercingWail"],"campfire_rested":2,"item_purchase_floors":[4,4,4,12,30,30,30],"current_hp_per_floor":[70,70,70,70,70,70,70,70,70,70,70,77,77,77,77,57,77,77,58,57,72,72,83,83,83,83,83,83,63,63,63,83,11,83,82,82,52,52,52],"gold":152,"neow_bonus":"UPGRADE_CARD","is_daily":false,"chose_seed":false,"campfire_upgraded":4,"win_rate":0.0,"timestamp":1609650405,"path_taken":["M","?","M","?","?","R","M","?","T","M","R","$","?","M","R","BOSS","M","?","M","?","?","R","?","?","T","M","R","M","?","?","R","BOSS","M","?","?","M"],"items_purchased_type":["Card","Card","Card","Relic","Relic","Relic","Card"],"build_version":"2020-12-22","purchased_purges":0,"victory":false,"max_hp_per_floor":[70,70,70,70,70,70,70,70,70,70,70,77,77,77,77,77,77,77,77,77,92,83,83,83,83,83,83,83,83,83,83,83,83,83,83,83,83,83,83],"card_choices":[{"not_picked":["Fluid Movement","Draining Mist"],"picked":"Quick Slash","floor":1},{"not_picked":["Dash","Poisoned Stab"],"picked":"All Out Attack","floor":2},{"not_picked":["Dagger Spray","Bane"],"picked":"Blade Dance","floor":3},{"not_picked":["Prepared","ReplayTheSpireMod:Speed Training"],"picked":"Poisoned Stab","floor":7},{"not_picked":["Leg Sweep","Underhanded Strike"],"picked":"Caltrops","floor":8},{"not_picked":["Bouncing Flask","Deflect"],"picked":"Bane","floor":10},{"not_picked":["Eviscerate","Escape Plan"],"picked":"Dagger Spray","floor":14},{"not_picked":["Envenom","Bullet Time"],"picked":"Adrenaline","floor":16},{"not_picked":["Flying Knee","Outmaneuver"],"picked":"Dagger Throw","floor":18},{"not_picked":["Backflip","Bane"],"picked":"Finisher","floor":19},{"not_picked":["Prepared","Endless Agony"],"picked":"Blade Dance+1","floor":20},{"not_picked":["Toxin Wave","Expertise"],"picked":"Draining Mist+1","floor":25},{"not_picked":["Bane","Poisoned Stab+1"],"picked":"Sucker Punch+1","floor":27},{"not_picked":["Blur","Well Laid Plans"],"picked":"Skewer","floor":29},{"not_picked":["Escape Plan","Masterful Stab"],"picked":"Dagger Throw+1","floor":31},{"not_picked":["Phantasmal Killer","Bullet Time"],"picked":"Replay:Bag of Tricks","floor":33},{"not_picked":["Sucker Punch","Dagger Spray","Predator"],"picked":"Slice+1","floor":35},{"not_picked":["Bouncing Flask+1","ReplayTheSpireMod:Scrap Shanks+1","Deadly Poison"],"picked":"Masterful Stab+1","floor":37}],"player_experience":17355,"relics_obtained":[{"floor":2,"key":"PureWhite:ReiMu"},{"floor":5,"key":"Replay:Accelerometer"},{"floor":9,"key":"DemoMod:WeirdEgg"},{"floor":24,"key":"ReplayTheSpireMod:Shallot"},{"floor":26,"key":"Toy Ornithopter"}],"event_choices":[{"cards_removed":["Bane"],"damage_healed":5,"gold_gain":0,"player_choice":"Offered Common","damage_taken":0,"max_hp_gain":0,"max_hp_loss":0,"event_name":"Bonfire Elementals","floor":13,"gold_loss":0},{"cards_removed":["Bane"],"damage_healed":5,"gold_gain":0,"player_choice":"Offered Special","damage_taken":0,"max_hp_gain":0,"max_hp_loss":0,"event_name":"Bonfire Elementals","floor":13,"gold_loss":0},{"damage_healed":0,"gold_gain":0,"player_choice":"Gave Potion","damage_taken":0,"relics_obtained":["infinitespire:Beetle Shell"],"max_hp_gain":0,"max_hp_loss":0,"event_name":"WeMeetAgain","floor":36,"gold_loss":0}],"is_beta":false,"boss_relics":[{"not_picked":["Replay:Bronze Core","ChewingGum"],"picked":"Ring of Chaos"},{"not_picked":["Snecko Scales","HoveringKite"],"picked":"Honey Jar"}],"items_purged_floors":[],"is_endless":false,"potions_floor_spawned":[1,10,19,20,27,33,35,37],"killed_by":"Sphere and 2 Shapes","ascension_level":0}}