{"host":"0m9eol038u0i1tir","time":1609640784,"event":{"mods":["BaseMod","BetterRewards","CapriCore","Clockwork Mod","Ekko","Evolution","Friendly Minions","Hubris","Minty Spire (QoL Compilation)","Permanent Neow","Replay The Spire","Robot Space Explorer","Shade Mod","StSLib","SuperFastMode","The Marked","TheVacant","vexMod"],"gold_per_floor":[209,225,225,272,347,375,375,391,391,391,421,421,217,248,248,344,344,362,375,350,86,98,98,132,151,151,151,151,170,183,3,3,98,98,109,126,143,163,163,195,208,61,61,81,106,119,119,139,139,139],"floor_reached":51,"playtime":2172,"items_purged":["RobotSpaceExplorer:Defend","RobotSpaceExplorer:Strike","RobotSpaceExplorer:Strike"],"score":1099,"play_id":"65e86716-5f84-41b3-95ef-38c6ed727db6","local_time":"20210102232624","is_ascension_mode":false,"campfire_choices":[{"data":"RobotSpaceExplorer:LuckyStrike","floor":7.0,"key":"SMITH"},{"data":"RobotSpaceExplorer:ScrapMissile","floor":10.0,"key":"SMITH"},{"data":"RobotSpaceExplorer:MiniBoosters","floor":15.0,"key":"SMITH"},{"data":"RobotSpaceExplorer:Comet","floor":23.0,"key":"SMITH"},{"data":"RobotSpaceExplorer:PowerCollector","floor":28.0,"key":"SMITH"},{"floor":32,"key":"REST"},{"data":"Panache","floor":47,"key":"SMITH"},{"data":"RobotSpaceExplorer:Multitool","floor":49,"key":"SMITH"}],"circlet_count":0,"master_deck":["RobotSpaceExplorer:Strike","RobotSpaceExplorer:Defend","RobotSpaceExplorer:Defend","RobotSpaceExplorer:Defend","RobotSpaceExplorer:Scan","RobotSpaceExplorer:MiniLasers","RobotSpaceExplorer:LuckyStrike+1","RobotSpaceExplorer:ImprovisedAttack","RobotSpaceExplorer:ScrapMissile+1","RobotSpaceExplorer:MiniDrones","RobotSpaceExplorer:MiniBoosters+1","Mayhem","ReplayTheSpireMod:Private Reserves","PanicButton","RobotSpaceExplorer:SwiftStep","RobotSpaceExplorer:Comet+1","RobotSpaceExplorer:MiniDrones","RobotSpaceExplorer:SwiftStep+1","RobotSpaceExplorer:LuckyStrike","Bandage Up","RobotSpaceExplorer:ScrapToss+1","RobotSpaceExplorer:Probe","RobotSpaceExplorer:PowerCollector+1","RobotSpaceExplorer:MiniDrones","Panache+1","RobotSpaceExplorer:Multitool+1","RobotSpaceExplorer:Probe+1","RobotSpaceExplorer:MiniDrones+1","RobotSpaceExplorer:FreezeRay+1","RobotSpaceExplorer:GlueShot","RobotSpaceExplorer:ShovelStrike+1","RobotSpaceExplorer:GlueShot","RobotSpaceExplorer:FranticSearch+1","RobotSpaceExplorer:ScrapMissile+1","RobotSpaceExplorer:Pulsar+1"],"relics":["RobotSpaceExplorer:RoboCore","EVO:Axolotl","MealTicket","Bronze Scales","ReplayTheSpireMod:Shallot","RobotSpaceExplorer:BottledGravity","ReplayTheSpireMod:ShopPack","Anchor","Sozu","Omamori","Replay:Bottled Steam","Mummified Hand","hubris:Backtick","Shuriken","hubris:CuriousFeather","hubris:DisguiseKit","hubris:SphereOfDissonance"],"acts_visited":["Exordium","TheCity","TheBeyond"],"potions_floor_usage":[],"damage_taken":[{"damage":1.0,"enemies":"Jaw Worm","floor":1.0,"turns":5.0},{"damage":0.0,"enemies":"2 Louse","floor":2.0,"turns":2.0},{"damage":22.0,"enemies":"3 Sentries","floor":6.0,"turns":10.0},{"damage":0.0,"enemies":"Cultist","floor":8.0,"turns":2.0},{"damage":5.0,"enemies":"Gremlin Nob","floor":11.0,"turns":3.0},{"damage":8.0,"enemies":"3 Sentries","floor":14.0,"turns":6.0},{"damage":19.0,"enemies":"The Guardian","floor":16.0,"turns":11.0},{"damage":0.0,"enemies":"2 Thieves","floor":18.0,"turns":4.0},{"damage":0.0,"enemies":"Spheric Guardian","floor":19.0,"turns":4.0},{"damage":15.0,"enemies":"Snake Plant","floor":22.0,"turns":4.0},{"damage":10.0,"enemies":"Gremlin Leader","floor":24.0,"turns":6.0},{"damage":7.0,"enemies":"Sentry and Sphere","floor":25.0,"turns":4.0},{"damage":0.0,"enemies":"Centurion and Healer","floor":29.0,"turns":3.0},{"damage":37.0,"enemies":"Snecko","floor":30.0,"turns":5.0},{"damage":0,"enemies":"Pondfish","floor":33,"turns":7},{"damage":1,"enemies":"3 Darklings","floor":35,"turns":4},{"damage":7,"enemies":"3 Shapes","floor":36,"turns":3},{"damage":0,"enemies":"Maw","floor":37,"turns":5},{"damage":7,"enemies":"3 Darklings","floor":38,"turns":4},{"damage":11,"enemies":"Nemesis","floor":40,"turns":3},{"damage":0,"enemies":"Spire Growth","floor":41,"turns":4},{"damage":0,"enemies":"Maw","floor":44,"turns":4},{"damage":13,"enemies":"Reptomancer","floor":45,"turns":5},{"damage":3,"enemies":"Sphere and 2 Shapes","floor":46,"turns":2},{"damage":0,"enemies":"3 Darklings","floor":48,"turns":3},{"damage":24,"enemies":"Awakened One","floor":50,"turns":6}],"seed_played":"-9161516025951128051","potions_obtained":[{"floor":2.0,"key":"RobotSpaceExplorer:PlasmaFlask"},{"floor":8.0,"key":"Explosive Potion"},{"floor":14.0,"key":"DistilledChaos"},{"floor":16.0,"key":"Strength Potion"}],"is_trial":false,"path_per_floor":["M","M","?","T","?","E","R","M","T","R","E","?","$","E","R","B",null,"M","M","?","$","M","R","E","M","T","?","R","M","M","$","R","B",null,"M","M","M","M","?","E","M","$","T","M","E","M","R","M","R","B",null],"character_chosen":"RobotSpaceExplorer","items_purchased":["ReplayTheSpireMod:ShopPack","RobotSpaceExplorer:LuckyStrike","Bandage Up","Panache","RobotSpaceExplorer:GlueShot"],"campfire_rested":1,"item_purchase_floors":[13,21,21,31,42],"current_hp_per_floor":[74,74,79,79,68,46,46,46,46,46,41,41,56,48,48,29,80,80,80,80,80,65,65,59,56,56,56,56,60,23,38,62,66,80,80,73,77,73,73,66,70,80,80,80,71,68,68,72,72,54],"gold":139,"neow_bonus":"HUNDRED_GOLD","is_daily":false,"chose_seed":false,"campfire_upgraded":7,"win_rate":0.0,"timestamp":1609640784,"path_taken":["M","M","?","?","?","E","R","M","T","R","E","?","$","E","R","BOSS","M","M","?","$","M","R","E","M","T","?","R","?","M","?","R","BOSS","M","M","M","?","?","E","?","$","T","?","E","M","R","M","R","BOSS"],"items_purchased_type":["Relic","Card","Card","Card","Card"],"build_version":"2020-12-22","purchased_purges":3,"victory":true,"max_hp_per_floor":[75,75,80,80,80,80,80,80,80,80,80,80,80,80,80,80,80,80,80,80,80,80,80,80,80,80,80,80,80,80,80,80,80,80,80,80,80,80,80,80,80,80,80,80,80,80,80,80,80,80],"card_choices":[{"not_picked":["RobotSpaceExplorer:SurgingStrike","RobotSpaceExplorer:StunGrenade"],"picked":"RobotSpaceExplorer:LuckyStrike","floor":1.0},{"not_picked":["RobotSpaceExplorer:MiniDrones","RobotSpaceExplorer:Ammunition"],"picked":"RobotSpaceExplorer:ImprovisedAttack","floor":2.0},{"not_picked":["RobotSpaceExplorer:ImprovisedAttack","RobotSpaceExplorer:Asteroid"],"picked":"RobotSpaceExplorer:ScrapMissile","floor":6.0},{"not_picked":["RobotSpaceExplorer:FreezingShield","RobotSpaceExplorer:SurgingStrike"],"picked":"RobotSpaceExplorer:MiniDrones","floor":8.0},{"not_picked":["RobotSpaceExplorer:MiniDrones","RobotSpaceExplorer:StarDust"],"picked":"RobotSpaceExplorer:MiniBoosters","floor":11.0},{"not_picked":["Poisoned Strike","ReplayTheSpireMod:Necrogeddon"],"picked":"Mayhem","floor":13.0},{"not_picked":["Thinking Ahead","Jack Of All Trades"],"picked":"ReplayTheSpireMod:Private Reserves","floor":13.0},{"not_picked":["hubris:Ssssneak","Enlightenment"],"picked":"PanicButton","floor":13.0},{"not_picked":["RobotSpaceExplorer:MakeshiftVolley","RobotSpaceExplorer:SlimeMissile"],"picked":"RobotSpaceExplorer:SwiftStep","floor":14.0},{"not_picked":["RobotSpaceExplorer:HighVoltage","RobotSpaceExplorer:Asteroid"],"picked":"RobotSpaceExplorer:Comet","floor":16.0},{"not_picked":["RobotSpaceExplorer:GlueShot","RobotSpaceExplorer:DoubleBlock"],"picked":"RobotSpaceExplorer:MiniDrones","floor":18.0},{"not_picked":["RobotSpaceExplorer:ScrapShield+1","RobotSpaceExplorer:MiniDrones+1"],"picked":"RobotSpaceExplorer:SwiftStep+1","floor":19.0},{"not_picked":["RobotSpaceExplorer:SwiftStep","RobotSpaceExplorer:StarLightning"],"picked":"RobotSpaceExplorer:Exploration","floor":22.0},{"not_picked":["RobotSpaceExplorer:Asteroid","RobotSpaceExplorer:FrostMissile"],"picked":"RobotSpaceExplorer:ScrapToss+1","floor":24.0},{"not_picked":["RobotSpaceExplorer:RigExplosive","RobotSpaceExplorer:ImprovisedAttack+1"],"picked":"RobotSpaceExplorer:Probe","floor":25.0},{"not_picked":["RobotSpaceExplorer:GlueShot+1","RobotSpaceExplorer:SlimeMissile"],"picked":"RobotSpaceExplorer:MiniDrones","floor":29.0},{"not_picked":["RobotSpaceExplorer:SurgingShield+1","RobotSpaceExplorer:Pulsar","RobotSpaceExplorer:ImprovisedAttack"],"picked":"SKIP","floor":30.0},{"not_picked":["RobotSpaceExplorer:Blaster","RobotSpaceExplorer:HighVoltage"],"picked":"RobotSpaceExplorer:Multitool","floor":33},{"not_picked":["RobotSpaceExplorer:IronShell","RobotSpaceExplorer:ScrapMissile"],"picked":"RobotSpaceExplorer:Probe+1","floor":35},{"not_picked":["RobotSpaceExplorer:Probe","RobotSpaceExplorer:ShockKick"],"picked":"RobotSpaceExplorer:MiniDrones+1","floor":36},{"not_picked":["RobotSpaceExplorer:SwiftStep","RobotSpaceExplorer:Jetpack","RobotSpaceExplorer:ImprovisedAttack"],"picked":"SKIP","floor":37},{"not_picked":["RobotSpaceExplorer:GlueShot+1","RobotSpaceExplorer:ShockKick"],"picked":"RobotSpaceExplorer:FreezeRay+1","floor":38},{"not_picked":["RobotSpaceExplorer:StunGrenade+1","RobotSpaceExplorer:MiniDrones"],"picked":"RobotSpaceExplorer:GlueShot","floor":40},{"not_picked":["RobotSpaceExplorer:FrostMissile","RobotSpaceExplorer:ScrapShield+1"],"picked":"RobotSpaceExplorer:ShovelStrike+1","floor":41},{"not_picked":["RobotSpaceExplorer:GearShield+1","RobotSpaceExplorer:Probe","Exhume"],"picked":"RobotSpaceExplorer:FranticSearch+1","floor":44},{"not_picked":["RobotSpaceExplorer:Pulsar","RobotSpaceExplorer:Blitz+1","RobotSpaceExplorer:ShockKick","Rampage"],"picked":"SKIP","floor":45},{"not_picked":["RobotSpaceExplorer:Asteroid","RobotSpaceExplorer:ImprovisedAttack","Body Slam"],"picked":"RobotSpaceExplorer:ScrapMissile+1","floor":46},{"not_picked":["RobotSpaceExplorer:MetalStrike+1","RobotSpaceExplorer:FreezeRay+1","Headbutt"],"picked":"RobotSpaceExplorer:Pulsar+1","floor":48}],"player_experience":1146903,"relics_obtained":[{"floor":4.0,"key":"MealTicket"},{"floor":6.0,"key":"Bronze Scales"},{"floor":9.0,"key":"ReplayTheSpireMod:Shallot"},{"floor":11.0,"key":"RobotSpaceExplorer:BottledGravity"},{"floor":14.0,"key":"Anchor"},{"floor":24.0,"key":"Omamori"},{"floor":24.0,"key":"Replay:Bottled Steam"},{"floor":26.0,"key":"Mummified Hand"},{"floor":40,"key":"hubris:CuriousFeather"},{"floor":43,"key":"hubris:DisguiseKit"},{"floor":45,"key":"hubris:SphereOfDissonance"}],"event_choices":[{"damage_healed":0.0,"max_hp_gain":5.0,"max_hp_loss":0.0,"gold_gain":0.0,"event_name":"Big Fish","player_choice":"Donut","floor":3.0,"gold_loss":0.0,"damage_taken":0.0},{"damage_healed":0.0,"max_hp_gain":0.0,"max_hp_loss":0.0,"gold_gain":75.0,"event_name":"World of Goop","player_choice":"Gather Gold","floor":5.0,"gold_loss":0.0,"damage_taken":11.0},{"cards_removed":["RobotSpaceExplorer:Strike"],"damage_healed":0.0,"max_hp_gain":0.0,"max_hp_loss":0.0,"gold_gain":0.0,"event_name":"Bonfire Elementals","player_choice":"Offered Basic","floor":12.0,"gold_loss":0.0,"damage_taken":0.0},{"damage_healed":0.0,"max_hp_gain":0.0,"max_hp_loss":0.0,"gold_gain":0.0,"event_name":"Match and Keep!","player_choice":"1 cards matched","floor":27.0,"gold_loss":0.0,"damage_taken":0.0,"cards_obtained":["RobotSpaceExplorer:PowerCollector"]},{"damage_healed":0,"gold_gain":0,"player_choice":"Ignored","damage_taken":0,"max_hp_gain":0,"max_hp_loss":0,"event_name":"NoteForYourself","floor":39,"gold_loss":0}],"is_beta":false,"boss_relics":[{"not_picked":["vexMod:RockOfEvil","Busted Crown"],"picked":"Sozu"},{"not_picked":["Astrolabe","Replay:Wanted Poster"],"picked":"hubris:Backtick"}],"items_purged_floors":[13,21,42],"is_endless":false,"potions_floor_spawned":[2,8,14,16,19,24,29,37,41,44,45],"ascension_level":0}}