{"host":"gsmj583br51y3r1c","time":1609654901,"event":{"mods":["AchievementEnabler","BaseMod","Better Note","Colored Map","Downfall","Hermit","Highlight Path","Hubris","Infinite Spire","Marisa????????","Minty Spire (QoL Compilation)","Quick Restart","StSLib","The Administrix","The Bug Knight","The Cursed","The Disciple","The Hierophant","The Marked","The Necromancer","The Runesmith","The Servant 0.9.4","Unceasing Turn Reminder","everything is the same but u backflip on backflip"],"gold_per_floor":[99,99,99,99,99,24,70,70,88,88,104,104,104,104],"floor_reached":12,"playtime":786,"items_purged":[],"score":64,"play_id":"d33cfca9-b747-413d-ae99-02b17d89aa0e","local_time":"20210103082141","is_ascension_mode":false,"campfire_choices":[{"floor":1,"key":"RECALL"},{"data":"Guardian:PrismaticBeam","floor":6,"key":"SMITH"}],"circlet_count":0,"master_deck":["Guardian:Strike_Guardian","Guardian:Strike_Guardian","Guardian:Strike_Guardian","Guardian:Strike_Guardian","Guardian:Defend_Guardian","Guardian:Defend_Guardian","Guardian:Defend_Guardian","Guardian:Defend_Guardian","Guardian:CurlUp","Guardian:TwinSlam","Guardian:PrismaticBeam+1","Guardian:Recover","Guardian:ShieldCharger","Guardian:Harden","Guardian:Suspension"],"relics":["Guardian:ModeShifter","downfall:HeartsMalice","downfall:HeartBlessingRed","downfall:BrokenWingStatue"],"acts_visited":["Exordium"],"potions_floor_usage":[11,12],"damage_taken":[{"damage":0,"enemies":"2 Louse","floor":3,"turns":1},{"damage":0,"enemies":"Small Slimes","floor":5,"turns":1},{"damage":0,"enemies":"Cultist","floor":8,"turns":1},{"damage":0,"enemies":"3 Louse","floor":9,"turns":5},{"damage":15,"enemies":"Large Slime","floor":11,"turns":7},{"damage":0,"enemies":"Gremlin Nob","floor":12,"turns":1}],"seed_played":"6776346000388119049","potions_obtained":[{"floor":9,"key":"Swift Potion"},{"floor":11,"key":"DistilledChaos"}],"is_trial":false,"path_per_floor":["R","?","M","?","M","R","T","M","M","?","M","E"],"character_chosen":"GUARDIAN","items_purchased":[],"campfire_rested":0,"item_purchase_floors":[],"current_hp_per_floor":[80,80,80,80,80,80,80,80,80,80,65,65,65,65],"gold":104,"neow_bonus":"THREE_ENEMY_KILL","is_daily":false,"chose_seed":false,"campfire_upgraded":1,"win_rate":0.0,"timestamp":1609654901,"path_taken":["R","?","M","?","M","R","T","M","?","?","M","E"],"items_purchased_type":[],"build_version":"2020-12-22","purchased_purges":0,"victory":false,"max_hp_per_floor":[80,80,80,80,80,80,80,80,80,80,80,80,80,80],"card_choices":[{"not_picked":["Guardian:PolyBeam","Guardian:Emergency"],"picked":"Guardian:PrismaticBeam","floor":3},{"not_picked":["Guardian:ChargeCore","Guardian:Gem_Cyan"],"picked":"Guardian:Recover","floor":5},{"not_picked":["Guardian:PiercingHide","Guardian:BronzeOrb"],"picked":"Guardian:ShieldCharger","floor":8},{"not_picked":["Guardian:RollAttack","Guardian:PrismaticBarrier"],"picked":"Guardian:Harden","floor":9},{"not_picked":["Guardian:DecasProtection","Guardian:Reroute"],"picked":"Guardian:Suspension","floor":11}],"player_experience":280742,"relics_obtained":[],"event_choices":[],"is_beta":false,"boss_relics":[],"items_purged_floors":[],"is_endless":false,"potions_floor_spawned":[9,11],"killed_by":"Gremlin Nob","ascension_level":0}}