{"host":"yfdtuf6ojcxn06xg","time":1609646789,"event":{"mods":["2.2 Compatiblity","AchievementEnabler","BaseMod","Colored Map","Colored Powertips","Downfall","Hermit","JesterMod","Jorbs\u0027s Wanderer Trilogy","Minty Spire (QoL Compilation)","Quick Restart","Rare Cards Sparkle","Relic Stats","Replay The Spire","StSLib","The Cursed","The Disciple","The Hierophant","The Jungle","The Necromancer","The Servant 0.9.4"],"gold_per_floor":[118,118,43,69,69,69,104,125,125,144,144,144,165,199,199,294,294,302,217,217,209,11,11,45,41,41],"floor_reached":25,"playtime":1045,"items_purged":["hierophant:Strike_Hierophant","Sickly"],"score":242,"play_id":"985b81c1-4cf7-4947-870f-69e17aeaba82","local_time":"20210102230629","is_ascension_mode":false,"campfire_choices":[{"data":"hierophant:ChurchCoffers","floor":6,"key":"SMITH"},{"data":"hierophant:Smite","floor":11,"key":"SMITH"},{"data":"expansioncontent:BronzeBeam","floor":15,"key":"SMITH"},{"data":"jesterMod:ButterflyDance","floor":23,"key":"SMITH"}],"circlet_count":0,"master_deck":["hierophant:Strike_Hierophant","hierophant:Punish","hierophant:Defend_Hierophant","hierophant:Defend_Hierophant","hierophant:Defend_Hierophant","hierophant:Defend_Hierophant","hierophant:ChurchCoffers+1","hierophant:Doubloon","hierophant:Remorse","hierophant:PristineSoul","hierophant:Smite+1","hierophant:Smite","Enlightenment","expansioncontent:BronzeBeam+1","jesterMod:ButterflyDance+1","jesterMod:Disposophobia+1","hexamod:RecurringNightmare+1","Replay:Bootleg Shield Generator+1","jesterMod:Placebo+1"],"relics":["hierophant:PropheticMaskRelic","NeowsBlessing","Pen Nib","Snack Pack","Letter Opener","PrismaticShard","Odd Mushroom","Empty Cage","Toxic Egg 2","Golden Egg"],"acts_visited":["Exordium","TheCity"],"potions_floor_usage":[14,16,16],"damage_taken":[{"damage":0,"enemies":"Jaw Worm","floor":1,"turns":1},{"damage":0,"enemies":"Lagavulin","floor":7,"turns":1},{"damage":0,"enemies":"Cultist","floor":8,"turns":1},{"damage":0,"enemies":"Small Slimes","floor":10,"turns":2},{"damage":0,"enemies":"3 Louse","floor":13,"turns":1},{"damage":6,"enemies":"The Mushroom Lair","floor":14,"turns":3},{"damage":60,"enemies":"Hexaghost","floor":16,"turns":10},{"damage":0,"enemies":"Shell Parasite","floor":18,"turns":4},{"damage":13,"enemies":"2 Thieves","floor":21,"turns":3},{"damage":52,"enemies":"Replay:Snechameleon","floor":24,"turns":7},{"damage":19,"enemies":"Centurion and Healer","floor":25,"turns":4}],"seed_played":"8099945845215880917","potions_obtained":[{"floor":8,"key":"DuplicationPotion"},{"floor":10,"key":"AttackPotion"},{"floor":13,"key":"Milkshake"},{"floor":14,"key":"Strength Potion"}],"is_trial":false,"path_per_floor":["M","?","$","T","?","R","E","M","T","M","R","?","M","?","R","B",null,"M","?","?","M","$","R","E","M"],"character_chosen":"HIEROPHANT","items_purchased":["Replay:Bootleg Shield Generator+1"],"campfire_rested":0,"item_purchase_floors":[22],"current_hp_per_floor":[75,75,75,75,80,80,80,80,80,80,80,80,80,74,74,18,80,80,80,80,67,67,67,17,0,0],"gold":41,"neow_bonus":"THREE_ENEMY_KILL","is_daily":false,"chose_seed":false,"campfire_upgraded":4,"win_rate":0.0,"timestamp":1609646789,"path_taken":["M","?","$","?","?","R","E","M","T","M","R","?","M","?","R","BOSS","M","?","?","M","$","R","E","M"],"items_purchased_type":["Card"],"build_version":"2020-12-22","purchased_purges":2,"victory":false,"max_hp_per_floor":[75,75,75,75,80,80,80,80,80,80,80,80,80,80,80,80,80,80,80,80,80,80,80,80,80,80],"relic_stats":{"counters":[11,37],"Pen Nib":[6],"Letter Opener":[32],"obtain_stats":[{"Golden Egg":24,"NeowsBlessing":0,"hierophant:PropheticMaskRelic":0,"Pen Nib":4,"Snack Pack":7,"Letter Opener":9,"Odd Mushroom":14,"Toxic Egg 2":19,"PrismaticShard":12,"Empty Cage":17},{"Golden Egg":10,"NeowsBlessing":0,"hierophant:PropheticMaskRelic":0,"Pen Nib":1,"Snack Pack":2,"Letter Opener":3,"Odd Mushroom":6,"Toxic Egg 2":8,"PrismaticShard":4,"Empty Cage":7},{"Golden Egg":33,"NeowsBlessing":0,"hierophant:PropheticMaskRelic":0,"Pen Nib":1,"Snack Pack":2,"Letter Opener":3,"Odd Mushroom":9,"Toxic Egg 2":23,"PrismaticShard":5,"Empty Cage":19}]},"card_choices":[{"not_picked":["hierophant:SecretStash","hierophant:Dazzle"],"picked":"hierophant:Remorse","floor":1},{"not_picked":["hierophant:BulkyChest","hierophant:SealAway"],"picked":"hierophant:PristineSoul","floor":7},{"not_picked":["hierophant:RecallFunds","hierophant:Zeal"],"picked":"hierophant:Smite","floor":8},{"not_picked":["hierophant:FieryStrike","hierophant:Rebuild"],"picked":"hierophant:Smite","floor":10},{"not_picked":["Guardian:BaubleBeam","stsjorbsmod:Flame"],"picked":"Enlightenment","floor":13},{"not_picked":["Guardian:TimeBomb","expansioncontent:SuperHexaguard"],"picked":"expansioncontent:BronzeBeam","floor":14},{"not_picked":["Double Tap","champ:SwordThrow"],"picked":"jesterMod:ButterflyDance","floor":16},{"not_picked":["Echoward","champ:Circumvent"],"picked":"jesterMod:Disposophobia+1","floor":18},{"not_picked":["Sucker Punch","hermit:Snipe+1"],"picked":"hexamod:RecurringNightmare+1","floor":21},{"not_picked":["hexamod:SoulSteal+1","champ:FanOfKnives"],"picked":"jesterMod:Placebo+1","floor":24}],"player_experience":186426,"relics_obtained":[{"floor":4,"key":"Pen Nib"},{"floor":7,"key":"Snack Pack"},{"floor":9,"key":"Letter Opener"},{"floor":14,"key":"Odd Mushroom"},{"floor":24,"key":"Golden Egg"}],"event_choices":[{"damage_healed":0,"gold_gain":0,"player_choice":"Full Heal","damage_taken":0,"max_hp_gain":0,"max_hp_loss":0,"event_name":"Wheel of Change","floor":2,"gold_loss":0},{"damage_healed":0,"gold_gain":0,"player_choice":"Donut","damage_taken":0,"max_hp_gain":5,"max_hp_loss":0,"event_name":"Big Fish","floor":5,"gold_loss":0},{"damage_healed":0,"gold_gain":0,"player_choice":"Fought Mushrooms","damage_taken":0,"max_hp_gain":0,"max_hp_loss":0,"event_name":"Mushrooms","floor":14,"gold_loss":0},{"damage_healed":0,"gold_gain":0,"player_choice":"Obtained Relic","damage_taken":0,"relics_obtained":["Toxic Egg 2"],"max_hp_gain":0,"max_hp_loss":0,"event_name":"Addict","floor":19,"gold_loss":85}],"is_beta":false,"boss_relics":[{"not_picked":["Cursed Key","ChewingGum"],"picked":"Empty Cage"}],"items_purged_floors":[3,22],"is_endless":false,"potions_floor_spawned":[8,10,13,14],"killed_by":"Centurion and Healer","ascension_level":0}}