{"host":"4w8ocelhatf0iefc","time":1609691604,"event":{"mods":["AchievementEnabler","Act Like it!","Aspiration","BaseMod","Colored Map","Colored Powertips","Downfall","GifTheSpireLib","Hubris","Infinite Spire","Minty Spire (QoL Compilation)","Replay The Spire","StSLib"],"gold_per_floor":[0,17,77,23,23,35,109,135,153,212,212,1,1,16,31,31,31,31],"floor_reached":16,"playtime":775,"items_purged":["ReplayTheSpireMod:Splinters"],"score":115,"play_id":"ab51dee5-ac14-4f17-b3a3-7d6487bb86ee","local_time":"20210104003324","is_ascension_mode":true,"campfire_choices":[{"floor":11,"key":"REST"},{"data":"champ:PreciseThrust","floor":13,"key":"SMITH"}],"circlet_count":0,"master_deck":["champ:Strike","champ:Strike","champ:Strike","champ:Defend","champ:Defend","champ:Defend","champ:Execute","champ:Taunt","champ:BerserkerStyle","champ:ViciousMockery","champ:TornadoPunch","champ:BladeFlurry","champ:BladeFlurry","champ:IronFortress","champ:BringItOn","champ:FaceSlap","champ:FlashCut","champ:RecklessLeap","champ:PreciseThrust+1","champ:Haymaker","champ:GladiatorsShout","champ:EnchantSword"],"relics":["champ:ChampionCrown","Vajra","downfall:BrokenWingStatue","aspiration:StickyExplosives_weak","Guardian:PocketSentry"],"acts_visited":["Exordium"],"potions_floor_usage":[3,3,8,12,12,15,16,16],"damage_taken":[{"damage":5,"enemies":"2 Louse","floor":2,"turns":2},{"damage":54,"enemies":"Lagavulin Event","floor":3,"turns":7},{"damage":13,"enemies":"downfall:FleeingMerchant","floor":4,"turns":4},{"damage":8,"enemies":"Small Slimes","floor":6,"turns":3},{"damage":46,"enemies":"3 Sentries","floor":8,"turns":5},{"damage":4,"enemies":"Jaw Worm","floor":9,"turns":4},{"damage":15,"enemies":"downfall:FleeingMerchant","floor":12,"turns":4},{"damage":2,"enemies":"Blue Slaver","floor":14,"turns":2},{"damage":0,"enemies":"Exordium Wildlife","floor":15,"turns":3},{"damage":46,"enemies":"downfall:Ironclad","floor":16,"turns":7}],"seed_played":"-4016330718414970069","potions_obtained":[{"floor":1,"key":"Venom Potion"},{"floor":1,"key":"BlessingOfTheForge"},{"floor":3,"key":"SmokeBomb"},{"floor":6,"key":"ColorlessPotion"},{"floor":10,"key":"infinitespire:BlackPotion"},{"floor":10,"key":"Adrenaline Potion"},{"floor":10,"key":"Death Potion"},{"floor":14,"key":"Slimebound:ThreeZeroPotion"},{"floor":15,"key":"Languid Potion"}],"is_trial":false,"path_per_floor":["R_BF","M","?","$","?","M","T","E","M","?","R","$","R","M","M","B"],"character_chosen":"THE_CHAMP","items_purchased":["champ:BladeFlurry","champ:PreciseThrust","champ:Haymaker"],"campfire_rested":1,"item_purchase_floors":[4,12,12],"current_hp_per_floor":[90,90,49,49,49,49,49,24,22,22,49,41,41,39,39,0,0,0],"gold":31,"neow_bonus":"REMOVE_TWO","is_daily":false,"chose_seed":false,"campfire_upgraded":1,"win_rate":0.0,"timestamp":1609691604,"path_taken":["R_BF","M","?","$","?","M","T","E","M","?","R","?","R","?","M","BOSS"],"items_purchased_type":["Card","Card","Card"],"build_version":"2020-12-22","purchased_purges":1,"victory":false,"max_hp_per_floor":[90,90,90,90,90,90,90,90,90,90,90,90,90,90,90,90,90,90],"card_choices":[{"not_picked":["champ:FocusedBerserking","champ:CrookedStrike"],"picked":"champ:BerserkerStyle","floor":2},{"not_picked":["champ:EnGarde","champ:RageSigil"],"picked":"champ:ViciousMockery","floor":3},{"not_picked":["champ:PerfectedStrike","champ:ViciousMockery"],"picked":"champ:TornadoPunch","floor":4},{"not_picked":["champ:CrookedStrike","champ:Haymaker"],"picked":"champ:IronFortress","floor":6},{"not_picked":["champ:EnragedBash","champ:GladiatorsShout"],"picked":"champ:BringItOn","floor":8},{"not_picked":["champ:ShieldSigil","champ:CrookedStrike"],"picked":"champ:FaceSlap","floor":9},{"not_picked":["champ:BringItOn","champ:PerfectedStrike"],"picked":"champ:FlashCut","floor":10},{"not_picked":["champ:SteelEdge","champ:BringItOn"],"picked":"champ:RecklessLeap","floor":12},{"not_picked":["champ:Encircle","champ:DefensiveShout"],"picked":"champ:GladiatorsShout","floor":14},{"not_picked":["champ:RageSigil","champ:TornadoPunch"],"picked":"champ:EnchantSword","floor":15}],"player_experience":509679,"relics_obtained":[{"floor":3,"key":"Vajra"},{"floor":7,"key":"aspiration:StickyExplosives_weak"},{"floor":8,"key":"Guardian:PocketSentry"}],"event_choices":[],"is_beta":false,"boss_relics":[],"items_purged_floors":[12],"is_endless":false,"potions_floor_spawned":[3,6,14,15],"killed_by":"downfall:Ironclad","ascension_level":3}}