{"host":"zbil83pxxc2mtv2l","time":1609633385,"event":{"mods":["BaseMod","Minty Spire (QoL Compilation)","StSLib","The Marked","The Senshi","The Servant 0.9.4"],"gold_per_floor":[119,130,150,49,124,150,150,163,163,182,182,8,18,34,34,138,138,158,178,189,27,27,27,27,53,80,80,108,33,33,51,51,150,150,160,160,172,183,33,33,33,45,68,68,118,118,118,137,137,137],"floor_reached":51,"playtime":4737,"items_purged":["theMarked:Strike","theMarked:Strike","theMarked:Strike","theMarked:ElectricStrings"],"score":662,"play_id":"6b1c7253-f24e-4d1f-bea0-e2b9e6c5f7f9","local_time":"20210102192305","is_ascension_mode":false,"campfire_choices":[{"data":"theMarked:MysticalArsenal","floor":7.0,"key":"SMITH"},{"floor":15.0,"key":"REST"},{"data":"theMarked:ComboAttacks","floor":23.0,"key":"SMITH"},{"data":"theMarked:HeritageOfTheMarked","floor":27.0,"key":"SMITH"},{"data":"theMarked:BanishingWave","floor":30.0,"key":"SMITH"},{"floor":32.0,"key":"REST"},{"floor":40.0,"key":"REST"},{"floor":44.0,"key":"REST"},{"floor":49.0,"key":"REST"}],"circlet_count":0,"master_deck":["theMarked:Defend","theMarked:Defend","theMarked:Defend","theMarked:Defend","theMarked:SoldierOfQuellstein+1","theMarked:BanishingStrike","theMarked:WardOff","theMarked:ChainLightning","theMarked:MysticalArsenal+1","theMarked:BanishingStrike","theMarked:RepellingDischarge","theMarked:HeritageOfTheMarked+1","theMarked:Aftermath","theMarked:WardOff","theMarked:FavorableWinds","theMarked:DeterminationOfTheMarked+1","theMarked:BanishingStrike","theMarked:BanishingWave+1","theMarked:ComboAttacks+1","theMarked:WardOff+1","theMarked:SummonStrength","theMarked:Opportunist+1","theMarked:Challenge","theMarked:Seal+1","theMarked:WardOff+1","theMarked:WardOff+1"],"relics":["theMarked:ArtifactOfAir","Strawberry","Sundial","Velvet Choker","WingedGreaves","Tiny Chest","Art of War","theMarked:SpiritSword","MealTicket","Prayer Wheel","Mummified Hand"],"acts_visited":["Exordium","TheCity","TheBeyond"],"potions_floor_usage":[50,50],"damage_taken":[{"damage":3.0,"enemies":"2 Louse","floor":1.0,"turns":3.0},{"damage":6.0,"enemies":"Jaw Worm","floor":2.0,"turns":3.0},{"damage":6.0,"enemies":"Cultist","floor":3.0,"turns":5.0},{"damage":8.0,"enemies":"Lagavulin","floor":6.0,"turns":6.0},{"damage":1.0,"enemies":"2 Fungi Beasts","floor":8.0,"turns":3.0},{"damage":0.0,"enemies":"Looter","floor":10.0,"turns":4.0},{"damage":7.0,"enemies":"Blue Slaver","floor":13.0,"turns":3.0},{"damage":7.0,"enemies":"Red Slaver","floor":14.0,"turns":5.0},{"damage":15.0,"enemies":"Hexaghost","floor":16.0,"turns":9.0},{"damage":12.0,"enemies":"2 Thieves","floor":18.0,"turns":4.0},{"damage":0.0,"enemies":"Spheric Guardian","floor":19.0,"turns":4.0},{"damage":4.0,"enemies":"Shelled Parasite and Fungi","floor":20.0,"turns":5.0},{"damage":21.0,"enemies":"Book of Stabbing","floor":25.0,"turns":5.0},{"damage":17.0,"enemies":"Slavers","floor":28.0,"turns":4.0},{"damage":13.0,"enemies":"Sentry and Sphere","floor":31.0,"turns":4.0},{"damage":19.0,"enemies":"Automaton","floor":33.0,"turns":7.0},{"damage":17.0,"enemies":"3 Shapes","floor":35.0,"turns":4.0},{"damage":0.0,"enemies":"Orb Walker","floor":37.0,"turns":2.0},{"damage":30.0,"enemies":"Spire Growth","floor":38.0,"turns":4.0},{"damage":34.0,"enemies":"Transient","floor":42.0,"turns":5.0},{"damage":0.0,"enemies":"Mind Bloom Boss Battle","floor":45.0,"turns":6.0},{"damage":0.0,"enemies":"Jaw Worm Horde","floor":48.0,"turns":3.0},{"damage":50,"enemies":"Time Eater","floor":50,"turns":12}],"seed_played":"-6458392459464736185","potions_obtained":[{"floor":1.0,"key":"SteroidPotion"},{"floor":3.0,"key":"SteroidPotion"},{"floor":8.0,"key":"Explosive Potion"},{"floor":14.0,"key":"Block Potion"},{"floor":19.0,"key":"Ancient Potion"},{"floor":20.0,"key":"Strength Potion"},{"floor":28.0,"key":"SneckoOil"},{"floor":45.0,"key":"Swift Potion"},{"floor":48.0,"key":"FearPotion"}],"is_trial":false,"path_per_floor":["M","M","M","$","?","E","R","M","T","M","?","$","M","M","R","B",null,"M","M","M","$","?","R","?","E","T","R","E","$","R","M","R","B",null,"M","?","M","M","$","R","$","M","T","R","?","T","?","M","R","B",null],"character_chosen":"THE_DEFAULT","items_purchased":["theMarked:ChainLightning","theMarked:HeritageOfTheMarked","theMarked:BanishingWave","Regen Potion"],"campfire_rested":5,"item_purchase_floors":[4,12,21,29],"current_hp_per_floor":[74,68,62,62,51,50,50,49,49,49,49,49,42,35,60,45,84,72,72,68,68,68,68,84,63,63,63,46,46,46,33,58,54,84,67,67,67,37,37,62,62,28,28,53,53,53,53,53,78,28],"gold":137,"neow_bonus":"TEN_PERCENT_HP_BONUS","is_daily":false,"chose_seed":false,"campfire_upgraded":4,"win_rate":0.0,"timestamp":1609633385,"path_taken":["M","M","M","$","?","E","R","M","T","M","?","$","M","M","R","BOSS","M","M","M","$","?","R","?","E","T","R","E","$","R","M","R","BOSS","M","?","?","M","$","R","$","M","T","R","?","?","?","?","R","BOSS"],"items_purchased_type":["Card","Card","Card","Potion"],"build_version":"2020-12-22","purchased_purges":4,"victory":true,"max_hp_per_floor":[77,77,77,77,77,84,84,84,84,84,84,84,84,84,84,84,84,84,84,84,84,84,84,84,84,84,84,84,84,84,84,84,84,84,84,84,84,84,84,84,84,84,84,84,84,84,84,84,84,84],"card_choices":[{"not_picked":["theMarked:SelfDefenseTraining","theMarked:Parry"],"picked":"theMarked:BanishingStrike","floor":1.0},{"not_picked":["theMarked:Standoff","theMarked:LightningStrikesTwice"],"picked":"theMarked:ElectricStrings","floor":2.0},{"not_picked":["theMarked:WastefulDefense","theMarked:ChainLightning"],"picked":"theMarked:WardOff","floor":3.0},{"not_picked":["theMarked:PowerFlow","theMarked:EnhanceMovement"],"picked":"theMarked:MysticalArsenal","floor":6.0},{"not_picked":["theMarked:WastefulAttack","theMarked:TwofoldDefense"],"picked":"theMarked:BanishingStrike","floor":8.0},{"not_picked":["theMarked:WastefulAttack","theMarked:SwordAndMagic"],"picked":"theMarked:RepellingDischarge","floor":10.0},{"not_picked":["theMarked:Improvise","theMarked:Parry"],"picked":"theMarked:Aftermath","floor":13.0},{"not_picked":["theMarked:ShockingTouch","theMarked:WastefulAttack"],"picked":"theMarked:WardOff","floor":14.0},{"not_picked":["theMarked:MagicAdept","theMarked:Levitate"],"picked":"theMarked:FavorableWinds","floor":16.0},{"not_picked":["theMarked:ChainLightning","theMarked:TunnelVision"],"picked":"theMarked:DeterminationOfTheMarked+1","floor":18.0},{"not_picked":["theMarked:Electrify+1","theMarked:WastefulAttack"],"picked":"theMarked:BanishingStrike","floor":19.0},{"not_picked":["theMarked:WastefulDefense","theMarked:SwordAndMagic","theMarked:ElectricStrings+1"],"picked":"SKIP","floor":20.0},{"not_picked":["theMarked:WastefulDefense","theMarked:SelfDefenseTraining"],"picked":"theMarked:WardOff+1","floor":25.0},{"not_picked":["theMarked:WardOff","theMarked:Polarize"],"picked":"theMarked:SummonStrength","floor":28.0},{"not_picked":["theMarked:EnhanceMovement","theMarked:ChainLightning+1"],"picked":"theMarked:Opportunist+1","floor":31.0},{"not_picked":["theMarked:ThrowWeapon","theMarked:Snap"],"picked":"theMarked:Challenge","floor":33.0},{"not_picked":["theMarked:Overcharge","theMarked:WastefulDefense+1"],"picked":"theMarked:Seal+1","floor":35.0},{"not_picked":["theMarked:Electrify+1","theMarked:HeightenedSenses+1","theMarked:Convert+1"],"picked":"SKIP","floor":37.0},{"not_picked":["theMarked:Parkour+1","theMarked:ElementalBlade","theMarked:EnhanceMovement"],"picked":"SKIP","floor":38.0},{"not_picked":["theMarked:WastefulAttack","theMarked:SwordAndMagic","theMarked:Parry"],"picked":"SKIP","floor":42.0},{"not_picked":["theMarked:Improvise+1","theMarked:UnarmedFury"],"picked":"theMarked:WardOff+1","floor":45.0},{"not_picked":["theMarked:MaelstromOfLightning+1","theMarked:WastefulDefense"],"picked":"theMarked:WardOff+1","floor":48.0},{"not_picked":["theMarked:Polarize","theMarked:ReduceFriction+1","theMarked:ShockingTouch+1"],"picked":"SKIP","floor":48.0}],"player_experience":252250,"relics_obtained":[{"floor":6.0,"key":"Strawberry"},{"floor":9.0,"key":"Sundial"},{"floor":25.0,"key":"WingedGreaves"},{"floor":26.0,"key":"Tiny Chest"},{"floor":28.0,"key":"Art of War"},{"floor":43.0,"key":"MealTicket"},{"floor":45.0,"key":"Prayer Wheel"},{"floor":46.0,"key":"Mummified Hand"}],"event_choices":[{"damage_healed":0.0,"max_hp_gain":0.0,"max_hp_loss":0.0,"gold_gain":75.0,"event_name":"World of Goop","player_choice":"Gather Gold","floor":5.0,"gold_loss":0.0,"damage_taken":11.0},{"damage_healed":0.0,"max_hp_gain":0.0,"max_hp_loss":0.0,"gold_gain":0.0,"event_name":"Living Wall","player_choice":"Grow","floor":11.0,"gold_loss":0.0,"damage_taken":0.0,"cards_upgraded":["theMarked:SoldierOfQuellstein"]},{"damage_healed":0.0,"max_hp_gain":0.0,"max_hp_loss":0.0,"gold_gain":0.0,"cards_transformed":["theMarked:Strike","theMarked:Strike"],"event_name":"Drug Dealer","player_choice":"Became Test Subject","floor":22.0,"gold_loss":0.0,"damage_taken":0.0,"cards_obtained":["theMarked:MaelstromOfLightning","theMarked:ComboAttacks"]},{"damage_healed":28.0,"max_hp_gain":0.0,"max_hp_loss":0.0,"gold_gain":0.0,"event_name":"The Library","player_choice":"Heal","floor":24.0,"gold_loss":0.0,"damage_taken":0.0},{"cards_removed":["theMarked:MaelstromOfLightning"],"damage_healed":0.0,"max_hp_gain":0.0,"max_hp_loss":0.0,"gold_gain":0.0,"event_name":"Purifier","player_choice":"Purged","floor":36.0,"gold_loss":0.0,"damage_taken":0.0},{"damage_healed":0.0,"max_hp_gain":0.0,"max_hp_loss":0.0,"gold_gain":0.0,"event_name":"MindBloom","player_choice":"Fight","floor":45.0,"gold_loss":0.0,"damage_taken":0.0},{"damage_healed":0.0,"max_hp_gain":0.0,"max_hp_loss":0.0,"gold_gain":0.0,"event_name":"SecretPortal","player_choice":"Ignored","floor":47.0,"gold_loss":0.0,"damage_taken":0.0}],"is_beta":false,"boss_relics":[{"not_picked":["Astrolabe","Coffee Dripper"],"picked":"Velvet Choker"},{"not_picked":["Cursed Key","Philosopher\u0027s Stone"],"picked":"theMarked:SpiritSword"}],"items_purged_floors":[4,12,21,39],"is_endless":false,"potions_floor_spawned":[1,3,8,13,14,19,20,28,45,48],"ascension_level":0}}