{"host":"qm4rv4rkpk76sbxu","time":1609703018,"event":{"mods":["BaseMod","Bestiary","Block Reminder","Filter the Spire","Keyboard Shortcuts","Minty Spire (QoL Compilation)","MonsterHotkey","Potion Indicator Mod","Quick Restart","Relic Stats","Slay-I","StSLib","ojb\u0027s Better Paths Mod"],"gold_per_floor":[115,115,133,98,117,117,133,164,164,181,119,148,11,11,11,107,107,131,131,131,150,165,203,203,234,234,96,8,8,8,51,51,51,51],"floor_reached":33,"playtime":1280,"items_purged":[],"score":722,"play_id":"37c50aad-2edc-4b92-94ec-4045c513bcd3","local_time":"20210103204338","is_ascension_mode":true,"campfire_choices":[{"data":"Beam Cell","floor":6.0,"key":"SMITH"},{"data":"Core Surge","floor":15.0,"key":"SMITH"},{"data":"Seek","floor":24.0,"key":"SMITH"},{"floor":32.0,"key":"REST"}],"circlet_count":0,"master_deck":["AscendersBane","Strike_B+1","Strike_B+1","Strike_B+1","Strike_B+1","Defend_B+1","Defend_B+1","Defend_B+1","Defend_B+1","Zap","Dualcast","Rainbow","Cold Snap","Beam Cell+1","Melter","Ball Lightning","Lockon","Beam Cell","Core Surge+1","Seek+1","Go for the Eyes","BootSequence","Reinforced Body","Clumsy","Self Repair","Steam","Writhe","Defragment"],"relics":["Cracked Core","Vajra","Shuriken","Kunai","Golden Idol","Cursed Key","MutagenicStrength","Blood Vial","Darkstone Periapt","The Courier","ClockworkSouvenir","Gremlin Horn","DataDisk"],"acts_visited":["Exordium","TheCity"],"potions_floor_usage":[33],"damage_taken":[{"damage":12.0,"enemies":"Small Slimes","floor":1.0,"turns":4.0},{"damage":10.0,"enemies":"Jaw Worm","floor":3.0,"turns":3.0},{"damage":4.0,"enemies":"2 Louse","floor":5.0,"turns":2.0},{"damage":17.0,"enemies":"Exordium Wildlife","floor":7.0,"turns":3.0},{"damage":7.0,"enemies":"Gremlin Nob","floor":8.0,"turns":3.0},{"damage":0.0,"enemies":"Large Slime","floor":10.0,"turns":4.0},{"damage":10.0,"enemies":"3 Sentries","floor":12.0,"turns":5.0},{"damage":0.0,"enemies":"Slime Boss","floor":16.0,"turns":6.0},{"damage":3.0,"enemies":"Shell Parasite","floor":18.0,"turns":2.0},{"damage":0.0,"enemies":"Chosen","floor":21.0,"turns":3.0},{"damage":17.0,"enemies":"Shelled Parasite and Fungi","floor":22.0,"turns":4.0},{"damage":13.0,"enemies":"Slavers","floor":23.0,"turns":4.0},{"damage":8.0,"enemies":"Gremlin Leader","floor":25.0,"turns":6.0},{"damage":18.0,"enemies":"Slavers","floor":31.0,"turns":5.0},{"damage":51,"enemies":"Collector","floor":33,"turns":6}],"seed_played":"-4486489307593018172","potions_obtained":[{"floor":1.0,"key":"Fruit Juice"},{"floor":7.0,"key":"SkillPotion"},{"floor":12.0,"key":"Swift Potion"},{"floor":22.0,"key":"LiquidMemories"},{"floor":23.0,"key":"CultistPotion"},{"floor":25.0,"key":"Fire Potion"}],"is_trial":false,"path_per_floor":["M","?","M","?","M","R","M","E","T","M","?","E","$","?","R","B",null,"M","?","?","M","M","E","R","E","T","$","$","?","?","E","R","B"],"character_chosen":"DEFECT","items_purchased":["BlessingOfTheForge","Seek","ClockworkSouvenir","Self Repair","Steam"],"campfire_rested":1,"item_purchase_floors":[13,13,27,28,28],"current_hp_per_floor":[52,31,21,38,34,34,17,10,10,10,10,5,5,5,5,5,53,50,50,50,50,33,20,20,14,20,20,20,20,26,17,41,0,0],"gold":51,"neow_bonus":"ONE_RANDOM_RARE_CARD","is_daily":false,"chose_seed":false,"campfire_upgraded":3,"win_rate":0.0,"timestamp":1609703018,"path_taken":["M","?","M","?","M","R","M","E","T","M","?","E","?","?","R","BOSS","M","?","?","M","M","E","R","E","T","?","$","?","?","E","R","BOSS"],"items_purchased_type":["Potion","Card","Relic","Card","Card"],"build_version":"2020-12-22","purchased_purges":0,"victory":false,"max_hp_per_floor":[71,71,71,71,71,71,71,71,71,71,71,76,76,69,69,69,69,69,69,69,69,69,69,69,69,75,75,75,75,81,81,81,81,81],"relic_stats":{"Blood Vial":6,"Darkstone Periapt":12,"Gremlin Horn":[4,4],"counters":[15,60],"Shuriken":[24],"Golden Idol":54,"Kunai":[20],"Cursed Key":1,"obtain_stats":[{"Darkstone Periapt":25,"Gremlin Horn":30,"Golden Idol":14,"Vajra":8,"The Courier":26,"Cursed Key":17,"ClockworkSouvenir":27,"Blood Vial":23,"DataDisk":31,"Shuriken":9,"MutagenicStrength":20,"Kunai":12,"Cracked Core":0},{"Darkstone Periapt":13,"Gremlin Horn":13,"Golden Idol":7,"Vajra":5,"The Courier":13,"Cursed Key":8,"ClockworkSouvenir":13,"Blood Vial":12,"DataDisk":14,"Shuriken":5,"MutagenicStrength":9,"Kunai":7,"Cracked Core":0},{"Darkstone Periapt":49,"Gremlin Horn":49,"Golden Idol":24,"Vajra":15,"The Courier":49,"Cursed Key":30,"ClockworkSouvenir":49,"Blood Vial":43,"DataDisk":54,"Shuriken":15,"MutagenicStrength":32,"Kunai":24,"Cracked Core":0}]},"card_choices":[{"not_picked":["Leap","Compile Driver"],"picked":"Cold Snap","floor":1.0},{"not_picked":["Leap","Gash"],"picked":"Beam Cell","floor":3.0},{"not_picked":["Skim","Beam Cell"],"picked":"Melter","floor":5.0},{"not_picked":["Go for the Eyes","Leap"],"picked":"Ball Lightning","floor":7.0},{"not_picked":["Force Field","Stack"],"picked":"Lockon","floor":8.0},{"not_picked":["Lockon","Blizzard"],"picked":"Beam Cell","floor":10.0},{"not_picked":["Streamline","Hologram"],"picked":"Core Surge","floor":12.0},{"not_picked":["Redo","Gash"],"picked":"Go for the Eyes","floor":18.0},{"not_picked":["Beam Cell","Steam Power","Rip and Tear"],"picked":"SKIP","floor":21.0},{"not_picked":["Consume","Turbo","Gash"],"picked":"SKIP","floor":22.0},{"not_picked":["Steam Power","Stack","Force Field"],"picked":"SKIP","floor":23.0},{"not_picked":["Defragment","Compile Driver"],"picked":"Reinforced Body","floor":25.0},{"not_picked":["Creative AI","Compile Driver"],"picked":"Defragment","floor":31.0}],"player_experience":1188531,"relics_obtained":[{"floor":8.0,"key":"Vajra"},{"floor":9.0,"key":"Shuriken"},{"floor":12.0,"key":"Kunai"},{"floor":23.0,"key":"Blood Vial"},{"floor":25.0,"key":"Darkstone Periapt"},{"floor":26.0,"key":"The Courier"},{"floor":31.0,"key":"DataDisk"}],"event_choices":[{"damage_healed":0.0,"max_hp_gain":0.0,"max_hp_loss":0.0,"gold_gain":0.0,"event_name":"Shining Light","player_choice":"Entered Light","floor":2.0,"gold_loss":0.0,"damage_taken":21.0,"cards_upgraded":["Defend_B","Strike_B"]},{"damage_healed":17.0,"max_hp_gain":0.0,"max_hp_loss":0.0,"gold_gain":0.0,"event_name":"The Cleric","player_choice":"Healed","floor":4.0,"gold_loss":35.0,"damage_taken":0.0},{"damage_healed":0.0,"max_hp_gain":0.0,"max_hp_loss":0.0,"gold_gain":0.0,"event_name":"World of Goop","player_choice":"Left Gold","floor":11.0,"gold_loss":62.0,"damage_taken":0.0},{"damage_healed":0.0,"max_hp_gain":0.0,"max_hp_loss":7.0,"gold_gain":0.0,"event_name":"Golden Idol","player_choice":"Lose Max HP","floor":14.0,"gold_loss":0.0,"damage_taken":0.0,"relics_obtained":["Golden Idol"]},{"damage_healed":0.0,"max_hp_gain":0.0,"max_hp_loss":0.0,"gold_gain":0.0,"event_name":"The Library","player_choice":"Read","floor":19.0,"gold_loss":0.0,"damage_taken":0.0,"cards_obtained":["BootSequence"]},{"damage_healed":0.0,"max_hp_gain":0.0,"max_hp_loss":0.0,"gold_gain":0.0,"event_name":"Drug Dealer","player_choice":"Inject Mutagens","floor":20.0,"gold_loss":0.0,"damage_taken":0.0,"relics_obtained":["MutagenicStrength"]},{"damage_healed":0.0,"max_hp_gain":0.0,"max_hp_loss":0.0,"gold_gain":0.0,"event_name":"Back to Basics","player_choice":"Simplicity","floor":29.0,"gold_loss":0.0,"damage_taken":0.0,"cards_upgraded":["Strike_B","Strike_B","Strike_B","Defend_B","Defend_B","Defend_B"]},{"damage_healed":0.0,"max_hp_gain":0.0,"max_hp_loss":0.0,"gold_gain":0.0,"event_name":"The Mausoleum","player_choice":"Opened","floor":30.0,"gold_loss":0.0,"damage_taken":0.0,"relics_obtained":["Gremlin Horn"],"cards_obtained":["Writhe"]}],"is_beta":false,"boss_relics":[{"not_picked":["Calling Bell","Coffee Dripper"],"picked":"Cursed Key"}],"items_purged_floors":[],"is_endless":false,"potions_floor_spawned":[1,7,12,22,23,25],"killed_by":"Collector","ascension_level":20}}