{"host":"kiauivt48syq9iz6","time":1609683522,"event":{"mods":["A Magickal Journey","BaseMod","Conspire","Downfall","Hermit","Minty Spire (QoL Compilation)","Replay The Spire","SIMod","Somnambulant","StSLib","The Animator","The Construct","The Cursed","The Disciple","The Forsaken","The Judge","The Marked","The Runesmith","The Servant 0.9.4","The Spell Scribe"],"gold_per_floor":[113,5,5,5,16,16,29,29,29,3,3,3,3,16,16,120,120,132,45,45,45,45,45,62,89,89,89,89],"floor_reached":27,"playtime":767,"items_purged":[],"score":317,"play_id":"feaf1c29-ac69-4bf2-9648-c9e7c39c755e","local_time":"20210103071842","is_ascension_mode":false,"campfire_choices":[{"data":"Darkness","floor":6,"key":"SMITH"},{"data":"Zap","floor":11,"key":"SMITH"},{"floor":13,"key":"REST"},{"floor":15,"key":"DIG"},{"floor":23,"key":"REST"}],"circlet_count":0,"master_deck":["Strike_B+2","Strike_B+1","Strike_B+1","Strike_B+1","Defend_B+1","Defend_B+1","Defend_B+2","Defend_B+2","Zap+1","Dualcast","Redo","Cold Snap+1","FTL+1","Darkness+1","ReplayTheSpireMod:GoodbyeWorld","Hallucinations","Barrage","Chaos","Hallucinations","CommonCold","ReplayTheSpireMod:Faulty Equipment","ReplayGash","Leap+1","Defragment","Coolheaded","Necronomicurse","Conserve Battery","Gash+1"],"relics":["Sozu","Replay:Bottled Eggs","conspire:Boomerang","ReplayTheSpireMod:Ring of Challenge","Simple Rune","Oddly Smooth Stone","Replay:Ancient Bell","Regal Pillow","Snack Pack","Ice Cream","Prayer Wheel","Necronomicon","Prayer Wheel","Pen Nib","Molten Egg 2"],"acts_visited":["Exordium","TheCity"],"potions_floor_usage":[],"damage_taken":[{"damage":1,"enemies":"Jaw Worm","floor":1,"turns":3},{"damage":0,"enemies":"Small Slimes","floor":5,"turns":3},{"damage":0,"enemies":"Cultist","floor":7,"turns":3},{"damage":4,"enemies":"3 Louse","floor":14,"turns":3},{"damage":23,"enemies":"Fading Forest","floor":16,"turns":11},{"damage":33,"enemies":"Shell Parasite","floor":18,"turns":6},{"damage":8,"enemies":"Spheric Guardian","floor":24,"turns":4},{"damage":48,"enemies":"Book of Stabbing","floor":25,"turns":7},{"damage":19,"enemies":"Snake Plant","floor":27,"turns":3}],"seed_played":"4554010347579197786","potions_obtained":[],"is_trial":false,"path_per_floor":["M","$","?","?","M","R","M","?","T","$","R","?","R","M","R","B",null,"M","$","?","?","?","R","M","E","T","M"],"character_chosen":"DEFECT","items_purchased":["Cold Snap","FTL","Barrage","Defragment","Coolheaded"],"campfire_rested":2,"item_purchase_floors":[2,2,10,19,19],"current_hp_per_floor":[74,74,67,67,67,67,67,67,67,67,67,52,74,70,70,65,75,46,46,30,30,30,67,61,17,17,0,0],"gold":89,"neow_bonus":"BOSS_RELIC","is_daily":false,"chose_seed":false,"campfire_upgraded":2,"win_rate":0.0,"timestamp":1609683522,"path_taken":["M","$","?","?","?","R","M","?","T","$","R","?","R","M","R","BOSS","M","$","?","?","?","R","?","E","T","M"],"items_purchased_type":["Card","Card","Card","Card","Card"],"build_version":"2020-12-22","purchased_purges":0,"victory":false,"max_hp_per_floor":[75,75,75,75,75,75,75,75,75,75,75,75,75,75,75,75,75,75,75,75,75,75,75,75,75,75,75,75],"card_choices":[{"not_picked":["Double Energy","Compile Driver"],"picked":"Redo","floor":1},{"not_picked":["Sweeping Beam","Beam Cell"],"picked":"Darkness","floor":5},{"not_picked":["Hologram","Barrage"],"picked":"ReplayTheSpireMod:GoodbyeWorld","floor":7},{"not_picked":["Leap","BootSequence"],"picked":"Chaos","floor":14},{"not_picked":["Multi-Cast","Electrodynamics"],"picked":"ReplayTheSpireMod:Fabricate Wheel","floor":16},{"not_picked":["WordoMod:FoggyMind","Replay:Hysterical Blindness"],"picked":"Hallucinations","floor":17},{"not_picked":["sneckomod:Bewildered","Looming Evil"],"picked":"CommonCold","floor":17},{"not_picked":["CurseOfTheBell","Languid"],"picked":"ReplayTheSpireMod:Faulty Equipment","floor":17},{"not_picked":["Rip and Tear","Steam+1"],"picked":"ReplayGash","floor":18},{"not_picked":["Barrage+1","Compile Driver"],"picked":"Leap+1","floor":18},{"not_picked":["Sweeping Beam","Compile Driver"],"picked":"ReplayTheSpireMod:Fabricate Wheel","floor":24},{"not_picked":["Go for the Eyes+1","Streamline+1"],"picked":"Conserve Battery","floor":24},{"not_picked":["Ball Lightning+1","Hologram"],"picked":"Gash+1","floor":25}],"player_experience":146371,"relics_obtained":[{"floor":8,"key":"ReplayTheSpireMod:Ring of Challenge"},{"floor":9,"key":"Simple Rune"},{"floor":15,"key":"Oddly Smooth Stone"},{"floor":20,"key":"Necronomicon"},{"floor":25,"key":"Pen Nib"},{"floor":26,"key":"Molten Egg 2"}],"event_choices":[{"damage_healed":0,"gold_gain":0,"player_choice":"Success","damage_taken":7,"relics_obtained":["Replay:Bottled Eggs"],"max_hp_gain":0,"max_hp_loss":0,"event_name":"Scrap Ooze","floor":3,"gold_loss":0},{"cards_removed":["FTL"],"damage_healed":0,"gold_gain":0,"player_choice":"Gave Card","damage_taken":0,"relics_obtained":["conspire:Boomerang"],"max_hp_gain":0,"max_hp_loss":0,"event_name":"WeMeetAgain","floor":4,"gold_loss":0},{"damage_healed":0,"gold_gain":0,"player_choice":"Entered Light","damage_taken":15,"max_hp_gain":0,"max_hp_loss":0,"event_name":"Shining Light","floor":12,"gold_loss":0,"cards_upgraded":["Strike_B","FTL"]},{"damage_healed":0,"gold_gain":0,"player_choice":"Obtained Book","damage_taken":16,"max_hp_gain":0,"max_hp_loss":0,"event_name":"Cursed Tome","floor":20,"gold_loss":0},{"damage_healed":0,"gold_gain":0,"player_choice":"Simplicity","damage_taken":0,"max_hp_gain":0,"max_hp_loss":0,"event_name":"Back to Basics","floor":21,"gold_loss":0,"cards_upgraded":["Strike_B","Strike_B","Strike_B","Strike_B","Defend_B","Defend_B","Defend_B","Defend_B"]}],"is_beta":false,"boss_relics":[{"not_picked":["conspire:SpecialSausage","Kintsugi"],"picked":"Replay:Ancient Bell"},{"not_picked":["Grinning Jar","War Paint"],"picked":"Regal Pillow"},{"not_picked":["Meat on the Bone","Iron Hammer"],"picked":"Snack Pack"},{"not_picked":["Peace Pipe","construct:BoolHorns"],"picked":"Ice Cream"}],"items_purged_floors":[],"is_endless":false,"potions_floor_spawned":[1,14,24],"killed_by":"Snake Plant","ascension_level":0}}