{"host":"3iouabftir4t7z56","time":1609633193,"event":{"mods":["2.2 Compatiblity","Act Like it!","BaseMod","Colored Map","Hallownest","Minty Spire (QoL Compilation)","StSLib","The Bug Knight"],"gold_per_floor":[115,128,128,128,140,140,156,174,174,209,209,209,234,159,159,159,159],"floor_reached":16,"playtime":928,"items_purged":["HollowMod:BaldurShell"],"score":110,"play_id":"2c4329ae-023b-4abb-b7f1-43deb6b0f4fa","local_time":"20210103011953","is_ascension_mode":false,"campfire_choices":[{"data":"HollowMod:DescendingDark","floor":6,"key":"SMITH"},{"floor":11,"key":"REST"},{"floor":15,"key":"REST"}],"circlet_count":0,"master_deck":["HollowMod:NailStrikeStart","HollowMod:NailStrikeStart","HollowMod:NailStrikeStart","HollowMod:NailStrikeStart","HollowMod:QuickDashStart","HollowMod:QuickDashStart","HollowMod:QuickDashStart","HollowMod:QuickDashStart","HollowMod:PogoStrike","HollowMod:SiblingsSouls","Hallownest:curseDreamersLament","HollowMod:DescendingDark+1","HollowMod:GreatSlash","HollowMod:DescendingDark","HollowMod:DescendingDark","HollowMod:SlysStrikes"],"relics":["HollowMod:VesselMask","NeowsBlessing","Hallownest:TeacherSealRelic","Girya","FossilizedHelix","Hallownest:DreamNailRelic","Pocketwatch"],"acts_visited":["Hallownest:Greenpath"],"potions_floor_usage":[10,10,10],"damage_taken":[{"damage":1,"enemies":"Hallownest:2_Tiktiks_and_1_Crawlid","floor":1,"turns":1},{"damage":0,"enemies":"Hallownest:monsterHuskGuard","floor":2,"turns":1},{"damage":0,"enemies":"2_ Uuma","floor":5,"turns":1},{"damage":41,"enemies":"Hallownest:Guard_and_Warrior","floor":7,"turns":8},{"damage":9,"enemies":"Hallownest:monsterMossCharger","floor":8,"turns":5},{"damage":13,"enemies":"Hallownest:eliteMossKnight","floor":10,"turns":11},{"damage":13,"enemies":"Hallownest:eliteVengeflyKing","floor":13,"turns":4},{"damage":51,"enemies":"Hallownest:BossFalseKnight","floor":16,"turns":6}],"seed_played":"3968790221031833129","potions_obtained":[{"floor":2,"key":"AttackPotion"},{"floor":7,"key":"Block Potion"},{"floor":8,"key":"PowerPotion"}],"is_trial":false,"path_per_floor":["M","M","?","?","M","R","M","M","T","E","R","?","E","$","R","B"],"character_chosen":"THE_BUGKNIGHT","items_purchased":[],"campfire_rested":2,"item_purchase_floors":[],"current_hp_per_floor":[74,74,74,74,74,74,33,24,24,11,33,33,20,20,42,0,0],"gold":159,"neow_bonus":"THREE_ENEMY_KILL","is_daily":false,"chose_seed":false,"campfire_upgraded":1,"win_rate":0.0,"timestamp":1609633193,"path_taken":["M","M","?","?","M","R","M","M","T","E","R","?","E","$","R","BOSS"],"items_purchased_type":[],"build_version":"2020-12-22","purchased_purges":1,"victory":false,"max_hp_per_floor":[75,75,75,75,75,75,75,75,75,75,75,75,75,75,75,75,75],"card_choices":[{"not_picked":["HollowMod:ChannelNail","HollowMod:SoulSplash"],"picked":"HollowMod:SiblingsSouls","floor":1},{"not_picked":["HollowMod:SoulEater","HollowMod:DashSlash","HollowMod:SoulVessel"],"picked":"SKIP","floor":2},{"not_picked":["HollowMod:MothsMistake","HollowMod:HowlingWraiths"],"picked":"HollowMod:DescendingDark","floor":5},{"not_picked":["HollowMod:SoulStrike","HollowMod:InfectionAssault"],"picked":"HollowMod:GreatSlash","floor":7},{"not_picked":["HollowMod:LifebloodCocoon","HollowMod:HowlingWraiths"],"picked":"HollowMod:DescendingDark","floor":8},{"not_picked":["HollowMod:DashSlash","HollowMod:DoubleDash"],"picked":"HollowMod:DescendingDark","floor":10},{"not_picked":["HollowMod:GoodIntentions","HollowMod:InfectedCysts"],"picked":"HollowMod:SlysStrikes","floor":13}],"player_experience":585807,"relics_obtained":[{"floor":9,"key":"Girya"},{"floor":10,"key":"FossilizedHelix"},{"floor":13,"key":"Pocketwatch"}],"event_choices":[],"is_beta":false,"boss_relics":[],"items_purged_floors":[14],"is_endless":false,"potions_floor_spawned":[2,7,8],"killed_by":"Hallownest:BossFalseKnight","ascension_level":0}}