{"host":"p4zclu0beiy6gkiq","time":1609681964,"event":{"mods":["AchievementEnabler","BaseMod","Bestiary","Colored Map","Colored Powertips","DeckTracker","Minty Spire (QoL Compilation)","Quick Restart","StSLib","SuperFastMode","The Cursed"],"gold_per_floor":[118,118,136,14,33,33,65,65,92,102,102,112,171,199,199,298,298,312,329,359,274,274,274,301,301,301,301,330,330,57,85,85,190,190,203,253,203,203,153,188,199,199,199,224,239,461,461,487,487,487],"floor_reached":51,"playtime":4494,"items_purged":["Defend_G","Defend_G","Defend_G","Defend_G"],"score":1022,"play_id":"1a8c0019-9c3c-42af-bb05-15f69e9f59cd","local_time":"20210103225244","is_ascension_mode":true,"campfire_choices":[{"data":"Footwork","floor":6.0,"key":"SMITH"},{"data":"Poisoned Stab","floor":11.0,"key":"SMITH"},{"data":"After Image","floor":15.0,"key":"SMITH"},{"data":"Bouncing Flask","floor":23.0,"key":"SMITH"},{"data":"Corpse Explosion","floor":25.0,"key":"SMITH"},{"data":"Catalyst","floor":29.0,"key":"SMITH"},{"data":"RitualDagger","floor":32.0,"key":"SMITH"},{"data":"Noxious Fumes","floor":42.0,"key":"SMITH"},{"floor":49,"key":"RECALL"}],"circlet_count":0,"master_deck":["Defend_G","Survivor","Neutralize+1","Bouncing Flask+1","Heel Hook","Poisoned Stab+1","Footwork+1","Dash+1","Slice","Deadly Poison","After Image+1","After Image","Crippling Poison","Escape Plan","Acrobatics+1","Bite","Bite","Bite","Bite","Corpse Explosion+1","RitualDagger+1","Catalyst+1","Noxious Fumes+1","Sadistic Nature","Doppelganger","Blur","Deflect+1","Doppelganger","Deadly Poison","Acrobatics+1","PiercingWail+1","Enlightenment","Apotheosis","Apotheosis","Footwork+1"],"relics":["Ring of the Snake","Ancient Tea Set","PreservedInsect","Pear","Sozu","Red Mask","Singing Bowl","Dream Catcher","Smiling Mask","Ice Cream","Lantern","Coffee Dripper","Calipers","Eternal Feather","Blue Candle","Blood Vial","Darkstone Periapt"],"acts_visited":["Exordium","TheCity","TheBeyond"],"potions_floor_usage":[],"damage_taken":[{"damage":9.0,"enemies":"Jaw Worm","floor":1.0,"turns":5.0},{"damage":0.0,"enemies":"Cultist","floor":3.0,"turns":3.0},{"damage":6.0,"enemies":"Small Slimes","floor":5.0,"turns":3.0},{"damage":17.0,"enemies":"Gremlin Nob","floor":7.0,"turns":4.0},{"damage":2.0,"enemies":"Exordium Wildlife","floor":10.0,"turns":2.0},{"damage":0.0,"enemies":"Blue Slaver","floor":12.0,"turns":3.0},{"damage":2.0,"enemies":"3 Sentries","floor":13.0,"turns":7.0},{"damage":2.0,"enemies":"3 Sentries","floor":14.0,"turns":8.0},{"damage":9.0,"enemies":"Slime Boss","floor":16.0,"turns":10.0},{"damage":7.0,"enemies":"Spheric Guardian","floor":18.0,"turns":5.0},{"damage":0.0,"enemies":"Chosen","floor":19.0,"turns":5.0},{"damage":22.0,"enemies":"Masked Bandits","floor":20.0,"turns":6.0},{"damage":5.0,"enemies":"Slavers","floor":24.0,"turns":5.0},{"damage":0.0,"enemies":"Gremlin Leader","floor":28.0,"turns":6.0},{"damage":5.0,"enemies":"Book of Stabbing","floor":31.0,"turns":3.0},{"damage":26.0,"enemies":"Automaton","floor":33.0,"turns":8.0},{"damage":13.0,"enemies":"3 Darklings","floor":35.0,"turns":3.0},{"damage":0.0,"enemies":"Mind Bloom Boss Battle","floor":36.0,"turns":3.0},{"damage":0.0,"enemies":"Reptomancer","floor":40.0,"turns":4.0},{"damage":8.0,"enemies":"Orb Walker","floor":41.0,"turns":2.0},{"damage":0.0,"enemies":"Giant Head","floor":44.0,"turns":6.0},{"damage":0,"enemies":"Transient","floor":45,"turns":5},{"damage":12,"enemies":"Reptomancer","floor":48,"turns":6},{"damage":26,"enemies":"Awakened One","floor":50,"turns":9}],"seed_played":"5368268420091558869","potions_obtained":[{"floor":7.0,"key":"GamblersBrew"},{"floor":10.0,"key":"DistilledChaos"}],"is_trial":false,"path_per_floor":["M","?","M","$","M","R","E","?","T","M","R","M","?","E","R","B",null,"M","M","?","?","?","R","E","R","T","?","E","R","$","E","R","B",null,"M","?","$","?","$","E","M","R","T","E","M","?","?","E","R","B",null],"character_chosen":"THE_SILENT","items_purchased":["Poisoned Stab","Noxious Fumes","Sadistic Nature"],"campfire_rested":0,"item_purchase_floors":[4,30,30],"current_hp_per_floor":[61,47,47,47,41,41,24,24,24,22,22,22,20,28,28,19,80,73,73,51,51,51,51,56,56,56,50,56,56,56,55,55,35,58,49,51,51,51,51,57,53,58,58,58,58,58,48,47,58,54],"gold":487,"neow_bonus":"UPGRADE_CARD","is_daily":false,"chose_seed":false,"campfire_upgraded":8,"win_rate":0.0,"timestamp":1609681964,"path_taken":["M","?","M","$","M","R","E","?","T","?","R","M","?","E","R","BOSS","M","M","?","?","?","R","E","R","T","?","E","R","$","E","R","BOSS","M","?","$","?","$","E","M","R","T","E","M","?","?","E","R","BOSS"],"items_purchased_type":["Card","Card","Card"],"build_version":"2020-12-22","purchased_purges":4,"victory":true,"max_hp_per_floor":[70,70,70,70,70,70,70,70,70,70,70,70,70,80,80,80,80,80,80,80,80,56,56,56,56,56,56,56,56,56,58,58,58,58,58,58,58,58,58,58,58,58,58,58,58,58,58,58,58,58],"card_choices":[{"not_picked":["Sucker Punch","Flying Knee"],"picked":"Bouncing Flask","floor":1.0},{"not_picked":["Predator","Reflex"],"picked":"Heel Hook","floor":3.0},{"not_picked":["Infinite Blades","Endless Agony"],"picked":"Footwork","floor":5.0},{"not_picked":["Sucker Punch","Prepared"],"picked":"Dash","floor":7.0},{"not_picked":["Dodge and Roll","Quick Slash"],"picked":"Slice","floor":10.0},{"not_picked":["Prepared","Slice"],"picked":"Deadly Poison","floor":12.0},{"not_picked":["Underhanded Strike","Dodge and Roll"],"picked":"After Image","floor":13.0},{"not_picked":["Reflex","Quick Slash","Distraction"],"picked":"SKIP","floor":14.0},{"not_picked":["Glass Knife","Envenom"],"picked":"After Image","floor":16.0},{"not_picked":["Calculated Gamble","Dash"],"picked":"Crippling Poison","floor":18.0},{"not_picked":["Underhanded Strike","Prepared"],"picked":"Escape Plan","floor":19.0},{"not_picked":["Slice","Sucker Punch"],"picked":"Acrobatics+1","floor":20.0},{"not_picked":["Tactician","Outmaneuver"],"picked":"Corpse Explosion","floor":24.0},{"not_picked":["Blur","Distraction+1"],"picked":"Catalyst","floor":28.0},{"not_picked":["Cloak And Dagger","Choke","Blade Dance"],"picked":"Singing Bowl","floor":31.0},{"not_picked":["Glass Knife","Unload"],"picked":"Doppelganger","floor":33.0},{"not_picked":["Dodge and Roll","Reflex+1"],"picked":"Blur","floor":35.0},{"not_picked":["Acrobatics+1","Outmaneuver+1"],"picked":"Deflect+1","floor":36.0},{"not_picked":["Heel Hook","Acrobatics"],"picked":"Doppelganger","floor":40.0},{"not_picked":["Leg Sweep","Cloak And Dagger"],"picked":"Deadly Poison","floor":41.0},{"not_picked":["Escape Plan+1","Underhanded Strike"],"picked":"Acrobatics+1","floor":44.0},{"not_picked":["Deflect","Quick Slash"],"picked":"PiercingWail+1","floor":45},{"not_picked":["Dramatic Entrance","The Bomb"],"picked":"Enlightenment","floor":47},{"not_picked":["Jack Of All Trades","Enlightenment"],"picked":"Apotheosis","floor":47},{"not_picked":["Mind Blast","PanicButton"],"picked":"Apotheosis","floor":47},{"not_picked":["Envenom","Deflect+1"],"picked":"Footwork+1","floor":48}],"player_experience":149089,"relics_obtained":[{"floor":7.0,"key":"Ancient Tea Set"},{"floor":13.0,"key":"PreservedInsect"},{"floor":14.0,"key":"Pear"},{"floor":20.0,"key":"Red Mask"},{"floor":24.0,"key":"Dream Catcher"},{"floor":26.0,"key":"Smiling Mask"},{"floor":28.0,"key":"Ice Cream"},{"floor":31.0,"key":"Lantern"},{"floor":36.0,"key":"Calipers"},{"floor":40.0,"key":"Eternal Feather"},{"floor":43.0,"key":"Blue Candle"},{"floor":44.0,"key":"Blood Vial"},{"floor":48,"key":"Darkstone Periapt"}],"event_choices":[{"damage_healed":0.0,"max_hp_gain":0.0,"max_hp_loss":0.0,"gold_gain":0.0,"event_name":"Shining Light","player_choice":"Entered Light","floor":2.0,"gold_loss":0.0,"damage_taken":14.0,"cards_upgraded":["Strike_G","Strike_G"]},{"damage_healed":0.0,"max_hp_gain":0.0,"max_hp_loss":0.0,"gold_gain":0.0,"event_name":"Upgrade Shrine","player_choice":"Upgraded","floor":8.0,"gold_loss":0.0,"damage_taken":0.0,"cards_upgraded":["Dash"]},{"damage_healed":0.0,"max_hp_gain":0.0,"max_hp_loss":0.0,"gold_gain":30.0,"event_name":"Dead Adventurer","player_choice":"Searched \u00272\u0027 times","floor":13.0,"gold_loss":0.0,"damage_taken":0.0},{"damage_healed":0.0,"max_hp_gain":0.0,"max_hp_loss":0.0,"gold_gain":0.0,"event_name":"Masked Bandits","player_choice":"Fought Bandits","floor":20.0,"gold_loss":0.0,"damage_taken":0.0},{"damage_healed":0.0,"max_hp_gain":0.0,"max_hp_loss":0.0,"gold_gain":0.0,"event_name":"Addict","player_choice":"Obtained Relic","floor":21.0,"gold_loss":85.0,"damage_taken":0.0,"relics_obtained":["Singing Bowl"]},{"damage_healed":0.0,"max_hp_gain":0.0,"max_hp_loss":24.0,"gold_gain":0.0,"event_name":"Vampires","player_choice":"Became a vampire","floor":22.0,"gold_loss":0.0,"damage_taken":0.0,"cards_obtained":["Bite","Bite","Bite","Bite","Bite"]},{"damage_healed":0.0,"max_hp_gain":0.0,"max_hp_loss":0.0,"gold_gain":0.0,"event_name":"Nest","player_choice":"Joined the Cult","floor":27.0,"gold_loss":0.0,"damage_taken":6.0,"cards_obtained":["RitualDagger"]},{"damage_healed":0.0,"max_hp_gain":0.0,"max_hp_loss":0.0,"gold_gain":0.0,"event_name":"MindBloom","player_choice":"Fight","floor":36.0,"gold_loss":0.0,"damage_taken":0.0},{"cards_removed":["Bite"],"damage_healed":0.0,"max_hp_gain":0.0,"max_hp_loss":0.0,"gold_gain":0.0,"event_name":"Falling","player_choice":"Removed Attack","floor":38.0,"gold_loss":0.0,"damage_taken":0.0},{"damage_healed":0,"gold_gain":222,"player_choice":"Wore Mask","damage_taken":0,"max_hp_gain":0,"max_hp_loss":0,"event_name":"Tomb of Lord Red Mask","floor":46,"gold_loss":0},{"damage_healed":0,"gold_gain":0,"player_choice":"Memory 3","damage_taken":10,"max_hp_gain":0,"max_hp_loss":0,"event_name":"SensoryStone","floor":47,"gold_loss":0}],"is_beta":false,"boss_relics":[{"not_picked":["WristBlade","Velvet Choker"],"picked":"Sozu"},{"not_picked":["Calling Bell","Runic Dome"],"picked":"Coffee Dripper"}],"items_purged_floors":[4,30,37,39],"is_endless":false,"potions_floor_spawned":[7,10,20,24,28,33,36,40,41,44],"ascension_level":3}}