{"host":"f5n4tidiz2n5sooh","time":1609642753,"event":{"mods":["BaseMod","Bestiary","Colored Map","Minty Spire (QoL Compilation)","Relic Stats","StSLib"],"gold_per_floor":[111,36,36,36,60,87,106,121,147,176,176,192,192,217,217,288,288,302,336,347,362,47,47,47,82,107,107,107,137,137,149,149,149,149],"floor_reached":33,"playtime":979,"items_purged":[],"score":652,"play_id":"f4c75011-647c-4995-a799-c4066f8ec210","local_time":"20210102205913","is_ascension_mode":true,"campfire_choices":[{"data":"Bash","floor":11,"key":"SMITH"},{"data":"Wild Strike","floor":13,"key":"SMITH"},{"data":"Sword Boomerang","floor":15,"key":"SMITH"},{"data":"Second Wind","floor":23,"key":"SMITH"},{"floor":28,"key":"REST"},{"data":"RitualDagger","floor":30,"key":"SMITH"},{"data":"Whirlwind","floor":32,"key":"SMITH"}],"circlet_count":0,"master_deck":["AscendersBane","Strike_R","Strike_R","Strike_R","Defend_R","Defend_R","Defend_R","Defend_R","Bash+1","Reckless Charge","Sword Boomerang+1","Headbutt","Wild Strike+1","Pommel Strike","Burning Pact","Impervious","Whirlwind+1","Second Wind+1","Pommel Strike+1","RitualDagger+1"],"relics":["Burning Blood","NeowsBlessing","Happy Flower","Eternal Feather","Vajra","Lantern","Velvet Choker","Red Mask","TungstenRod","Ancient Tea Set","Pen Nib","InkBottle"],"acts_visited":["Exordium","TheCity"],"potions_floor_usage":[8,10,18,21,28,29,31,33],"damage_taken":[{"damage":0,"enemies":"2 Louse","floor":1,"turns":1},{"damage":0,"enemies":"3 Sentries","floor":6,"turns":2},{"damage":0,"enemies":"Small Slimes","floor":7,"turns":1},{"damage":2,"enemies":"Jaw Worm","floor":8,"turns":2},{"damage":24,"enemies":"Gremlin Nob","floor":10,"turns":4},{"damage":13,"enemies":"Blue Slaver","floor":12,"turns":2},{"damage":30,"enemies":"Lagavulin","floor":14,"turns":4},{"damage":18,"enemies":"Slime Boss","floor":16,"turns":8},{"damage":4,"enemies":"Chosen","floor":18,"turns":4},{"damage":48,"enemies":"Masked Bandits","floor":19,"turns":6},{"damage":16,"enemies":"2 Thieves","floor":20,"turns":4},{"damage":0,"enemies":"Centurion and Healer","floor":21,"turns":5},{"damage":30,"enemies":"Gremlin Leader","floor":25,"turns":3},{"damage":36,"enemies":"Book of Stabbing","floor":29,"turns":4},{"damage":3,"enemies":"Snake Plant","floor":31,"turns":2},{"damage":58,"enemies":"Collector","floor":33,"turns":6}],"seed_played":"4969168712795381535","potions_obtained":[{"floor":1,"key":"Weak Potion"},{"floor":7,"key":"DistilledChaos"},{"floor":10,"key":"SpeedPotion"},{"floor":16,"key":"Fruit Juice"},{"floor":20,"key":"Block Potion"},{"floor":25,"key":"FearPotion"},{"floor":29,"key":"DistilledChaos"},{"floor":31,"key":"BlessingOfTheForge"}],"is_trial":false,"path_per_floor":["M","?","?","$","T","E","M","M","T","E","R","M","R","E","R","B",null,"M","?","M","M","$","R","?","E","T","?","R","E","R","M","R","B"],"character_chosen":"IRONCLAD","items_purchased":["TungstenRod"],"campfire_rested":1,"item_purchase_floors":[22],"current_hp_per_floor":[74,74,67,67,67,73,75,75,75,57,63,56,62,38,47,35,65,67,25,15,21,21,30,45,21,21,16,57,27,39,42,54,0,0],"gold":149,"neow_bonus":"THREE_ENEMY_KILL","is_daily":false,"chose_seed":false,"campfire_upgraded":6,"win_rate":0.0,"timestamp":1609642753,"path_taken":["M","?","?","$","?","E","?","M","T","E","R","?","R","E","R","BOSS","M","?","M","M","$","R","?","E","T","?","R","E","R","M","R","BOSS"],"items_purchased_type":["Relic"],"build_version":"2020-12-22","purchased_purges":0,"victory":false,"max_hp_per_floor":[75,75,75,75,75,75,75,75,75,75,75,75,75,75,75,75,75,75,75,75,75,75,75,75,75,75,75,80,80,80,80,80,80,80],"relic_stats":{"Happy Flower":[19],"counters":[16,58],"Eternal Feather":66,"Pen Nib":[3],"obtain_stats":[{"Lantern":14,"NeowsBlessing":0,"Happy Flower":5,"Vajra":10,"Velvet Choker":17,"Eternal Feather":6,"Pen Nib":26,"Red Mask":19,"Ancient Tea Set":25,"Burning Blood":0,"TungstenRod":22,"InkBottle":29},{"Lantern":7,"NeowsBlessing":0,"Happy Flower":1,"Vajra":5,"Velvet Choker":8,"Eternal Feather":2,"Pen Nib":13,"Red Mask":10,"Ancient Tea Set":13,"Burning Blood":0,"TungstenRod":12,"InkBottle":14},{"Lantern":16,"NeowsBlessing":0,"Happy Flower":1,"Vajra":10,"Velvet Choker":24,"Eternal Feather":3,"Pen Nib":46,"Red Mask":34,"Ancient Tea Set":46,"Burning Blood":0,"TungstenRod":43,"InkBottle":50}],"Burning Blood":82,"TungstenRod":13,"InkBottle":[3]},"card_choices":[{"not_picked":["Warcry","Searing Blow"],"picked":"Reckless Charge","floor":1},{"not_picked":["Headbutt","Power Through"],"picked":"Sword Boomerang","floor":6},{"not_picked":["Sword Boomerang","Clothesline"],"picked":"Headbutt","floor":7},{"not_picked":["Clash","Entrench"],"picked":"Wild Strike","floor":8},{"not_picked":["Cleave","Wild Strike"],"picked":"Pommel Strike","floor":10},{"not_picked":["Clash","Seeing Red","Ghostly Armor"],"picked":"SKIP","floor":12},{"not_picked":["Havoc","Heavy Blade"],"picked":"Burning Pact","floor":14},{"not_picked":["Barricade","Double Tap"],"picked":"Impervious","floor":16},{"not_picked":["Sword Boomerang","Armaments"],"picked":"Whirlwind","floor":18},{"not_picked":["Combust","Dual Wield"],"picked":"Second Wind","floor":20},{"not_picked":["Bloodletting","Seeing Red"],"picked":"Pommel Strike+1","floor":21},{"not_picked":["Entrench","Headbutt","Sentinel"],"picked":"SKIP","floor":25},{"not_picked":["Carnage","Clothesline","Iron Wave"],"picked":"SKIP","floor":29},{"not_picked":["Headbutt","Wild Strike","Perfected Strike"],"picked":"SKIP","floor":31}],"player_experience":1965850,"relics_obtained":[{"floor":5,"key":"Happy Flower"},{"floor":6,"key":"Eternal Feather"},{"floor":10,"key":"Vajra"},{"floor":14,"key":"Lantern"},{"floor":19,"key":"Red Mask"},{"floor":25,"key":"Ancient Tea Set"},{"floor":26,"key":"Pen Nib"},{"floor":29,"key":"InkBottle"}],"event_choices":[{"cards_removed":["Strike_R"],"damage_healed":0,"gold_gain":0,"player_choice":"Card Removal","damage_taken":0,"max_hp_gain":0,"max_hp_loss":0,"event_name":"The Cleric","floor":2,"gold_loss":75},{"cards_removed":["Strike_R"],"damage_healed":0,"gold_gain":0,"player_choice":"Card Removal","damage_taken":7,"max_hp_gain":0,"max_hp_loss":0,"event_name":"Golden Wing","floor":3,"gold_loss":0},{"damage_healed":0,"gold_gain":0,"player_choice":"Fought Bandits","damage_taken":0,"max_hp_gain":0,"max_hp_loss":0,"event_name":"Masked Bandits","floor":19,"gold_loss":0},{"damage_healed":15,"gold_gain":0,"player_choice":"Heal","damage_taken":0,"max_hp_gain":0,"max_hp_loss":0,"event_name":"The Library","floor":24,"gold_loss":0},{"damage_healed":0,"gold_gain":0,"player_choice":"Joined the Cult","damage_taken":6,"max_hp_gain":0,"max_hp_loss":0,"event_name":"Nest","floor":27,"gold_loss":0,"cards_obtained":["RitualDagger"]}],"is_beta":false,"boss_relics":[{"not_picked":["SlaversCollar","Busted Crown"],"picked":"Velvet Choker"}],"items_purged_floors":[],"is_endless":false,"potions_floor_spawned":[1,7,10,16,20,25,29,31],"killed_by":"Collector","ascension_level":20}}