{"host":"p4v0hquynnreu717","time":1609698388,"event":{"mods":["BaseMod","Better Vampires","DeckTracker","Googly Eyes","Minty Spire (QoL Compilation)","Quick Restart","StSLib","SuperFastMode"],"gold_per_floor":[113,113,38,38,58,84,94,94,94,94,129,129,184,109,109,109,109],"floor_reached":16,"playtime":235,"items_purged":["Strike_R"],"score":229,"play_id":"a0c4c8ce-3c98-4570-816b-255e389adc02","local_time":"20210104022628","is_ascension_mode":true,"campfire_choices":[{"data":"Inflame","floor":8,"key":"SMITH"},{"data":"Rampage","floor":10,"key":"SMITH"},{"data":"Exhume","floor":12,"key":"SMITH"},{"data":"Bash","floor":15,"key":"SMITH"}],"circlet_count":0,"master_deck":["AscendersBane","Strike_R","Strike_R","Strike_R","Defend_R","Defend_R","Defend_R","Defend_R","Bash+1","Cleave","Rampage+1","Inflame+1","Exhume+1","Spot Weakness+1"],"relics":["Burning Blood","NeowsBlessing","White Beast Statue","Toxic Egg 2","Bottled Tornado","Darkstone Periapt"],"acts_visited":["Exordium"],"potions_floor_usage":[11],"damage_taken":[{"damage":0,"enemies":"Small Slimes","floor":1,"turns":1},{"damage":0,"enemies":"Jaw Worm","floor":5,"turns":1},{"damage":0,"enemies":"Lagavulin","floor":6,"turns":1},{"damage":1,"enemies":"Cultist","floor":7,"turns":3},{"damage":59,"enemies":"3 Sentries","floor":11,"turns":7},{"damage":32,"enemies":"Lagavulin Event","floor":13,"turns":5},{"damage":0,"enemies":"The Guardian","floor":16,"turns":2}],"seed_played":"-634163549798865541","potions_obtained":[{"floor":6,"key":"Strength Potion"},{"floor":7,"key":"SkillPotion"},{"floor":11,"key":"BloodPotion"},{"floor":13,"key":"Strength Potion"}],"is_trial":false,"path_per_floor":["M","?","$","?","M","E","M","R","T","R","E","R","?","?","R","B"],"character_chosen":"IRONCLAD","items_purchased":[],"campfire_rested":0,"item_purchase_floors":[],"current_hp_per_floor":[74,79,79,79,80,80,80,80,80,80,43,43,17,17,17,17,17],"gold":109,"neow_bonus":"THREE_ENEMY_KILL","is_daily":false,"chose_seed":false,"campfire_upgraded":4,"win_rate":0.0,"timestamp":1609698388,"path_taken":["M","?","$","?","M","E","?","R","T","R","E","R","?","?","R","BOSS"],"items_purchased_type":[],"build_version":"2020-12-22","purchased_purges":1,"victory":false,"max_hp_per_floor":[75,80,80,80,80,80,80,80,80,80,80,80,80,80,80,80,80],"card_choices":[{"not_picked":["Clash","Warcry"],"picked":"Cleave","floor":1},{"not_picked":["Dropkick","Cleave","Wild Strike"],"picked":"SKIP","floor":5},{"not_picked":["Sever Soul","Pummel"],"picked":"Inflame","floor":6},{"not_picked":["Dropkick","Cleave"],"picked":"Exhume","floor":7},{"not_picked":["Anger","Armaments+1"],"picked":"Spot Weakness+1","floor":11}],"player_experience":753338,"relics_obtained":[{"floor":6,"key":"White Beast Statue"},{"floor":9,"key":"Toxic Egg 2"},{"floor":11,"key":"Bottled Tornado"},{"floor":13,"key":"Darkstone Periapt"}],"event_choices":[{"damage_healed":0,"gold_gain":0,"player_choice":"Donut","damage_taken":0,"max_hp_gain":5,"max_hp_loss":0,"event_name":"Big Fish","floor":2,"gold_loss":0},{"damage_healed":0,"gold_gain":0,"player_choice":"1 cards matched","damage_taken":0,"max_hp_gain":0,"max_hp_loss":0,"event_name":"Match and Keep!","floor":4,"gold_loss":0,"cards_obtained":["Rampage"]},{"damage_healed":0,"gold_gain":0,"player_choice":"Searched \u00271\u0027 times","damage_taken":0,"max_hp_gain":0,"max_hp_loss":0,"event_name":"Dead Adventurer","floor":13,"gold_loss":0},{"cards_removed":["Strike_R"],"damage_healed":0,"gold_gain":0,"player_choice":"Card Removal","damage_taken":0,"max_hp_gain":0,"max_hp_loss":0,"event_name":"The Cleric","floor":14,"gold_loss":75}],"is_beta":false,"boss_relics":[],"items_purged_floors":[3],"is_endless":false,"potions_floor_spawned":[6,7,11,13],"killed_by":"The Guardian","ascension_level":15}}