{"host":"7hpq7e8rzvzbnf1s","time":1609664148,"event":{"mods":["Arknights The Spire","BaseMod","Minty Spire (QoL Compilation)","Quick Restart","StSLib","Waifu the Spire"],"gold_per_floor":[113,123,123,123,138,138,138,138],"floor_reached":7,"playtime":263,"items_purged":[],"score":43,"play_id":"472fe88e-74aa-4c38-a0e9-47d8d3c4eb2b","local_time":"20210103165548","is_ascension_mode":true,"campfire_choices":[{"data":"ats:Echo Reverb","floor":6,"key":"SMITH"}],"circlet_count":0,"master_deck":["ats:Strike C","ats:Strike G","ats:Strike S","ats:Strike V","ats:Armor Crushing Shot","ats:Defend","ats:Defend","ats:Defend","ats:Emotion Absorption","ats:Echo Reverb+1","ats:Support Order","ats:Burning Ground","ats:Guardian Obelisk"],"relics":["ats:Sanity","ats:Military Tradition"],"acts_visited":["Exordium"],"potions_floor_usage":[7,7],"damage_taken":[{"damage":12,"enemies":"Cultist","floor":1,"turns":5},{"damage":2,"enemies":"2 Louse","floor":2,"turns":3},{"damage":11,"enemies":"Jaw Worm","floor":5,"turns":3},{"damage":37,"enemies":"Gremlin Nob","floor":7,"turns":4}],"seed_played":"-5198689930684397969","potions_obtained":[{"floor":2,"key":"PowerPotion"},{"floor":5,"key":"Explosive Potion"}],"is_trial":false,"path_per_floor":["M","M","?","?","M","R","E"],"character_chosen":"DOCTOR_CLASS","items_purchased":[],"campfire_rested":0,"item_purchase_floors":[],"current_hp_per_floor":[53,51,51,44,33,33,0,0],"gold":138,"neow_bonus":"THREE_RARE_CARDS","is_daily":false,"chose_seed":false,"campfire_upgraded":1,"win_rate":0.0,"timestamp":1609664148,"path_taken":["M","?","?","?","M","R","E"],"items_purchased_type":[],"build_version":"2020-12-22","purchased_purges":0,"victory":false,"max_hp_per_floor":[65,65,65,65,65,65,65,65],"card_choices":[{"not_picked":["ats:Shadow Assault","ats:Nebulous Foxfire"],"picked":"ats:Echo Reverb","floor":0},{"not_picked":["ats:Assault Order","ats:Shadow Raid"],"picked":"ats:Support Order","floor":1},{"not_picked":["ats:Composite Medical Shells","ats:LN2 Cannon"],"picked":"ats:Burning Ground","floor":2},{"not_picked":["ats:Ignite","ats:Rapid Magazine"],"picked":"ats:Guardian Obelisk","floor":5}],"player_experience":194246,"relics_obtained":[],"event_choices":[{"cards_removed":["ats:Defend"],"damage_healed":0,"gold_gain":0,"player_choice":"Forget","damage_taken":0,"max_hp_gain":0,"max_hp_loss":0,"event_name":"Living Wall","floor":3,"gold_loss":0},{"damage_healed":0,"gold_gain":0,"player_choice":"Success","damage_taken":7,"relics_obtained":["ats:Military Tradition"],"max_hp_gain":0,"max_hp_loss":0,"event_name":"Scrap Ooze","floor":4,"gold_loss":0}],"is_beta":false,"boss_relics":[],"items_purged_floors":[],"is_endless":false,"potions_floor_spawned":[2,5],"killed_by":"Gremlin Nob","ascension_level":1}}