{"host":"uzcks4yhskks9i02","time":1609636462,"event":{"mods":["BaseMod","Minty Spire (QoL Compilation)","Quick Restart"],"gold_per_floor":[364,384,404,212,225,555,572,134,134,209,209,244,255,267,267,368,368,381,381,177,202,202,229,229,229,309,309,309,309,322,351,363,375,375],"floor_reached":33,"playtime":1949,"items_purged":[],"score":543,"play_id":"97d4d3ac-8038-4fcb-8926-502898347835","local_time":"20210102181422","is_ascension_mode":true,"campfire_choices":[{"floor":15.0,"key":"REST"},{"floor":24.0,"key":"REST"},{"data":"Perfected Strike","floor":28.0,"key":"SMITH"},{"data":"Perfected Strike","floor":32.0,"key":"SMITH"}],"circlet_count":0,"master_deck":["AscendersBane","Strike_R+1","Strike_R+1","Strike_R+1","Strike_R+1","Strike_R+1","Defend_R+1","Defend_R+1","Defend_R+1","Bash","Perfected Strike+1","Metallicize","Uppercut","Twin Strike","Twin Strike","Twin Strike","Disarm","Sword Boomerang","Perfected Strike+1","Pommel Strike","Double Tap","Hemokinesis+1","Enlightenment","Wild Strike","Twin Strike","Impervious","Twin Strike","Dual Wield+1","Bloodletting"],"relics":["Burning Blood","Tiny Chest","Old Coin","Juzu Bracelet","Torii","Pear","Question Card","Runic Cube","Regal Pillow","Anchor","Centennial Puzzle","Gremlin Horn","Frozen Egg 2","MawBank"],"acts_visited":["Exordium","TheCity"],"potions_floor_usage":[],"damage_taken":[{"damage":4.0,"enemies":"2 Louse","floor":1.0,"turns":3.0},{"damage":1.0,"enemies":"Cultist","floor":2.0,"turns":3.0},{"damage":1.0,"enemies":"Small Slimes","floor":3.0,"turns":4.0},{"damage":1.0,"enemies":"2 Fungi Beasts","floor":5.0,"turns":3.0},{"damage":17.0,"enemies":"Gremlin Nob","floor":6.0,"turns":4.0},{"damage":15.0,"enemies":"Lots of Slimes","floor":7.0,"turns":4.0},{"damage":28.0,"enemies":"Lagavulin","floor":12.0,"turns":6.0},{"damage":11.0,"enemies":"Exordium Wildlife","floor":13.0,"turns":4.0},{"damage":1.0,"enemies":"Looter","floor":14.0,"turns":2.0},{"damage":49.0,"enemies":"Slime Boss","floor":16.0,"turns":9.0},{"damage":7.0,"enemies":"Chosen","floor":18.0,"turns":3.0},{"damage":40.0,"enemies":"Gremlin Leader","floor":23.0,"turns":6.0},{"damage":2.0,"enemies":"3 Byrds","floor":30.0,"turns":5.0},{"damage":0.0,"enemies":"Book of Stabbing","floor":31.0,"turns":2.0},{"damage":100,"enemies":"Champ","floor":33,"turns":9}],"seed_played":"6676637756787368389","potions_obtained":[{"floor":2.0,"key":"Weak Potion"},{"floor":5.0,"key":"LiquidMemories"},{"floor":7.0,"key":"Swift Potion"},{"floor":14.0,"key":"SteroidPotion"},{"floor":22.0,"key":"ColorlessPotion"},{"floor":22.0,"key":"HeartOfIron"},{"floor":30.0,"key":"FearPotion"},{"floor":31.0,"key":"SmokeBomb"}],"is_trial":false,"path_per_floor":["M","M","M","$","M","E","M","$","T","?","?","E","M","M","R","B",null,"M","?","$","T","?","E","R","?","T","?","R","T","M","E","R","B"],"character_chosen":"IRONCLAD","items_purchased":["Tiny Chest","Twin Strike","Juzu Bracelet","Torii","Regal Pillow","Twin Strike"],"campfire_rested":2,"item_purchase_floors":[4,4,8,8,20,20],"current_hp_per_floor":[72,72,72,72,72,61,52,52,62,54,54,32,27,32,56,13,65,64,64,64,64,64,30,69,69,69,69,69,69,73,79,79,0,0],"gold":375,"neow_bonus":"TWO_FIFTY_GOLD","is_daily":false,"chose_seed":false,"campfire_upgraded":2,"win_rate":0.0,"timestamp":1609636462,"path_taken":["M","M","M","$","M","E","M","$","T","?","?","E","M","M","R","BOSS","M","?","$","?","?","E","R","?","T","?","R","?","M","E","R","BOSS"],"items_purchased_type":["Relic","Card","Relic","Relic","Relic","Card"],"build_version":"2020-12-22","purchased_purges":0,"victory":false,"max_hp_per_floor":[72,72,72,72,72,72,72,72,82,82,82,82,82,82,82,82,82,82,82,82,82,82,82,82,82,82,82,82,82,82,82,82,82,82],"card_choices":[{"not_picked":["Rage","Pommel Strike"],"picked":"Perfected Strike","floor":1.0},{"not_picked":["Anger","Rupture"],"picked":"Metallicize","floor":2.0},{"not_picked":["Warcry","Shrug It Off"],"picked":"Uppercut","floor":3.0},{"not_picked":["Spot Weakness","True Grit"],"picked":"Twin Strike","floor":5.0},{"not_picked":["Flex","Wild Strike"],"picked":"Twin Strike","floor":6.0},{"not_picked":["Iron Wave","Flex"],"picked":"Disarm","floor":7.0},{"not_picked":["True Grit","Warcry"],"picked":"Sword Boomerang","floor":12.0},{"not_picked":["Fiend Fire","Dark Embrace","Iron Wave"],"picked":"Perfected Strike","floor":13.0},{"not_picked":["Armaments","Wild Strike","Clothesline"],"picked":"Pommel Strike","floor":14.0},{"not_picked":["Demon Form","Bludgeon","Fiend Fire"],"picked":"Double Tap","floor":16.0},{"not_picked":["Evolve","Spot Weakness","Headbutt"],"picked":"Hemokinesis+1","floor":18.0},{"not_picked":["Flex","Armaments","Headbutt"],"picked":"Impervious","floor":23.0},{"not_picked":["Pummel","Sentinel+1","Power Through"],"picked":"Dual Wield+1","floor":30.0},{"not_picked":["Havoc","Clothesline+1","Warcry"],"picked":"Bloodletting","floor":31.0}],"player_experience":479560,"relics_obtained":[{"floor":6.0,"key":"Old Coin"},{"floor":9.0,"key":"Pear"},{"floor":12.0,"key":"Question Card"},{"floor":21.0,"key":"Anchor"},{"floor":23.0,"key":"Centennial Puzzle"},{"floor":26.0,"key":"Gremlin Horn"},{"floor":29.0,"key":"Frozen Egg 2"},{"floor":31.0,"key":"MawBank"}],"event_choices":[{"damage_healed":0.0,"max_hp_gain":0.0,"max_hp_loss":0.0,"gold_gain":75.0,"event_name":"FaceTrader","player_choice":"Touch","floor":10.0,"gold_loss":0.0,"damage_taken":8.0},{"cards_removed":["Defend_R"],"damage_healed":0.0,"max_hp_gain":0.0,"max_hp_loss":0.0,"gold_gain":0.0,"event_name":"Purifier","player_choice":"Purged","floor":11.0,"gold_loss":0.0,"damage_taken":0.0},{"damage_healed":0.0,"max_hp_gain":0.0,"max_hp_loss":0.0,"gold_gain":0.0,"event_name":"Match and Keep!","player_choice":"2 cards matched","floor":19.0,"gold_loss":0.0,"damage_taken":0.0,"cards_obtained":["Enlightenment","Wild Strike"]},{"damage_healed":0.0,"max_hp_gain":0.0,"max_hp_loss":0.0,"gold_gain":0.0,"event_name":"Lab","player_choice":"Got Potions","floor":22.0,"gold_loss":0.0,"damage_taken":0.0},{"damage_healed":0.0,"max_hp_gain":0.0,"max_hp_loss":0.0,"gold_gain":0.0,"event_name":"Back to Basics","player_choice":"Simplicity","floor":25.0,"gold_loss":0.0,"damage_taken":0.0,"cards_upgraded":["Strike_R","Strike_R","Strike_R","Strike_R","Strike_R","Defend_R","Defend_R","Defend_R"]},{"damage_healed":0.0,"max_hp_gain":0.0,"max_hp_loss":0.0,"gold_gain":0.0,"event_name":"The Library","player_choice":"Read","floor":27.0,"gold_loss":0.0,"damage_taken":0.0,"cards_obtained":["Twin Strike"]}],"is_beta":false,"boss_relics":[{"not_picked":["Runic Pyramid","Empty Cage"],"picked":"Runic Cube"}],"items_purged_floors":[],"is_endless":false,"potions_floor_spawned":[2,5,7,14,30,31],"killed_by":"Champ","ascension_level":11}}