{"host":"6pgtslebjnyv5xmi","time":1609676644,"event":{"mods":["AchievementEnabler","BaseMod","Colored Map","Minty Spire (QoL Compilation)","Rare Cards Sparkle","StSLib","SuperFastMode","everything is the same but u backflip on backflip"],"gold_per_floor":[113,43,54,73,73,73,94,94,94,94,113,82,82,102,102,226,226,262,276,300,321,261,261,285,285,308,228,244,264,25,25,25,25,25],"floor_reached":33,"playtime":1160,"items_purged":["Strike_R","Clumsy"],"score":241,"play_id":"d61174e7-ccf4-4773-9dda-0d6daa279edb","local_time":"20210103212404","is_ascension_mode":false,"campfire_choices":[{"data":"Berserk","floor":6,"key":"SMITH"},{"floor":10,"key":"REST"},{"data":"Sever Soul","floor":13,"key":"SMITH"},{"data":"Clash","floor":15,"key":"SMITH"},{"data":"Dark Embrace","floor":23,"key":"SMITH"},{"floor":25,"key":"REST"},{"floor":32,"key":"REST"}],"circlet_count":0,"master_deck":["Strike_R","Strike_R","Strike_R","Strike_R","Defend_R","Defend_R","Defend_R","Defend_R","Bash","Berserk+1","Sever Soul+1","Power Through","Wild Strike","Clash+1","Wild Strike","Spot Weakness","Feel No Pain","Corruption","Headbutt+1","Dark Embrace+1","Double Tap","Shrug It Off+1","Second Wind","Panacea"],"relics":["Burning Blood","Golden Idol","The Courier","Mummified Hand","Cursed Key","Toy Ornithopter","Gremlin Horn"],"acts_visited":["Exordium","TheCity"],"potions_floor_usage":[16,16,18,28,33],"damage_taken":[{"damage":6,"enemies":"Jaw Worm","floor":1,"turns":3},{"damage":4,"enemies":"Cultist","floor":3,"turns":3},{"damage":6,"enemies":"2 Louse","floor":4,"turns":2},{"damage":0,"enemies":"Large Slime","floor":7,"turns":5},{"damage":5,"enemies":"Exordium Thugs","floor":11,"turns":5},{"damage":12,"enemies":"Gremlin Gang","floor":14,"turns":4},{"damage":5,"enemies":"Slime Boss","floor":16,"turns":9},{"damage":15,"enemies":"3 Byrds","floor":18,"turns":6},{"damage":19,"enemies":"Spheric Guardian","floor":19,"turns":4},{"damage":23,"enemies":"Cultist and Chosen","floor":20,"turns":5},{"damage":17,"enemies":"Chosen and Byrds","floor":21,"turns":5},{"damage":27,"enemies":"3 Cultists","floor":24,"turns":6},{"damage":31,"enemies":"Snake Plant","floor":28,"turns":3},{"damage":5,"enemies":"Centurion and Healer","floor":29,"turns":5},{"damage":58,"enemies":"Champ","floor":33,"turns":10}],"seed_played":"-2051460395053139155","potions_obtained":[{"floor":3,"key":"Strength Potion"},{"floor":14,"key":"Energy Potion"},{"floor":16,"key":"ColorlessPotion"},{"floor":24,"key":"AttackPotion"},{"floor":28,"key":"Ancient Potion"}],"is_trial":false,"path_per_floor":["M","$","M","M","?","R","M","?","T","R","M","$","R","M","R","B",null,"M","M","M","M","$","R","M","R","T","$","M","M","$","?","R","B"],"character_chosen":"IRONCLAD","items_purchased":["Power Through","Spot Weakness","Second Wind","Gremlin Horn"],"campfire_rested":3,"item_purchase_floors":[2,12,30,30],"current_hp_per_floor":[80,80,80,80,60,60,66,41,41,65,66,66,66,60,60,61,80,71,58,41,30,30,30,9,33,33,33,13,14,14,14,38,0,0],"gold":25,"neow_bonus":"ONE_RANDOM_RARE_CARD","is_daily":false,"chose_seed":false,"campfire_upgraded":4,"win_rate":0.0,"timestamp":1609676644,"path_taken":["M","$","M","M","?","R","M","?","T","R","M","?","R","M","R","BOSS","M","M","M","M","$","R","M","R","T","$","M","M","$","?","R","BOSS"],"items_purchased_type":["Card","Card","Card","Relic"],"build_version":"2020-12-22","purchased_purges":2,"victory":false,"max_hp_per_floor":[80,80,80,80,80,80,80,80,80,80,80,80,80,80,80,80,80,80,80,80,80,80,80,80,80,80,80,80,80,80,80,80,80,80],"card_choices":[{"not_picked":["Sword Boomerang","Clash"],"picked":"Sever Soul","floor":1},{"not_picked":["Anger","Flame Barrier"],"picked":"Wild Strike","floor":3},{"not_picked":["Clothesline","Intimidate"],"picked":"Clash","floor":4},{"not_picked":["Havoc","Perfected Strike"],"picked":"Wild Strike","floor":7},{"not_picked":["Intimidate","Burning Pact","Wild Strike"],"picked":"SKIP","floor":11},{"not_picked":["Twin Strike","Thunderclap"],"picked":"Feel No Pain","floor":14},{"not_picked":["Double Tap","Feed"],"picked":"Corruption","floor":16},{"not_picked":["Clothesline","Anger+1","Shockwave"],"picked":"SKIP","floor":18},{"not_picked":["Clothesline","Shrug It Off+1"],"picked":"Headbutt+1","floor":19},{"not_picked":["Cleave","Flame Barrier","Shrug It Off"],"picked":"SKIP","floor":20},{"not_picked":["Power Through","Anger"],"picked":"Dark Embrace","floor":21},{"not_picked":["Sword Boomerang","Searing Blow"],"picked":"Double Tap","floor":24},{"not_picked":["Disarm","Sword Boomerang"],"picked":"Shrug It Off+1","floor":28},{"not_picked":["Wild Strike+1","Body Slam","Iron Wave"],"picked":"SKIP","floor":29}],"player_experience":672924,"relics_obtained":[{"floor":9,"key":"Mummified Hand"},{"floor":26,"key":"Toy Ornithopter"}],"event_choices":[{"damage_healed":0,"gold_gain":0,"player_choice":"Take Damage","damage_taken":20,"relics_obtained":["Golden Idol"],"max_hp_gain":0,"max_hp_loss":0,"event_name":"Golden Idol","floor":5,"gold_loss":0},{"damage_healed":0,"gold_gain":0,"player_choice":"Success","damage_taken":25,"relics_obtained":["The Courier"],"max_hp_gain":0,"max_hp_loss":0,"event_name":"Scrap Ooze","floor":8,"gold_loss":0},{"damage_healed":0,"gold_gain":0,"player_choice":"1 cards matched","damage_taken":0,"max_hp_gain":0,"max_hp_loss":0,"event_name":"Match and Keep!","floor":31,"gold_loss":0,"cards_obtained":["Panacea"]}],"is_beta":false,"boss_relics":[{"not_picked":["Tiny House","SacredBark"],"picked":"Cursed Key"}],"items_purged_floors":[22,27],"is_endless":false,"potions_floor_spawned":[3,14,16,24,28],"killed_by":"Champ","ascension_level":0}}