{"host":"if82ftfycgeplyd6","time":1609645824,"event":{"mods":["BaseMod","Block Reminder","Booster Modes","Hermit","Jorbs\u0027s Wanderer Trilogy","KinomotoSakuraMod(????)","Minty Spire (QoL Compilation)","Robot Space Explorer","Shade Mod","StSLib","The Cursed","The Gatherer","The Hierophant","The Necromancer","The Servant 0.9.4"],"gold_per_floor":[115,115,290,58,58,89,109,9,58,74,86,105,136,153,153,254,254,266,284,284,295,311,343,343,268,293,305,305,340,357,357,357,455,455,470,481,481,497,184,213,232,88,88,88,98,117,117,167,167,167,167,167,17,43,43],"floor_reached":56,"playtime":6755,"items_purged":["Doubt","RobotSpaceExplorer:Strike","RobotSpaceExplorer:Defend","RobotSpaceExplorer:Defend"],"score":1406,"play_id":"cd2a9e7c-0880-49f7-83dd-0d5131fd71b6","local_time":"20210102195024","is_ascension_mode":false,"campfire_choices":[{"data":"RobotSpaceExplorer:MiniDrones","floor":15,"key":"SMITH"},{"data":"RobotSpaceExplorer:FranticSearch","floor":24,"key":"SMITH"},{"data":"RobotSpaceExplorer:Accelerator","floor":32,"key":"SMITH"},{"floor":47,"key":"RECALL"},{"data":"RobotSpaceExplorer:ChargingLaser","floor":49,"key":"SMITH"},{"data":"RobotSpaceExplorer:TrailblazerForm","floor":52,"key":"SMITH"}],"circlet_count":0,"master_deck":["RobotSpaceExplorer:Scan","RobotSpaceExplorer:MiniLasers","RobotSpaceExplorer:MiniDrones+1","RobotSpaceExplorer:GlueShot","RobotSpaceExplorer:MetalStrike","RobotSpaceExplorer:ScrapToss","RobotSpaceExplorer:ScrapMissile","RobotSpaceExplorer:ScrapShield","RobotSpaceExplorer:Accelerator+1","RobotSpaceExplorer:ScrapMissile+1","RobotSpaceExplorer:Probe","RobotSpaceExplorer:MiniDrones+1","RobotSpaceExplorer:FranticSearch+1","RobotSpaceExplorer:FranticSearch+1","Ghostly+1","Ghostly+1","Ghostly+1","Ghostly+1","Ghostly+1","RobotSpaceExplorer:ChargingLaser+1","RobotSpaceExplorer:Probe+1","RobotSpaceExplorer:FranticSearch+1","RobotSpaceExplorer:StunGrenade","RobotSpaceExplorer:ScrapShield+1","RobotSpaceExplorer:ScrapMissile","RobotSpaceExplorer:TrailblazerForm+1","RobotSpaceExplorer:FranticSearch+1","RobotSpaceExplorer:JunkDive+1","RobotSpaceExplorer:ScrapShield+1"],"relics":["RobotSpaceExplorer:RoboCore","NeowsBlessing","ClockworkSouvenir","Shuriken","Art of War","Bronze Scales","RobotSpaceExplorer:Reprocessor","InkBottle","Prayer Wheel","Eternal Feather","Toxic Egg 2","Sozu","Lizard Tail","Frozen Eye","Letter Opener","Mango","RobotSpaceExplorer:BottledGravity"],"acts_visited":["Exordium","TheCity","TheBeyond","TheEnding"],"potions_floor_usage":[29,55,55],"damage_taken":[{"damage":0,"enemies":"Small Slimes","floor":1,"turns":1},{"damage":0,"enemies":"Gremlin Nob","floor":6,"turns":1},{"damage":0,"enemies":"Jaw Worm","floor":7,"turns":1},{"damage":0,"enemies":"2 Louse","floor":10,"turns":2},{"damage":0,"enemies":"Looter","floor":11,"turns":4},{"damage":7,"enemies":"Exordium Thugs","floor":12,"turns":5},{"damage":5,"enemies":"Lagavulin","floor":13,"turns":5},{"damage":0,"enemies":"Blue Slaver","floor":14,"turns":2},{"damage":26,"enemies":"Hexaghost","floor":16,"turns":8},{"damage":2,"enemies":"Shell Parasite","floor":18,"turns":4},{"damage":0,"enemies":"3 Byrds","floor":19,"turns":3},{"damage":0,"enemies":"Shelled Parasite and Fungi","floor":21,"turns":3},{"damage":15,"enemies":"Centurion and Healer","floor":22,"turns":3},{"damage":0,"enemies":"Book of Stabbing","floor":23,"turns":3},{"damage":0,"enemies":"Snecko","floor":27,"turns":3},{"damage":31,"enemies":"Slavers","floor":29,"turns":4},{"damage":0,"enemies":"Cultist and Chosen","floor":30,"turns":2},{"damage":0,"enemies":"Collector","floor":33,"turns":6},{"damage":0,"enemies":"3 Shapes","floor":35,"turns":3},{"damage":0,"enemies":"3 Darklings","floor":36,"turns":3},{"damage":0,"enemies":"Spire Growth","floor":38,"turns":3},{"damage":0,"enemies":"Reptomancer","floor":40,"turns":4},{"damage":0,"enemies":"Transient","floor":41,"turns":5},{"damage":2,"enemies":"4 Shapes","floor":45,"turns":4},{"damage":0,"enemies":"Sphere and 2 Shapes","floor":46,"turns":3},{"damage":0,"enemies":"Mind Bloom Boss Battle","floor":48,"turns":4},{"damage":0,"enemies":"Awakened One","floor":50,"turns":7},{"damage":0,"enemies":"Shield and Spear","floor":54,"turns":4},{"damage":17,"enemies":"The Heart","floor":55,"turns":5}],"seed_played":"677086457928317027","potions_obtained":[{"floor":6,"key":"RobotSpaceExplorer:RecyclePotion"},{"floor":7,"key":"ColorlessPotion"},{"floor":11,"key":"LiquidMemories"},{"floor":29,"key":"LiquidBronze"}],"is_trial":false,"path_per_floor":["M","$","?","$","?","E","M","$","T","M","M","M","E","M","R","B",null,"M","M","?","M","M","E","R","?","T","M","T","E","M","?","R","B",null,"M","M","?","M","$","E","M","$","T","?","M","M","R","?","R","B",null,"R","$","E","B",null],"character_chosen":"RobotSpaceExplorer","items_purchased":["ClockworkSouvenir","RobotSpaceExplorer:Wormhole+1","RobotSpaceExplorer:ScrapMissile","Frozen Eye"],"campfire_rested":0,"item_purchase_floors":[4,39,39,42],"current_hp_per_floor":[75,75,75,75,68,68,68,68,68,72,75,68,63,67,67,45,75,75,75,75,75,64,68,68,68,68,72,72,45,45,37,37,37,37,37,37,37,37,37,37,37,37,37,37,35,35,37,51,51,51,51,51,51,51,34],"gold":43,"neow_bonus":"THREE_ENEMY_KILL","is_daily":false,"chose_seed":false,"campfire_upgraded":5,"win_rate":0.0,"timestamp":1609645824,"path_taken":["M","$","?","$","?","E","M","?","T","M","M","?","E","M","R","BOSS","M","M","?","M","M","E","R","?","T","M","?","E","M","?","R","BOSS","M","M","?","M","$","E","M","?","T","?","?","M","R","?","R","BOSS","R","$","E","BOSS"],"items_purchased_type":["Relic","Card","Card","Relic"],"build_version":"2020-12-22","purchased_purges":4,"victory":true,"max_hp_per_floor":[75,75,75,75,75,75,75,75,75,75,75,75,75,75,75,75,75,75,75,75,75,75,75,75,75,75,75,75,75,75,37,37,37,37,37,37,37,37,37,37,37,37,37,37,37,37,37,51,51,51,51,51,51,51,51],"card_choices":[{"not_picked":["RobotSpaceExplorer:SlimeMissile","RobotSpaceExplorer:TurboDodge"],"picked":"RobotSpaceExplorer:Fix","floor":1},{"not_picked":["RobotSpaceExplorer:GlueShot","RobotSpaceExplorer:GlueSpray"],"picked":"RobotSpaceExplorer:MiniDrones","floor":6},{"not_picked":["RobotSpaceExplorer:ShockKick","RobotSpaceExplorer:Autoloader"],"picked":"RobotSpaceExplorer:GlueShot","floor":7},{"not_picked":["RobotSpaceExplorer:ImprovisedAttack","RobotSpaceExplorer:FranticSearch"],"picked":"RobotSpaceExplorer:MetalStrike","floor":10},{"not_picked":["RobotSpaceExplorer:ImprovisedAttack","RobotSpaceExplorer:StunGrenade"],"picked":"RobotSpaceExplorer:ScrapToss","floor":11},{"not_picked":["RobotSpaceExplorer:GlueSpray","RobotSpaceExplorer:Counterblock","RobotSpaceExplorer:MakeshiftVolley"],"picked":"SKIP","floor":12},{"not_picked":["RobotSpaceExplorer:Counterblock","RobotSpaceExplorer:GlueShot"],"picked":"RobotSpaceExplorer:ScrapMissile","floor":13},{"not_picked":["RobotSpaceExplorer:Exploration","RobotSpaceExplorer:DoubleBlock"],"picked":"RobotSpaceExplorer:ScrapShield","floor":14},{"not_picked":["RobotSpaceExplorer:TrailblazerForm","RobotSpaceExplorer:Comet"],"picked":"RobotSpaceExplorer:Accelerator","floor":16},{"not_picked":["RobotSpaceExplorer:MiniDrones","RobotSpaceExplorer:JunkDive"],"picked":"RobotSpaceExplorer:ScrapMissile+1","floor":18},{"not_picked":["RobotSpaceExplorer:SurgingShield","RobotSpaceExplorer:FranticSearch"],"picked":"RobotSpaceExplorer:Probe","floor":19},{"not_picked":["RobotSpaceExplorer:ToxicBomb","RobotSpaceExplorer:SlimeMissile","RobotSpaceExplorer:ShockKick+1"],"picked":"SKIP","floor":21},{"not_picked":["RobotSpaceExplorer:Jetpack","RobotSpaceExplorer:FreezeRay"],"picked":"RobotSpaceExplorer:MiniDrones+1","floor":22},{"not_picked":["RobotSpaceExplorer:MetalStrike","RobotSpaceExplorer:Exploration"],"picked":"RobotSpaceExplorer:FranticSearch","floor":23},{"not_picked":["RobotSpaceExplorer:Counterblock+1","RobotSpaceExplorer:Blitz","RobotSpaceExplorer:Ammunition"],"picked":"SKIP","floor":27},{"not_picked":["RobotSpaceExplorer:Calculate+1","RobotSpaceExplorer:LaserBurst","RobotSpaceExplorer:StunGrenade"],"picked":"SKIP","floor":27},{"not_picked":["RobotSpaceExplorer:Ammunition+1","RobotSpaceExplorer:Counterblock+1"],"picked":"RobotSpaceExplorer:Wormhole+1","floor":29},{"not_picked":["RobotSpaceExplorer:PowerCollector","RobotSpaceExplorer:MiniDrones"],"picked":"RobotSpaceExplorer:FranticSearch+1","floor":30},{"not_picked":["RobotSpaceExplorer:GlueShot+1","RobotSpaceExplorer:SlimeMissile+1","RobotSpaceExplorer:MiniDrones"],"picked":"SKIP","floor":30},{"not_picked":["RobotSpaceExplorer:Blaster","RobotSpaceExplorer:Autoloader"],"picked":"RobotSpaceExplorer:ChargingLaser","floor":33},{"not_picked":["RobotSpaceExplorer:Pulsar+1","RobotSpaceExplorer:Probe","RobotSpaceExplorer:SurgingShield+1"],"picked":"SKIP","floor":35},{"not_picked":["RobotSpaceExplorer:Pulsar+1","RobotSpaceExplorer:Counterblock+1","RobotSpaceExplorer:TurboDodge+1"],"picked":"SKIP","floor":35},{"not_picked":["RobotSpaceExplorer:Electroshield+1","RobotSpaceExplorer:ShockKick"],"picked":"RobotSpaceExplorer:Probe+1","floor":36},{"not_picked":["RobotSpaceExplorer:ImprovisedAttack","RobotSpaceExplorer:Blitz+1"],"picked":"RobotSpaceExplorer:FranticSearch+1","floor":36},{"not_picked":["RobotSpaceExplorer:Ammunition+1","RobotSpaceExplorer:MetalStrike"],"picked":"RobotSpaceExplorer:ScrapShield+1","floor":38},{"not_picked":["RobotSpaceExplorer:LaserBurst+1","RobotSpaceExplorer:Pulsar+1","RobotSpaceExplorer:MetalStrike"],"picked":"SKIP","floor":38},{"not_picked":["RobotSpaceExplorer:StunGrenade+1","RobotSpaceExplorer:GlueShot+1"],"picked":"RobotSpaceExplorer:TrailblazerForm","floor":40},{"not_picked":["RobotSpaceExplorer:Pulsar+1","RobotSpaceExplorer:GlueShot+1"],"picked":"RobotSpaceExplorer:FranticSearch+1","floor":41},{"not_picked":["RobotSpaceExplorer:ShovelStrike","RobotSpaceExplorer:Fix+1","RobotSpaceExplorer:Pulsar+1"],"picked":"SKIP","floor":41},{"not_picked":["RobotSpaceExplorer:Probe","RobotSpaceExplorer:ShovelStrike","RobotSpaceExplorer:Discharger+1"],"picked":"SKIP","floor":45},{"not_picked":["RobotSpaceExplorer:MiniDrones","RobotSpaceExplorer:DroneSwarm","RobotSpaceExplorer:ShovelStrike"],"picked":"SKIP","floor":45},{"not_picked":["RobotSpaceExplorer:GlueShot+1","RobotSpaceExplorer:ImprovisedAttack"],"picked":"RobotSpaceExplorer:JunkDive+1","floor":46},{"not_picked":["RobotSpaceExplorer:DoubleFind+1","RobotSpaceExplorer:ShovelStrike","RobotSpaceExplorer:MetalStrike"],"picked":"SKIP","floor":46},{"not_picked":["RobotSpaceExplorer:SurgingShield+1","RobotSpaceExplorer:Arsenal+1"],"picked":"RobotSpaceExplorer:ScrapShield+1","floor":48},{"not_picked":["RobotSpaceExplorer:Reload+1","RobotSpaceExplorer:Ammunition+1","RobotSpaceExplorer:GlueSpray+1"],"picked":"SKIP","floor":54}],"player_experience":938697,"relics_obtained":[{"floor":6,"key":"Shuriken"},{"floor":9,"key":"Art of War"},{"floor":13,"key":"Bronze Scales"},{"floor":23,"key":"Prayer Wheel"},{"floor":28,"key":"Eternal Feather"},{"floor":29,"key":"Toxic Egg 2"},{"floor":40,"key":"Lizard Tail"},{"floor":43,"key":"Letter Opener"},{"floor":48,"key":"Mango"},{"floor":54,"key":"RobotSpaceExplorer:BottledGravity"}],"event_choices":[{"damage_healed":0,"gold_gain":175,"player_choice":"AGREE","damage_taken":0,"max_hp_gain":0,"max_hp_loss":0,"event_name":"Liars Game","floor":3,"gold_loss":0,"cards_obtained":["Doubt"]},{"cards_removed":["RobotSpaceExplorer:Strike"],"damage_healed":0,"gold_gain":0,"player_choice":"Card Removal","damage_taken":7,"max_hp_gain":0,"max_hp_loss":0,"event_name":"Golden Wing","floor":5,"gold_loss":0},{"damage_healed":0,"gold_gain":0,"player_choice":"Opened","damage_taken":0,"relics_obtained":["InkBottle"],"max_hp_gain":0,"max_hp_loss":0,"event_name":"The Mausoleum","floor":20,"gold_loss":0},{"cards_removed":["RobotSpaceExplorer:Strike"],"damage_healed":0,"gold_gain":0,"player_choice":"Gave Gold","damage_taken":0,"max_hp_gain":0,"max_hp_loss":0,"event_name":"Beggar","floor":25,"gold_loss":75},{"damage_healed":0,"gold_gain":0,"player_choice":"Became a Ghost","damage_taken":0,"max_hp_gain":0,"max_hp_loss":38,"event_name":"Ghosts","floor":31,"gold_loss":0,"cards_obtained":["Ghostly","Ghostly","Ghostly","Ghostly","Ghostly"]},{"damage_healed":0,"gold_gain":0,"cards_transformed":["RobotSpaceExplorer:Strike"],"player_choice":"Transformed","damage_taken":0,"max_hp_gain":0,"max_hp_loss":0,"event_name":"Transmorgrifier","floor":37,"gold_loss":0,"cards_obtained":["RobotSpaceExplorer:StunGrenade"]},{"cards_removed":["RobotSpaceExplorer:Defend"],"damage_healed":0,"gold_gain":0,"player_choice":"Purged","damage_taken":0,"max_hp_gain":0,"max_hp_loss":0,"event_name":"Purifier","floor":44,"gold_loss":0},{"damage_healed":0,"gold_gain":0,"player_choice":"Fight","damage_taken":0,"max_hp_gain":0,"max_hp_loss":0,"event_name":"MindBloom","floor":48,"gold_loss":0}],"is_beta":false,"boss_relics":[{"not_picked":["Cursed Key","RobotSpaceExplorer:SearchSpecs"],"picked":"RobotSpaceExplorer:Reprocessor"},{"not_picked":["Fusion Hammer","Pandora\u0027s Box"],"picked":"Sozu"}],"items_purged_floors":[4,8,39,53],"is_endless":false,"potions_floor_spawned":[6,7,11,14,21,22,29,38,45,48],"ascension_level":0}}