{"host":"6dypmz777xraikqf","time":1609686180,"event":{"mods":["AchievementEnabler","BaseMod","BetterRewards","Colored Map","Colored Powertips","Downfall","Highlight Path","Hubris","Infinite Spire","Minty Spire (QoL Compilation)","Replay The Spire","StSLib"],"gold_per_floor":[111,111,11,11,22,49,49,49,49,63,63,80,112,61,61,159,159,172,172,184,184,194,194,211,231,231,231,69,80,80,114,114,214,214,227,227,80,102,102,102],"floor_reached":39,"playtime":3316,"items_purged":["Strike_R","Strike_G","Strike_G","hubris:Lust"],"score":731,"play_id":"0ca8d18b-0fc7-4a1d-b401-9a75b7a165c3","local_time":"20210103150300","is_ascension_mode":true,"campfire_choices":[{"floor":7,"key":"REST"},{"floor":11,"key":"REST"},{"floor":32,"key":"DIG"}],"circlet_count":0,"master_deck":["Strike_G","Strike_G","Defend_G","Defend_G","Defend_G","Defend_G","Defend_G","Survivor","Neutralize","Mayhem","The Bomb","expansioncontent:DecasProtection","Underhanded Strike","Acrobatics","Dash","Deflect","Storm of Steel","Expertise+1","Envenom","Poisoned Stab+1","Acrobatics+1","Slice+1","Terror","Blur","Blade Dance+1","J.A.X.","Endless Agony","Bullet Time","Acrobatics","Wraith Form v2"],"relics":["Ring of the Snake","Peace Pipe","Lantern","ReplayTheSpireMod:ShopPack","hubris:Towel","Bag of Preparation","Mirror","Singing Bowl","hubris:GlazedTorus","Chameleon Ring","Cursed Key","Replay:Bronze Core","Sling","hubris:BottledRain","Onion Ring","Art of War","SlaversCollar","infinitespire:EvilPickle","Omamori"],"acts_visited":["Exordium","TheCity","TheBeyond"],"potions_floor_usage":[13,13,16,20,22,29,31,38],"damage_taken":[{"damage":0,"enemies":"Cultist","floor":1,"turns":4},{"damage":8,"enemies":"Small Slimes","floor":5,"turns":3},{"damage":2,"enemies":"Lagavulin","floor":6,"turns":8},{"damage":3,"enemies":"infinitespire:Voidling","floor":10,"turns":4},{"damage":3,"enemies":"Blue Slaver","floor":12,"turns":4},{"damage":7,"enemies":"Gremlin Nob","floor":13,"turns":4},{"damage":0,"enemies":"Fading Forest","floor":16,"turns":11},{"damage":0,"enemies":"Chosen","floor":18,"turns":5},{"damage":3,"enemies":"Spheric Guardian","floor":20,"turns":4},{"damage":4,"enemies":"Cultist and Chosen","floor":22,"turns":4},{"damage":7,"enemies":"Sentry and Sphere","floor":24,"turns":8},{"damage":3,"enemies":"Snecko","floor":25,"turns":4},{"damage":4,"enemies":"Centurion and Healer","floor":29,"turns":5},{"damage":3,"enemies":"Gremlin Leader","floor":31,"turns":5},{"damage":27,"enemies":"Pondfish","floor":33,"turns":8},{"damage":11,"enemies":"3 Shapes","floor":35,"turns":3},{"damage":23,"enemies":"3 Darklings","floor":38,"turns":6},{"damage":27,"enemies":"infinitespire:Three Voidlings","floor":39,"turns":4},{"damage":39,"enemies":"Nightmare_Alpha","floor":39,"turns":5}],"seed_played":"8869107470465169337","potions_obtained":[{"floor":5,"key":"Swift Potion"},{"floor":10,"key":"Adrenaline Potion"},{"floor":13,"key":"SpeedPotion"},{"floor":15,"key":"Milkshake"},{"floor":15,"key":"CunningPotion"},{"floor":16,"key":"Swift Potion"},{"floor":18,"key":"AttackPotion"},{"floor":23,"key":"Milkshake"},{"floor":23,"key":"CunningPotion"},{"floor":29,"key":"AttackPotion"},{"floor":35,"key":"SneckoOil"}],"is_trial":false,"path_per_floor":["M","?","$","?","M","E","R","?","T","M","R","M","E","$","R","B",null,"M","AVR","M","?","M","R","M","M","T","T","$","M","?","E","R_BF","B",null,"M","?","$","M","?"],"character_chosen":"THE_SILENT","items_purchased":["Lantern","ReplayTheSpireMod:ShopPack","Expertise+1","Blur","Omamori"],"campfire_rested":2,"item_purchase_floors":[0,0,14,28,37],"current_hp_per_floor":[36,36,36,18,10,8,29,29,29,28,49,46,39,39,39,39,72,72,72,71,71,67,67,60,57,57,57,57,53,53,50,50,23,74,63,63,63,40,0,0],"gold":102,"neow_bonus":"","is_daily":false,"chose_seed":false,"campfire_upgraded":0,"win_rate":0.0,"timestamp":1609686180,"path_taken":["M","?","$","?","M","E","R","?","T","M","R","?","E","$","R","BOSS","M","AVR","M","?","M","R","?","M","T","?","$","M","?","E","R_BF","BOSS","M","?","$","?","?"],"items_purchased_type":["Relic","Relic","Card","Card","Relic"],"build_version":"2020-12-22","purchased_purges":4,"victory":false,"max_hp_per_floor":[70,70,70,70,70,70,70,70,70,72,72,72,72,72,72,72,72,72,72,74,74,74,74,74,74,74,74,74,74,74,74,74,74,74,74,74,74,74,74,74],"card_choices":[{"not_picked":["ReplayTheSpireMod:Necrogeddon","Sadistic Nature"],"picked":"Mayhem","floor":0},{"not_picked":["Panacea","expansioncontent:SuperHexaguard"],"picked":"The Bomb","floor":0},{"not_picked":["Metamorphosis","Replay:SS_fish_3"],"picked":"expansioncontent:DecasProtection","floor":0},{"not_picked":["ReplayTheSpireMod:Tripwire","Bane"],"picked":"Underhanded Strike","floor":1},{"not_picked":["Heel Hook","Die Die Die"],"picked":"Acrobatics","floor":5},{"not_picked":["Blade Dance","Prepared"],"picked":"Dash","floor":6},{"not_picked":["Dagger Spray","Outmaneuver","ReplayTheSpireMod:Necrosis"],"picked":"Singing Bowl","floor":10},{"not_picked":["Dagger Throw","Quick Slash"],"picked":"Deflect","floor":12},{"not_picked":["Underhanded Strike","Noxious Fumes"],"picked":"Storm of Steel","floor":13},{"not_picked":["Wraith Form v2","Die Die Die"],"picked":"Envenom","floor":16},{"not_picked":["Sucker Punch","Deadly Poison"],"picked":"Poisoned Stab+1","floor":18},{"not_picked":["Doppelganger","Deadly Poison","Distraction"],"picked":"Singing Bowl","floor":20},{"not_picked":["Underhanded Strike","Footwork"],"picked":"Acrobatics+1","floor":22},{"not_picked":["Endless Agony","Prepared"],"picked":"Slice+1","floor":24},{"not_picked":["Cloak And Dagger+1","Dagger Spray+1"],"picked":"Terror","floor":25},{"not_picked":["Dodge and Roll","Dagger Spray"],"picked":"Blade Dance+1","floor":29},{"not_picked":["Heel Hook+1","Outmaneuver"],"picked":"Endless Agony","floor":31},{"not_picked":["A Thousand Cuts","Atom Bomb"],"picked":"Bullet Time","floor":33},{"not_picked":["Poisoned Stab+1","ReplayTheSpireMod:Exploit Weakness"],"picked":"Acrobatics","floor":35},{"not_picked":["Dagger Throw+1","Replay:Poison Smokescreen"],"picked":"Wraith Form v2","floor":38}],"player_experience":90199,"relics_obtained":[{"floor":6,"key":"Mirror"},{"floor":8,"key":"Singing Bowl"},{"floor":9,"key":"hubris:GlazedTorus"},{"floor":13,"key":"Chameleon Ring"},{"floor":26,"key":"hubris:BottledRain"},{"floor":31,"key":"Onion Ring"},{"floor":32,"key":"Art of War"}],"event_choices":[{"damage_healed":0,"gold_gain":0,"player_choice":"Success","damage_taken":18,"relics_obtained":["Bag of Preparation"],"max_hp_gain":0,"max_hp_loss":0,"event_name":"Scrap Ooze","floor":4,"gold_loss":0},{"damage_healed":0,"gold_gain":0,"player_choice":"Relic","damage_taken":0,"max_hp_gain":0,"max_hp_loss":0,"event_name":"Wheel of Change","floor":8,"gold_loss":0},{"damage_healed":0,"gold_gain":0,"player_choice":"Ignored","damage_taken":0,"max_hp_gain":0,"max_hp_loss":0,"event_name":"N\u0027loth","floor":21,"gold_loss":0},{"damage_healed":0,"gold_gain":0,"player_choice":"Obtain J.A.X.","damage_taken":0,"max_hp_gain":0,"max_hp_loss":0,"event_name":"Drug Dealer","floor":30,"gold_loss":0,"cards_obtained":["J.A.X."]},{"cards_removed":["Strike_G"],"damage_healed":0,"gold_gain":0,"player_choice":"Card Removal","damage_taken":0,"max_hp_gain":0,"max_hp_loss":0,"event_name":"Wheel of Change","floor":36,"gold_loss":0}],"is_beta":false,"boss_relics":[{"not_picked":["ReplayTheSpireMod:SealedPack","Sozu"],"picked":"Cursed Key"},{"not_picked":["hubris:ScarierMask","ChewingGum"],"picked":"SlaversCollar"}],"items_purged_floors":[0,3,19,28],"is_endless":false,"potions_floor_spawned":[5,10,13,16,18,29,35],"killed_by":"Nightmare_Alpha","ascension_level":4}}