{"host":"xz7n3qy1zq36rzpg","time":1609666220,"event":{"mods":["BaseMod","Colored Map","Colored Powertips","Highlight Path","Minty Spire (QoL Compilation)","Quick Restart","Shop Mod"],"gold_per_floor":[114,114,64,64,82,110,110,136,182,209,209,8,8,32,32,162,162,180,199,199,212,172,172,186,86,86,39,59,59,109,149,149,149,149],"floor_reached":33,"playtime":1402,"items_purged":["Injury","Strike_G"],"score":352,"play_id":"b797240f-a645-48fa-9012-0d90b6cb1757","local_time":"20210103103020","is_ascension_mode":true,"campfire_choices":[{"data":"Noxious Fumes","floor":7,"key":"SMITH"},{"floor":13,"key":"REST"},{"floor":15,"key":"REST"},{"data":"Sucker Punch","floor":23,"key":"SMITH"},{"floor":29,"key":"REST"},{"floor":32,"key":"REST"}],"circlet_count":0,"master_deck":["Strike_G+1","Strike_G","Strike_G","Defend_G+1","Defend_G","Defend_G","Defend_G","Defend_G","Survivor","Neutralize","Dagger Throw","Deadly Poison","Noxious Fumes+1","Deflect","Sucker Punch+1","Caltrops","Quick Slash","Adrenaline","Deflect+1","PiercingWail","Underhanded Strike","Bane"],"relics":["Ring of the Snake","NeowsBlessing","Bag of Preparation","Happy Flower","Nunchaku","Letter Opener","Golden Idol","HoveringKite","MutagenicStrength","Singing Bowl","Regal Pillow","Dream Catcher"],"acts_visited":["Exordium","TheCity"],"potions_floor_usage":[10,16,16,31,31,33],"damage_taken":[{"damage":0,"enemies":"Small Slimes","floor":1,"turns":1},{"damage":0,"enemies":"2 Louse","floor":5,"turns":1},{"damage":0,"enemies":"Lagavulin","floor":6,"turns":1},{"damage":24,"enemies":"3 Sentries","floor":8,"turns":7},{"damage":7,"enemies":"Lagavulin","floor":10,"turns":5},{"damage":0,"enemies":"Cultist","floor":14,"turns":2},{"damage":9,"enemies":"The Guardian","floor":16,"turns":9},{"damage":13,"enemies":"Spheric Guardian","floor":18,"turns":4},{"damage":1,"enemies":"Shell Parasite","floor":19,"turns":5},{"damage":13,"enemies":"Snake Plant","floor":21,"turns":4},{"damage":12,"enemies":"Snecko","floor":24,"turns":5},{"damage":4,"enemies":"Centurion and Healer","floor":28,"turns":8},{"damage":35,"enemies":"Gremlin Leader","floor":31,"turns":7},{"damage":81,"enemies":"Automaton","floor":33,"turns":6}],"seed_played":"-5828336033945319334","potions_obtained":[{"floor":6,"key":"Strength Potion"},{"floor":8,"key":"SkillPotion"},{"floor":10,"key":"SmokeBomb"},{"floor":14,"key":"ColorlessPotion"},{"floor":21,"key":"Weak Potion"},{"floor":28,"key":"Poison Potion"},{"floor":31,"key":"FearPotion"}],"is_trial":false,"path_per_floor":["M","?","?","?","M","E","R","E","T","E","?","$","R","M","R","B",null,"M","M","?","M","?","R","M","$","T","$","M","R","T","E","R","B"],"character_chosen":"THE_SILENT","items_purchased":["Caltrops","PowerPotion","Underhanded Strike"],"campfire_rested":4,"item_purchase_floors":[12,12,27],"current_hp_per_floor":[70,70,70,56,56,56,56,32,32,25,25,25,46,46,67,58,70,57,56,56,43,43,43,31,31,31,31,29,50,50,15,53,0,0],"gold":149,"neow_bonus":"THREE_ENEMY_KILL","is_daily":false,"chose_seed":false,"campfire_upgraded":2,"win_rate":0.0,"timestamp":1609666220,"path_taken":["M","?","?","?","M","E","R","E","T","E","?","$","R","M","R","BOSS","M","M","?","M","?","R","?","$","T","?","M","R","?","E","R","BOSS"],"items_purchased_type":["Card","Potion","Card"],"build_version":"2020-12-22","purchased_purges":2,"victory":false,"max_hp_per_floor":[70,70,70,70,70,70,70,70,70,70,70,70,70,70,70,70,70,70,70,70,70,70,70,70,70,70,70,72,72,72,72,74,74,74],"card_choices":[{"not_picked":["Backflip","Leg Sweep"],"picked":"Dagger Throw","floor":1},{"not_picked":["Prepared","Calculated Gamble"],"picked":"Deadly Poison","floor":5},{"not_picked":["Reflex","Flying Knee"],"picked":"Noxious Fumes","floor":6},{"not_picked":["Slice","Outmaneuver"],"picked":"Deflect","floor":8},{"not_picked":["Night Terror","Cloak And Dagger"],"picked":"Sucker Punch","floor":10},{"not_picked":["Prepared","Outmaneuver"],"picked":"Quick Slash","floor":14},{"not_picked":["Night Terror","Unload"],"picked":"Adrenaline","floor":16},{"not_picked":["Quick Slash","Sucker Punch"],"picked":"Deflect","floor":18},{"not_picked":["Poisoned Stab","Prepared+1"],"picked":"PiercingWail","floor":19},{"not_picked":["Concentrate","Noxious Fumes","Setup"],"picked":"SKIP","floor":21},{"not_picked":["Predator","Outmaneuver+1","Dagger Spray"],"picked":"SKIP","floor":24},{"not_picked":["PiercingWail","A Thousand Cuts","Slice"],"picked":"Singing Bowl","floor":28},{"not_picked":["PiercingWail","Bouncing Flask"],"picked":"Bane","floor":31},{"not_picked":["Sucker Punch","Flying Knee","Prepared"],"picked":"Singing Bowl","floor":32}],"player_experience":280107,"relics_obtained":[{"floor":6,"key":"Bag of Preparation"},{"floor":8,"key":"Happy Flower"},{"floor":9,"key":"Nunchaku"},{"floor":10,"key":"Letter Opener"},{"floor":26,"key":"Singing Bowl"},{"floor":30,"key":"Regal Pillow"},{"floor":31,"key":"Dream Catcher"}],"event_choices":[{"damage_healed":0,"gold_gain":0,"player_choice":"Ignored","damage_taken":0,"max_hp_gain":0,"max_hp_loss":0,"event_name":"Liars Game","floor":2,"gold_loss":0},{"cards_removed":["Strike_G"],"damage_healed":0,"gold_gain":0,"player_choice":"Card Removal","damage_taken":0,"max_hp_gain":0,"max_hp_loss":0,"event_name":"The Cleric","floor":3,"gold_loss":50},{"damage_healed":0,"gold_gain":0,"player_choice":"Entered Light","damage_taken":14,"max_hp_gain":0,"max_hp_loss":0,"event_name":"Shining Light","floor":4,"gold_loss":0,"cards_upgraded":["Strike_G","Defend_G"]},{"damage_healed":0,"gold_gain":0,"player_choice":"Take Wound","damage_taken":0,"relics_obtained":["Golden Idol"],"max_hp_gain":0,"max_hp_loss":0,"event_name":"Golden Idol","floor":11,"gold_loss":0,"cards_obtained":["Injury"]},{"damage_healed":0,"gold_gain":0,"player_choice":"Inject Mutagens","damage_taken":0,"relics_obtained":["MutagenicStrength"],"max_hp_gain":0,"max_hp_loss":0,"event_name":"Drug Dealer","floor":20,"gold_loss":0},{"damage_healed":0,"gold_gain":0,"player_choice":"Upgrade","damage_taken":0,"max_hp_gain":0,"max_hp_loss":0,"event_name":"Designer","floor":22,"gold_loss":40,"cards_upgraded":["Deflect"]}],"is_beta":false,"boss_relics":[{"not_picked":["Velvet Choker","Tiny House"],"picked":"HoveringKite"}],"items_purged_floors":[12,25],"is_endless":false,"potions_floor_spawned":[6,8,10,14,21,28,31],"killed_by":"Automaton","ascension_level":3}}