{"host":"jq8d8epkoknfq6em","time":1609640325,"event":{"mods":["AchievementEnabler","BaseMod","Colored Map","Colored Powertips","Highlight Path","Minty Spire (QoL Compilation)","Quick Restart","StSLib"],"gold_per_floor":[114,114,126,136,236,266,281,307,307,307,338,348,348,378,390,499,511,537,549,148,166,126,161,172,21,321,321,346,359,105,105,105],"floor_reached":31,"playtime":4073,"items_purged":["Strike_R","Strike_R"],"score":508,"play_id":"01ffec23-bf60-40e0-b0f5-43b5aa43ff7f","local_time":"20210103031845","is_ascension_mode":true,"campfire_choices":[{"floor":10,"key":"REST"},{"data":"Rage","floor":13,"key":"SMITH"},{"data":"Berserk","floor":15,"key":"SMITH"},{"data":"True Grit","floor":27,"key":"SMITH"}],"circlet_count":0,"master_deck":["AscendersBane","Strike_R","Strike_R","Strike_R","Defend_R","Defend_R","Defend_R","Defend_R","Bash","Battle Trance","Headbutt","Rage+1","Fiend Fire","Feel No Pain","Pommel Strike+1","True Grit+1","Rampage","Berserk+1","Double Tap","Reckless Charge+1","Exhume","Pommel Strike","Ghostly Armor","Bandage Up","Secret Weapon"],"relics":["Burning Blood","NeowsBlessing","Boot","Mercury Hourglass","Question Card","Bronze Scales","MawBank","Mark of Pain","InkBottle","Membership Card","Self Forming Clay","Strawberry","Letter Opener","PreservedInsect","Frozen Eye","Old Coin","Toy Ornithopter","ClockworkSouvenir"],"acts_visited":["Exordium","TheCity"],"potions_floor_usage":[6,8,16,18,21,23,31,31],"damage_taken":[{"damage":0,"enemies":"Jaw Worm","floor":1,"turns":1},{"damage":0,"enemies":"Cultist","floor":3,"turns":1},{"damage":0,"enemies":"2 Louse","floor":4,"turns":1},{"damage":39,"enemies":"Lagavulin","floor":6,"turns":7},{"damage":15,"enemies":"Gremlin Gang","floor":7,"turns":4},{"damage":29,"enemies":"Gremlin Nob","floor":8,"turns":4},{"damage":14,"enemies":"Lagavulin","floor":11,"turns":7},{"damage":7,"enemies":"Blue Slaver","floor":12,"turns":2},{"damage":0,"enemies":"3 Sentries","floor":14,"turns":5},{"damage":10,"enemies":"Hexaghost","floor":16,"turns":8},{"damage":3,"enemies":"3 Byrds","floor":18,"turns":4},{"damage":22,"enemies":"2 Thieves","floor":21,"turns":3},{"damage":29,"enemies":"Book of Stabbing","floor":23,"turns":4},{"damage":10,"enemies":"Centurion and Healer","floor":24,"turns":4},{"damage":24,"enemies":"Slavers","floor":28,"turns":4},{"damage":15,"enemies":"Snake Plant","floor":29,"turns":3},{"damage":25,"enemies":"Chosen and Byrds","floor":31,"turns":4}],"seed_played":"-7040428490177271007","potions_obtained":[{"floor":1,"key":"EssenceOfSteel"},{"floor":6,"key":"LiquidBronze"},{"floor":12,"key":"BlessingOfTheForge"},{"floor":14,"key":"Block Potion"},{"floor":18,"key":"BlessingOfTheForge"},{"floor":28,"key":"PowerPotion"},{"floor":29,"key":"Fire Potion"}],"is_trial":false,"path_per_floor":["M","?","M","M","?","E","M","E","T","R","E","M","R","E","R","B",null,"M","?","$","M","?","E","M","$","T","R","E","M","$","M"],"character_chosen":"IRONCLAD","items_purchased":["Membership Card","Self Forming Clay","Strawberry","FearPotion","PreservedInsect","Frozen Eye","ClockworkSouvenir","Bandage Up","Secret Weapon"],"campfire_rested":1,"item_purchase_floors":[20,20,20,20,25,25,30,30,30],"current_hp_per_floor":[78,70,76,80,80,47,38,15,15,39,31,30,30,36,36,32,68,71,71,78,62,62,39,35,35,35,35,17,8,8,0,0],"gold":105,"neow_bonus":"THREE_ENEMY_KILL","is_daily":false,"chose_seed":false,"campfire_upgraded":3,"win_rate":0.0,"timestamp":1609640325,"path_taken":["M","?","M","?","?","E","M","E","T","R","E","?","R","E","R","BOSS","M","?","$","M","?","E","?","?","T","R","E","M","$","M"],"items_purchased_type":["Relic","Relic","Relic","Potion","Relic","Relic","Relic","Card","Card"],"build_version":"2020-12-22","purchased_purges":2,"victory":false,"max_hp_per_floor":[80,80,80,80,80,80,80,80,80,80,80,80,80,80,80,80,80,80,80,87,87,87,87,87,87,87,87,87,87,87,87,87],"card_choices":[{"not_picked":["Ghostly Armor","Havoc"],"picked":"Battle Trance","floor":1},{"not_picked":["Havoc","Inflame"],"picked":"Headbutt","floor":3},{"not_picked":["Pommel Strike","Carnage"],"picked":"Rage","floor":4},{"not_picked":["Warcry","Headbutt"],"picked":"Fiend Fire","floor":6},{"not_picked":["Perfected Strike","Shrug It Off"],"picked":"Feel No Pain","floor":7},{"not_picked":["Havoc","Searing Blow"],"picked":"Pommel Strike","floor":8},{"not_picked":["Bloodletting","Heavy Blade","Dropkick"],"picked":"True Grit","floor":11},{"not_picked":["Flame Barrier","Anger","Flex"],"picked":"Rampage","floor":12},{"not_picked":["Sever Soul","Searing Blow","Flame Barrier"],"picked":"Berserk","floor":14},{"not_picked":["Immolate","Reaper","Brutality"],"picked":"Double Tap","floor":16},{"not_picked":["Shrug It Off+1","Sword Boomerang","Cleave"],"picked":"Reckless Charge+1","floor":18},{"not_picked":["Iron Wave","Perfected Strike","Ghostly Armor","Havoc"],"picked":"SKIP","floor":21},{"not_picked":["Seeing Red+1","True Grit","Twin Strike"],"picked":"Exhume","floor":23},{"not_picked":["Perfected Strike+1","Sword Boomerang","Shrug It Off"],"picked":"Pommel Strike","floor":24},{"not_picked":["Twin Strike+1","Berserk","Dual Wield","Reckless Charge"],"picked":"SKIP","floor":28},{"not_picked":["Bloodletting","Spot Weakness","Flame Barrier"],"picked":"Ghostly Armor","floor":29}],"player_experience":903848,"relics_obtained":[{"floor":6,"key":"Boot"},{"floor":8,"key":"Mercury Hourglass"},{"floor":9,"key":"Question Card"},{"floor":11,"key":"Bronze Scales"},{"floor":14,"key":"MawBank"},{"floor":23,"key":"Letter Opener"},{"floor":26,"key":"Old Coin"},{"floor":28,"key":"Toy Ornithopter"}],"event_choices":[{"damage_healed":0,"gold_gain":0,"player_choice":"Damaged","damage_taken":8,"max_hp_gain":0,"max_hp_loss":0,"event_name":"Wheel of Change","floor":2,"gold_loss":0},{"damage_healed":0,"gold_gain":100,"player_choice":"Pray","damage_taken":0,"max_hp_gain":0,"max_hp_loss":0,"event_name":"Golden Shrine","floor":5,"gold_loss":0},{"damage_healed":0,"gold_gain":0,"player_choice":"Opened","damage_taken":0,"relics_obtained":["InkBottle"],"max_hp_gain":0,"max_hp_loss":0,"event_name":"The Mausoleum","floor":19,"gold_loss":0},{"damage_healed":0,"gold_gain":0,"player_choice":"Upgrade","damage_taken":0,"max_hp_gain":0,"max_hp_loss":0,"event_name":"Designer","floor":22,"gold_loss":40,"cards_upgraded":["Pommel Strike"]}],"is_beta":false,"boss_relics":[{"not_picked":["Sozu","Snecko Eye"],"picked":"Mark of Pain"}],"items_purged_floors":[20,30],"is_endless":false,"potions_floor_spawned":[1,6,12,14,18,28,29],"killed_by":"Chosen and Byrds","ascension_level":11}}