{"host":"ga4s3hj9m6nkn6gp","time":1609709102,"event":{"mods":["BaseMod","Colored Powertips","Minty Spire (QoL Compilation)","Relic Stats"],"gold_per_floor":[118,136,136,156,156,156,176,176,244,278,300,312,337,381,393,479,491,517,579,247,267,282,282,293,293,293],"floor_reached":25,"playtime":1480,"items_purged":[],"score":430,"play_id":"267b210f-ccb3-45a3-b1b1-ec23e4970bb3","local_time":"20210103222502","is_ascension_mode":true,"campfire_choices":[{"data":"Dagger Throw","floor":6.0,"key":"SMITH"},{"data":"Eviscerate","floor":8.0,"key":"SMITH"},{"floor":12.0,"key":"REST"},{"data":"Dodge and Roll","floor":15.0,"key":"SMITH"},{"floor":23,"key":"DIG"}],"circlet_count":0,"master_deck":["AscendersBane","Strike_G","Strike_G","Strike_G","Defend_G","Defend_G","Defend_G","Defend_G","Defend_G","Survivor","Neutralize","Eviscerate+1","Dagger Spray","Dagger Throw+1","Blade Dance","Dodge and Roll+1","Dagger Throw","Tools of the Trade","Dagger Throw"],"relics":["Ring of the Snake","Orichalcum","Bottled Flame","MawBank","StoneCalendar","Empty Cage","Shovel","FossilizedHelix"],"acts_visited":["Exordium","TheCity"],"potions_floor_usage":[22,24,24,24,24],"damage_taken":[{"damage":2.0,"enemies":"Small Slimes","floor":1.0,"turns":5.0},{"damage":4.0,"enemies":"2 Louse","floor":2.0,"turns":3.0},{"damage":0.0,"enemies":"Cultist","floor":4.0,"turns":3.0},{"damage":0.0,"enemies":"Blue Slaver","floor":7.0,"turns":4.0},{"damage":12.0,"enemies":"3 Sentries","floor":10.0,"turns":7.0},{"damage":7.0,"enemies":"Exordium Wildlife","floor":11.0,"turns":3.0},{"damage":1.0,"enemies":"Gremlin Gang","floor":13.0,"turns":4.0},{"damage":4.0,"enemies":"Gremlin Nob","floor":14.0,"turns":3.0},{"damage":23.0,"enemies":"The Guardian","floor":16.0,"turns":14.0},{"damage":3.0,"enemies":"3 Byrds","floor":18.0,"turns":7.0},{"damage":6.0,"enemies":"Chosen","floor":21.0,"turns":5.0},{"damage":10,"enemies":"Centurion and Healer","floor":22,"turns":7},{"damage":0,"enemies":"Cultist and Chosen","floor":24,"turns":5},{"damage":33,"enemies":"Book of Stabbing","floor":25,"turns":4}],"seed_played":"192160929652146026","potions_obtained":[{"floor":1.0,"key":"LiquidBronze"},{"floor":4.0,"key":"BlessingOfTheForge"},{"floor":13.0,"key":"CunningPotion"},{"floor":14.0,"key":"SpeedPotion"},{"floor":16.0,"key":"Fire Potion"},{"floor":22,"key":"EntropicBrew"}],"is_trial":false,"path_per_floor":["M","M","?","M","?","R","M","R","T","E","M","R","M","E","R","B",null,"M","?","$","M","M","R","M","E"],"character_chosen":"THE_SILENT","items_purchased":["Shovel"],"campfire_rested":1,"item_purchase_floors":[20],"current_hp_per_floor":[63,59,59,59,33,33,33,33,33,21,14,35,34,30,30,7,56,53,46,46,40,30,30,30,0,0],"gold":293,"neow_bonus":"TEN_PERCENT_HP_BONUS","is_daily":false,"chose_seed":false,"campfire_upgraded":3,"win_rate":0.0,"timestamp":1609709102,"path_taken":["M","M","?","M","?","R","M","R","T","E","M","R","M","E","R","BOSS","M","?","$","M","?","R","M","E"],"items_purchased_type":["Relic"],"build_version":"2020-12-22","purchased_purges":0,"victory":false,"max_hp_per_floor":[72,72,72,72,72,72,72,72,72,72,72,72,72,72,72,72,72,72,72,72,72,72,72,72,72,72],"relic_stats":{"Shovel":1,"counters":[14,74],"StoneCalendar":[57],"Orichalcum":[102],"MawBank":120,"obtain_stats":[{"Bottled Flame":9,"Shovel":20,"StoneCalendar":14,"Orichalcum":5,"MawBank":10,"Empty Cage":17,"FossilizedHelix":23,"Ring of the Snake":0},{"Bottled Flame":4,"Shovel":10,"StoneCalendar":8,"Orichalcum":3,"MawBank":5,"Empty Cage":9,"FossilizedHelix":12,"Ring of the Snake":0},{"Bottled Flame":15,"Shovel":53,"StoneCalendar":32,"Orichalcum":11,"MawBank":22,"Empty Cage":46,"FossilizedHelix":65,"Ring of the Snake":0}],"Ring of the Snake":[28]},"card_choices":[{"not_picked":["Distraction","Underhanded Strike"],"picked":"Eviscerate","floor":1.0},{"not_picked":["Prepared","Outmaneuver"],"picked":"Dagger Spray","floor":2.0},{"not_picked":["Footwork","All Out Attack"],"picked":"Dagger Throw","floor":4.0},{"not_picked":["Reflex","Underhanded Strike"],"picked":"Blade Dance","floor":7.0},{"not_picked":["Bullet Time","Flying Knee"],"picked":"Dodge and Roll","floor":10.0},{"not_picked":["Sucker Punch","Prepared","Cloak And Dagger"],"picked":"SKIP","floor":11.0},{"not_picked":["Dagger Spray","Cloak And Dagger","Outmaneuver"],"picked":"SKIP","floor":13.0},{"not_picked":["Dagger Spray","Sucker Punch"],"picked":"Dagger Throw","floor":14.0},{"not_picked":["Unload","Grand Finale"],"picked":"Tools of the Trade","floor":16.0},{"not_picked":["Dagger Spray","Skewer","Quick Slash"],"picked":"SKIP","floor":18.0},{"not_picked":["Masterful Stab","Poisoned Stab"],"picked":"Dagger Throw","floor":21.0},{"not_picked":["Dagger Spray+1","Escape Plan","Choke"],"picked":"SKIP","floor":22},{"not_picked":["Deadly Poison","Deflect","Dodge and Roll"],"picked":"SKIP","floor":24}],"player_experience":561578,"relics_obtained":[{"floor":9.0,"key":"Bottled Flame"},{"floor":10.0,"key":"MawBank"},{"floor":14.0,"key":"StoneCalendar"},{"floor":23,"key":"FossilizedHelix"}],"event_choices":[{"damage_healed":0.0,"max_hp_gain":0.0,"max_hp_loss":0.0,"gold_gain":0.0,"event_name":"Liars Game","player_choice":"Ignored","floor":3.0,"gold_loss":0.0,"damage_taken":0.0},{"damage_healed":0.0,"max_hp_gain":0.0,"max_hp_loss":0.0,"gold_gain":0.0,"event_name":"Scrap Ooze","player_choice":"Success","floor":5.0,"gold_loss":0.0,"damage_taken":26.0,"relics_obtained":["Orichalcum"]},{"damage_healed":0.0,"max_hp_gain":0.0,"max_hp_loss":0.0,"gold_gain":50.0,"event_name":"FaceTrader","player_choice":"Touch","floor":19.0,"gold_loss":0.0,"damage_taken":7.0}],"is_beta":false,"boss_relics":[{"not_picked":["Velvet Choker","Busted Crown"],"picked":"Empty Cage"}],"items_purged_floors":[],"is_endless":false,"potions_floor_spawned":[1,4,13,14,16,21,22],"killed_by":"Book of Stabbing","ascension_level":20}}