{"host":"f5n4tidiz2n5sooh","time":1609641756,"event":{"mods":["BaseMod","Bestiary","Colored Map","Minty Spire (QoL Compilation)","Relic Stats","StSLib"],"gold_per_floor":[111,12,30,30,105,105,105,130,130,130,140,140,140],"floor_reached":12,"playtime":208,"items_purged":[],"score":177,"play_id":"99478a2e-91e4-4df5-971b-8dd5451bced7","local_time":"20210102204236","is_ascension_mode":true,"campfire_choices":[{"data":"Bash","floor":6,"key":"SMITH"},{"data":"Perfected Strike","floor":10,"key":"SMITH"}],"circlet_count":0,"master_deck":["AscendersBane","Strike_R","Strike_R","Strike_R","Strike_R","Strike_R","Defend_R","Defend_R","Defend_R","Defend_R","Bash+1","Perfected Strike+1","Whirlwind","Pummel","True Grit","Feel No Pain"],"relics":["Burning Blood","Oddly Smooth Stone","Art of War","Pear"],"acts_visited":["Exordium"],"potions_floor_usage":[3,11],"damage_taken":[{"damage":15,"enemies":"2 Louse","floor":1,"turns":3},{"damage":0,"enemies":"Small Slimes","floor":3,"turns":1},{"damage":38,"enemies":"3 Sentries","floor":8,"turns":7},{"damage":0,"enemies":"Jaw Worm","floor":11,"turns":1},{"damage":49,"enemies":"Gremlin Nob","floor":12,"turns":4}],"seed_played":"-7135751307533178962","potions_obtained":[{"floor":3,"key":"FearPotion"}],"is_trial":false,"path_per_floor":["M","$","M","?","?","R","?","E","T","R","M","E"],"character_chosen":"IRONCLAD","items_purchased":["Whirlwind","Fire Potion"],"campfire_rested":0,"item_purchase_floors":[2,2],"current_hp_per_floor":[66,66,72,67,56,56,61,29,39,39,45,0,0],"gold":140,"neow_bonus":"TEN_PERCENT_HP_BONUS","is_daily":false,"chose_seed":false,"campfire_upgraded":2,"win_rate":0.0,"timestamp":1609641756,"path_taken":["M","$","M","?","?","R","?","E","T","R","M","E"],"items_purchased_type":["Card","Potion"],"build_version":"2020-12-22","purchased_purges":0,"victory":false,"max_hp_per_floor":[82,82,82,82,82,82,87,87,97,97,97,97,97],"relic_stats":{"counters":[5,16],"Art of War":[0],"obtain_stats":[{"Pear":9,"Oddly Smooth Stone":4,"Art of War":8,"Burning Blood":0},{"Pear":3,"Oddly Smooth Stone":2,"Art of War":3,"Burning Blood":0},{"Pear":11,"Oddly Smooth Stone":4,"Art of War":11,"Burning Blood":0}],"Burning Blood":24},"card_choices":[{"not_picked":["Clothesline","Armaments"],"picked":"Perfected Strike","floor":1},{"not_picked":["Evolve","Burning Pact"],"picked":"Pummel","floor":3},{"not_picked":["Iron Wave","Anger"],"picked":"True Grit","floor":8},{"not_picked":["True Grit","Entrench"],"picked":"Feel No Pain","floor":11}],"player_experience":1965642,"relics_obtained":[{"floor":8,"key":"Art of War"},{"floor":9,"key":"Pear"}],"event_choices":[{"damage_healed":0,"gold_gain":0,"player_choice":"Success","damage_taken":5,"relics_obtained":["Oddly Smooth Stone"],"max_hp_gain":0,"max_hp_loss":0,"event_name":"Scrap Ooze","floor":4,"gold_loss":0},{"damage_healed":0,"gold_gain":75,"player_choice":"Gather Gold","damage_taken":11,"max_hp_gain":0,"max_hp_loss":0,"event_name":"World of Goop","floor":5,"gold_loss":0},{"damage_healed":0,"gold_gain":0,"player_choice":"Donut","damage_taken":0,"max_hp_gain":5,"max_hp_loss":0,"event_name":"Big Fish","floor":7,"gold_loss":0}],"is_beta":false,"boss_relics":[],"items_purged_floors":[],"is_endless":false,"potions_floor_spawned":[3],"killed_by":"Gremlin Nob","ascension_level":20}}