{"host":"9l4mw5jqza9qz9hr","time":1609674529,"event":{"mods":["AchievementEnabler","Always Whale","BaseMod","Colored Map","Minty Spire (QoL Compilation)","StSLib","SuperFastMode"],"gold_per_floor":[115,133,233,246,257,283,283,303,329,329,394,422,193,219,219,322,322,338,263,263,3,23,56,83,114,165,199,199,213,213,231,231,328,328,342,359,372,16,16,46,46,46,115,146,163,385,434,457,457,457],"floor_reached":51,"playtime":2389,"items_purged":["Strike_R","Strike_R","Strike_R"],"score":1158,"play_id":"c67d5ec8-cabc-45d3-940b-8f0d6a19b639","local_time":"20210103204849","is_ascension_mode":true,"campfire_choices":[{"data":"Heavy Blade","floor":10.0,"key":"SMITH"},{"data":"Demon Form","floor":15.0,"key":"SMITH"},{"data":"Heavy Blade","floor":30.0,"key":"SMITH"},{"data":"Armaments","floor":32.0,"key":"SMITH"},{"data":"Limit Break","floor":49,"key":"SMITH"}],"circlet_count":0,"master_deck":["Defend_R","Defend_R","Defend_R","Defend_R","Bash+1","Flash of Steel+1","Power Through","Heavy Blade+1","Shrug It Off","Inflame","Disarm","Carnage","Hemokinesis","Flex","Demon Form+1","Offering","Feed+1","Bloodletting","J.A.X.","Inflame","Battle Trance","Armaments+1","Flex","Heavy Blade+1","Limit Break+1","Shockwave","Battle Trance+1","Offering","Madness","Madness","Dual Wield"],"relics":["Burning Blood","Meat on the Bone","PreservedInsect","Juzu Bracelet","Smiling Mask","Singing Bowl","Coffee Dripper","Membership Card","Tiny Chest","Red Mask","Vajra","Art of War","Nunchaku","Mark of Pain","Bag of Marbles","Omamori","DollysMirror","Self Forming Clay","HornCleat","InkBottle","Happy Flower","FossilizedHelix","Whetstone"],"acts_visited":["Exordium","TheCity","TheBeyond"],"potions_floor_usage":[44,44,45,50,50],"damage_taken":[{"damage":1.0,"enemies":"Cultist","floor":1.0,"turns":3.0},{"damage":3.0,"enemies":"2 Louse","floor":2.0,"turns":3.0},{"damage":9.0,"enemies":"Jaw Worm","floor":4.0,"turns":3.0},{"damage":27.0,"enemies":"Large Slime","floor":5.0,"turns":11.0},{"damage":27.0,"enemies":"3 Sentries","floor":6.0,"turns":8.0},{"damage":8.0,"enemies":"Blue Slaver","floor":8.0,"turns":4.0},{"damage":8.0,"enemies":"Gremlin Nob","floor":11.0,"turns":3.0},{"damage":0.0,"enemies":"Gremlin Nob","floor":12.0,"turns":2.0},{"damage":2.0,"enemies":"Lagavulin","floor":14.0,"turns":4.0},{"damage":13.0,"enemies":"The Guardian","floor":16.0,"turns":6.0},{"damage":13.0,"enemies":"Spheric Guardian","floor":18.0,"turns":3.0},{"damage":11.0,"enemies":"Chosen","floor":22.0,"turns":3.0},{"damage":16.0,"enemies":"Slavers","floor":23.0,"turns":5.0},{"damage":13.0,"enemies":"Masked Bandits","floor":24.0,"turns":3.0},{"damage":28.0,"enemies":"Book of Stabbing","floor":25.0,"turns":3.0},{"damage":22.0,"enemies":"Slavers","floor":27.0,"turns":6.0},{"damage":2.0,"enemies":"Snecko","floor":29.0,"turns":3.0},{"damage":6.0,"enemies":"Snake Plant","floor":31.0,"turns":2.0},{"damage":64.0,"enemies":"Automaton","floor":33.0,"turns":9.0},{"damage":9,"enemies":"3 Shapes","floor":35,"turns":4},{"damage":24,"enemies":"Orb Walker","floor":36,"turns":4},{"damage":39,"enemies":"Jaw Worm Horde","floor":37,"turns":6},{"damage":7,"enemies":"Nemesis","floor":40,"turns":3},{"damage":17,"enemies":"Reptomancer","floor":44,"turns":5},{"damage":6,"enemies":"Sphere and 2 Shapes","floor":45,"turns":4},{"damage":10,"enemies":"2 Orb Walkers","floor":47,"turns":4},{"damage":33,"enemies":"Donu and Deca","floor":50,"turns":4}],"seed_played":"-5598767876085959688","potions_obtained":[{"floor":1.0,"key":"PowerPotion"},{"floor":2.0,"key":"Ancient Potion"},{"floor":6.0,"key":"LiquidMemories"},{"floor":11.0,"key":"DuplicationPotion"},{"floor":12.0,"key":"Fruit Juice"},{"floor":16.0,"key":"BloodPotion"},{"floor":18.0,"key":"Energy Potion"},{"floor":23.0,"key":"GamblersBrew"},{"floor":24.0,"key":"EssenceOfSteel"},{"floor":31.0,"key":"SteroidPotion"},{"floor":40,"key":"Block Potion"},{"floor":45,"key":"Regen Potion"},{"floor":47,"key":"Dexterity Potion"}],"is_trial":false,"path_per_floor":["M","M","?","M","M","E","?","M","T","R","?","E","$","E","R","B",null,"M","?","?","$","M","E","?","E","T","E","?","M","R","M","R","B",null,"M","M","M","$","?","E","T","?","T","E","M","?","?","T","R","B",null],"character_chosen":"IRONCLAD","items_purchased":["Flex","Demon Form","Membership Card","Inflame","Battle Trance","Bag of Marbles","Omamori","DollysMirror","Strength Potion","Dexterity Potion","SkillPotion"],"campfire_rested":0,"item_purchase_floors":[13,13,21,21,21,38,38,38,38,38,38],"current_hp_per_floor":[80,80,80,77,56,35,19,29,29,29,39,57,57,61,61,59,79,75,75,75,75,72,67,63,53,53,54,54,58,58,63,63,38,91,91,76,57,57,42,55,55,55,55,58,70,70,71,71,71,68],"gold":457,"neow_bonus":"RANDOM_COLORLESS","is_daily":false,"chose_seed":false,"campfire_upgraded":5,"win_rate":0.0,"timestamp":1609674529,"path_taken":["M","?","?","M","?","E","?","M","T","R","?","E","?","E","R","BOSS","M","?","?","$","M","E","?","E","T","E","?","M","R","M","R","BOSS","M","M","M","$","?","E","?","?","T","E","M","?","?","?","R","BOSS"],"items_purchased_type":["Card","Card","Relic","Card","Card","Relic","Relic","Relic","Potion","Potion","Potion"],"build_version":"2020-12-22","purchased_purges":3,"victory":true,"max_hp_per_floor":[80,80,80,80,80,80,80,80,80,80,80,80,80,80,80,85,85,88,88,88,88,90,95,98,98,98,103,103,103,103,108,108,108,108,111,114,116,116,116,118,118,118,118,120,120,120,125,125,125,125],"card_choices":[{"not_picked":["Trip","Deep Breath"],"picked":"Flash of Steel","floor":0.0},{"not_picked":["Infernal Blade","Clothesline"],"picked":"Power Through","floor":1.0},{"not_picked":["Uppercut","Shockwave"],"picked":"Heavy Blade","floor":2.0},{"not_picked":["Havoc","Entrench"],"picked":"Shrug It Off","floor":4.0},{"not_picked":["Rampage","Twin Strike"],"picked":"Inflame","floor":5.0},{"not_picked":["Fire Breathing","Dark Embrace"],"picked":"Disarm","floor":6.0},{"not_picked":["Iron Wave","Thunderclap","Anger"],"picked":"SKIP","floor":8.0},{"not_picked":["Clothesline","Iron Wave"],"picked":"Carnage","floor":11.0},{"not_picked":["Pommel Strike","True Grit"],"picked":"Hemokinesis","floor":12.0},{"not_picked":["Shrug It Off","Warcry"],"picked":"Offering","floor":14.0},{"not_picked":["Corruption","Fiend Fire"],"picked":"Feed","floor":16.0},{"not_picked":["Sever Soul+1","Perfected Strike+1"],"picked":"Bloodletting","floor":18.0},{"not_picked":["Twin Strike","Anger","Burning Pact+1"],"picked":"Singing Bowl","floor":22.0},{"not_picked":["Corruption","Bloodletting","Clash"],"picked":"Singing Bowl","floor":23.0},{"not_picked":["Flex","Cleave+1"],"picked":"Armaments","floor":24.0},{"not_picked":["Infernal Blade","Clash+1"],"picked":"Flex","floor":25.0},{"not_picked":["Shrug It Off","Inflame","Perfected Strike"],"picked":"Singing Bowl","floor":27.0},{"not_picked":["Burning Pact+1","Barricade"],"picked":"Heavy Blade","floor":29.0},{"not_picked":["Bloodletting","Heavy Blade+1","Anger"],"picked":"Singing Bowl","floor":31.0},{"not_picked":["Immolate","Corruption"],"picked":"Limit Break","floor":33.0},{"not_picked":["Thunderclap+1","Metallicize"],"picked":"Shockwave","floor":35},{"not_picked":["Sever Soul+1","Pommel Strike"],"picked":"Battle Trance+1","floor":36},{"not_picked":["Pommel Strike+1","Perfected Strike+1","Rage"],"picked":"Singing Bowl","floor":37},{"not_picked":["Headbutt+1","Sword Boomerang+1","Berserk"],"picked":"Singing Bowl","floor":40},{"not_picked":["Bloodletting","Ghostly Armor+1","Metallicize+1"],"picked":"Singing Bowl","floor":44},{"not_picked":["Sword Boomerang+1","Anger+1"],"picked":"Dual Wield","floor":45},{"not_picked":["Clothesline","Dark Embrace","Dropkick+1"],"picked":"Singing Bowl","floor":47}],"player_experience":155958,"relics_obtained":[{"floor":6.0,"key":"Meat on the Bone"},{"floor":9.0,"key":"PreservedInsect"},{"floor":11.0,"key":"Juzu Bracelet"},{"floor":12.0,"key":"Smiling Mask"},{"floor":14.0,"key":"Singing Bowl"},{"floor":23.0,"key":"Tiny Chest"},{"floor":24.0,"key":"Red Mask"},{"floor":25.0,"key":"Vajra"},{"floor":26.0,"key":"Art of War"},{"floor":27.0,"key":"Nunchaku"},{"floor":40,"key":"Self Forming Clay"},{"floor":41,"key":"HornCleat"},{"floor":43,"key":"InkBottle"},{"floor":44,"key":"Happy Flower"},{"floor":47,"key":"FossilizedHelix"},{"floor":48,"key":"Whetstone"}],"event_choices":[{"damage_healed":0.0,"max_hp_gain":0.0,"max_hp_loss":0.0,"gold_gain":100.0,"event_name":"Golden Shrine","player_choice":"Pray","floor":3.0,"gold_loss":0.0,"damage_taken":0.0},{"damage_healed":0.0,"max_hp_gain":0.0,"max_hp_loss":0.0,"gold_gain":0.0,"event_name":"Shining Light","player_choice":"Entered Light","floor":7.0,"gold_loss":0.0,"damage_taken":16.0,"cards_upgraded":["Strike_R","Bash"]},{"damage_healed":0.0,"max_hp_gain":0.0,"max_hp_loss":0.0,"gold_gain":30.0,"event_name":"Dead Adventurer","player_choice":"Searched \u00273\u0027 times","floor":11.0,"gold_loss":0.0,"damage_taken":0.0},{"cards_removed":["Strike_R"],"damage_healed":0.0,"max_hp_gain":0.0,"max_hp_loss":0.0,"gold_gain":0.0,"event_name":"Beggar","player_choice":"Gave Gold","floor":19.0,"gold_loss":75.0,"damage_taken":0.0},{"damage_healed":0.0,"max_hp_gain":0.0,"max_hp_loss":0.0,"gold_gain":0.0,"event_name":"Drug Dealer","player_choice":"Obtain J.A.X.","floor":20.0,"gold_loss":0.0,"damage_taken":0.0,"cards_obtained":["J.A.X."]},{"damage_healed":0.0,"max_hp_gain":0.0,"max_hp_loss":0.0,"gold_gain":0.0,"event_name":"Masked Bandits","player_choice":"Fought Bandits","floor":24.0,"gold_loss":0.0,"damage_taken":0.0},{"damage_healed":0.0,"max_hp_gain":0.0,"max_hp_loss":0.0,"gold_gain":0.0,"event_name":"Ghosts","player_choice":"Ignored","floor":28.0,"gold_loss":0.0,"damage_taken":0.0},{"damage_healed":0,"gold_gain":0,"player_choice":"Embrace Madness","damage_taken":15,"max_hp_gain":0,"max_hp_loss":0,"event_name":"Winding Halls","floor":39,"gold_loss":0,"cards_obtained":["Madness","Madness"]},{"cards_removed":["Strike_R"],"damage_healed":0,"gold_gain":0,"player_choice":"Purged","damage_taken":0,"max_hp_gain":0,"max_hp_loss":0,"event_name":"Purifier","floor":42,"gold_loss":0},{"damage_healed":0,"gold_gain":222,"player_choice":"Wore Mask","damage_taken":0,"max_hp_gain":0,"max_hp_loss":0,"event_name":"Tomb of Lord Red Mask","floor":46,"gold_loss":0},{"damage_healed":0,"gold_gain":0,"player_choice":"Fight","damage_taken":0,"max_hp_gain":0,"max_hp_loss":0,"event_name":"Mysterious Sphere","floor":47,"gold_loss":0}],"is_beta":false,"boss_relics":[{"not_picked":["Busted Crown","Black Blood"],"picked":"Coffee Dripper"},{"not_picked":["Pandora\u0027s Box","Runic Pyramid"],"picked":"Mark of Pain"}],"items_purged_floors":[13,21,38],"is_endless":false,"potions_floor_spawned":[1,2,6,11,12,16,18,23,24,31,40,45,47],"ascension_level":5}}