{"host":"mi24dmma43d7mlws","time":1609638740,"event":{"mods":["2.2 Compatiblity","Astrologer","Bard","BaseMod","Beaked The Cultist","Bestiary","CatGirl Mod","Colored Map","Colored Powertips","Custom Start","Downfall","Fiend Mod","Fireblade Mod","Hermit","Highlight Path","JesterMod","Jorbs\u0027s Wanderer Trilogy","Mad Scientist","Magitek Elite","Minty Spire (QoL Compilation)","Potionbrewer","QueenMod","Quick Restart","Rare Cards Sparkle","Relic Stats","Shade Mod","Somnambulant","StSLib","Td1madao Mod","The Accelerator","The Blackbeard","The Bladedancer","The Bug Knight","The Clintock","The Construct","The Cursed","The Death Knight","The Disciple","The Elementalist","The Florist","The Forsaken","The Gatherer","The Hayseed","The Hierophant","The Judge","The Juggle","The Mystic","The Necromancer","The Problem Sleuth","The Runesmith","The Sage","The Senshi","The Servant 0.9.4","The Showman","The Spell Scribe","The Trickster","The Valiant","The Vixen","The Wild Card","TheArtist","TheBandit","TheFirefly","TheHeartMod","TheHero","TheLocksmith","everything is the same but u backflip on backflip","slay the spire mod where everything is the same but ironclad has a cowboy hat","thorton"],"gold_per_floor":[117,131,145,145,164,164,192,192,216,216,246,246,246,246,246],"floor_reached":13,"playtime":648,"items_purged":[],"score":93,"play_id":"d207bd57-3ec1-4363-9595-ed28f336af17","local_time":"20210103015220","is_ascension_mode":false,"campfire_choices":[{"data":"champ:RecklessLeap","floor":6,"key":"SMITH"},{"data":"champ:EndlessRage","floor":10,"key":"SMITH"}],"circlet_count":0,"master_deck":["champ:Strike","champ:Strike","champ:Strike","champ:Defend","champ:Defend","champ:Defend","champ:Defend","champ:Execute","champ:Taunt","champ:RecklessLeap+1","champ:FanOfKnives","champ:CrookedStrike","champ:Backstep","champ:EndlessRage+1","champ:SwordSigil"],"relics":["champ:ChampionCrown","Tiny Chest","Mythril_Glove"],"acts_visited":["Exordium"],"potions_floor_usage":[7,11],"damage_taken":[{"damage":5,"enemies":"2 Louse","floor":1,"turns":3},{"damage":21,"enemies":"Cultist","floor":2,"turns":3},{"damage":29,"enemies":"Jaw Worm","floor":3,"turns":2},{"damage":12,"enemies":"Blue Slaver","floor":5,"turns":5},{"damage":57,"enemies":"3 Sentries","floor":7,"turns":6},{"damage":54,"enemies":"Lagavulin","floor":11,"turns":8},{"damage":38,"enemies":"3 Sentries","floor":13,"turns":3}],"seed_played":"1445801793698480223","potions_obtained":[{"floor":1,"key":"Dexterity Potion"},{"floor":2,"key":"SkillPotion"},{"floor":7,"key":"DistilledChaos"}],"is_trial":false,"path_per_floor":["M","M","M","?","M","R","E","?","T","R","E","?","E"],"character_chosen":"THE_CHAMP","items_purchased":[],"campfire_rested":0,"item_purchase_floors":[],"current_hp_per_floor":[99,98,87,87,80,80,61,61,61,61,32,32,0,0,0],"gold":246,"neow_bonus":"TEN_PERCENT_HP_BONUS","is_daily":false,"chose_seed":false,"campfire_upgraded":2,"win_rate":0.0,"timestamp":1609638740,"path_taken":["M","M","M","?","?","R","E","?","T","R","E","?","E"],"items_purchased_type":[],"build_version":"2020-12-22","purchased_purges":0,"victory":false,"max_hp_per_floor":[99,99,99,99,99,99,99,99,99,99,99,99,99,99,99],"relic_stats":{"counters":[7,30],"Tiny Chest":0,"obtain_stats":[{"champ:ChampionCrown":0,"Tiny Chest":7,"Mythril_Glove":11},{"champ:ChampionCrown":0,"Tiny Chest":5,"Mythril_Glove":6},{"champ:ChampionCrown":0,"Tiny Chest":19,"Mythril_Glove":27}]},"card_choices":[{"not_picked":["champ:BringItOn","champ:Duel"],"picked":"champ:RecklessLeap","floor":1},{"not_picked":["champ:CrookedStrike","champ:GladiatorStyle"],"picked":"champ:FanOfKnives","floor":2},{"not_picked":["champ:BringItOn","champ:BladeFlurry"],"picked":"champ:CrookedStrike","floor":3},{"not_picked":["champ:TornadoPunch","champ:StanceDance"],"picked":"champ:Backstep","floor":5},{"not_picked":["champ:IgnorePain","champ:Haymaker"],"picked":"champ:EndlessRage","floor":7},{"not_picked":["champ:GladiatorsShout","champ:TornadoPunch"],"picked":"champ:SwordSigil","floor":11}],"player_experience":1052961,"relics_obtained":[{"floor":7,"key":"Tiny Chest"},{"floor":11,"key":"Mythril_Glove"}],"event_choices":[{"cards_removed":["champ:Strike"],"damage_healed":0,"gold_gain":0,"player_choice":"Offered Basic","damage_taken":0,"max_hp_gain":0,"max_hp_loss":0,"event_name":"Bonfire Elementals","floor":4,"gold_loss":0}],"is_beta":false,"boss_relics":[],"items_purged_floors":[],"is_endless":false,"potions_floor_spawned":[1,2,7],"killed_by":"3 Sentries","ascension_level":0}}