{"host":"yecadp3kwkksam5a","time":1609690448,"event":{"mods":["BaseMod","Minty Spire (QoL Compilation)","StSLib"],"gold_per_floor":[117,42,53,65,82,107,107,139,166,198,263,263,292,124,124,223,223,237,256,267,142,161,195,195,220,220,145,0,27,27,54,54,150,150,169,169,222,18,36,61,61,76,76,76,409,321,321,321,321,321,321,321,189,223,223],"floor_reached":56,"playtime":4119,"items_purged":["Dagger Spray","Flying Knee","Riddle With Holes","Acrobatics","Concentrate+1"],"score":1881,"play_id":"77cb7256-1d18-4cb7-92a1-0a3735cee474","local_time":"20210104011408","daily_mods":["Draft"],"is_ascension_mode":true,"campfire_choices":[{"data":"Tactician","floor":7.0,"key":"SMITH"},{"data":"Concentrate","floor":12.0,"key":"SMITH"},{"floor":15.0,"key":"RECALL"},{"data":"Prepared","floor":24.0,"key":"SMITH"},{"data":"Reflex","floor":32.0,"key":"SMITH"},{"data":"Acrobatics","floor":41.0,"key":"SMITH"},{"data":"Escape Plan","floor":44.0,"key":"SMITH"},{"data":"Acrobatics","floor":47,"key":"SMITH"},{"data":"Flechettes","floor":49,"key":"SMITH"},{"data":"Well Laid Plans","floor":52,"key":"SMITH"}],"circlet_count":0,"master_deck":["Escape Plan+1","Tactician+1","PiercingWail","Acrobatics+1","Reflex+1","Noxious Fumes","Prepared+1","Well Laid Plans+1","Acrobatics+1","Backflip","Flechettes+1","Envenom","Adrenaline","A Thousand Cuts","Blur","Calculated Gamble"],"relics":["Ring of the Snake","Vajra","Dream Catcher","Boot","WingedGreaves","Pen Nib","Black Star","Bag of Marbles","StrikeDummy","Bottled Lightning","Membership Card","Centennial Puzzle","Tiny Chest","Question Card","Ginger","HoveringKite","Ice Cream","Shuriken","Eternal Feather","Toy Ornithopter","Pantograph","Old Coin","Molten Egg 2","Frozen Egg 2","Kunai","Bag of Preparation"],"acts_visited":["Exordium","TheCity","TheBeyond","TheEnding"],"potions_floor_usage":[],"damage_taken":[{"damage":0.0,"enemies":"Small Slimes","floor":1.0,"turns":1.0},{"damage":0.0,"enemies":"Jaw Worm","floor":3.0,"turns":1.0},{"damage":0.0,"enemies":"2 Louse","floor":4.0,"turns":1.0},{"damage":0.0,"enemies":"Exordium Wildlife","floor":5.0,"turns":2.0},{"damage":0.0,"enemies":"Gremlin Nob","floor":6.0,"turns":1.0},{"damage":0.0,"enemies":"Lagavulin","floor":8.0,"turns":1.0},{"damage":0.0,"enemies":"3 Sentries","floor":10.0,"turns":1.0},{"damage":0.0,"enemies":"Gremlin Nob","floor":11.0,"turns":1.0},{"damage":0.0,"enemies":"Gremlin Nob","floor":13.0,"turns":1.0},{"damage":0.0,"enemies":"The Guardian","floor":16.0,"turns":1.0},{"damage":0.0,"enemies":"Shell Parasite","floor":18.0,"turns":1.0},{"damage":0.0,"enemies":"Spheric Guardian","floor":19.0,"turns":1.0},{"damage":0.0,"enemies":"Snecko","floor":20.0,"turns":1.0},{"damage":0.0,"enemies":"Sentry and Sphere","floor":22.0,"turns":1.0},{"damage":0.0,"enemies":"Slavers","floor":23.0,"turns":1.0},{"damage":0.0,"enemies":"Book of Stabbing","floor":25.0,"turns":1.0},{"damage":0.0,"enemies":"Gremlin Leader","floor":29.0,"turns":1.0},{"damage":0.0,"enemies":"Book of Stabbing","floor":31.0,"turns":1.0},{"damage":0.0,"enemies":"Automaton","floor":33.0,"turns":1.0},{"damage":0.0,"enemies":"3 Shapes","floor":35.0,"turns":1.0},{"damage":0.0,"enemies":"2 Orb Walkers","floor":37.0,"turns":1.0},{"damage":0.0,"enemies":"3 Darklings","floor":39.0,"turns":1.0},{"damage":0.0,"enemies":"Nemesis","floor":40.0,"turns":1.0},{"damage":0.0,"enemies":"Sphere and 2 Shapes","floor":42.0,"turns":1.0},{"damage":0.0,"enemies":"Reptomancer","floor":45.0,"turns":1.0},{"damage":0,"enemies":"Awakened One","floor":50,"turns":2},{"damage":0,"enemies":"Shield and Spear","floor":54,"turns":1},{"damage":0,"enemies":"The Heart","floor":55,"turns":3}],"seed_played":"-5334647852612122717","potions_obtained":[{"floor":1.0,"key":"SneckoOil"},{"floor":5.0,"key":"LiquidMemories"},{"floor":8.0,"key":"Ancient Potion"}],"is_trial":true,"path_per_floor":["M","$","M","M","M","E","R","E","T","E","?","R","E","$","R","B",null,"M","M","M","$","M","E","R","E","T","?","$","E","$","E","R","B",null,"M","?","?","$","M","E","R","M","T","R","E","$","R","T","R","B",null,"R","$","E","B",null],"character_chosen":"THE_SILENT","items_purchased":["Envenom","Membership Card","Shuriken","GhostInAJar","LiquidMemories","Calculated Gamble"],"campfire_rested":0,"item_purchase_floors":[14,28,38,53,53,53],"current_hp_per_floor":[70,70,70,70,70,70,70,70,70,70,70,70,70,70,70,70,70,70,70,70,70,70,70,70,70,70,70,70,70,70,70,70,70,70,70,66,66,66,66,66,66,66,66,66,66,66,66,66,66,66,66,66,66,66,66],"gold":223,"neow_bonus":"","is_daily":false,"chose_seed":false,"campfire_upgraded":9,"win_rate":0.0,"timestamp":1609690448,"path_taken":["M","$","M","M","M","E","R","E","T","E","?","R","E","$","R","BOSS","M","M","M","$","M","E","R","E","T","?","$","E","$","E","R","BOSS","M","?","?","$","M","E","R","?","T","R","E","$","R","?","R","BOSS","R","$","E","BOSS"],"items_purchased_type":["Card","Relic","Relic","Potion","Potion","Card"],"build_version":"2020-12-22","purchased_purges":5,"victory":true,"max_hp_per_floor":[70,70,70,70,70,70,70,70,70,70,70,70,70,70,70,70,70,70,70,70,70,70,70,70,70,70,70,70,70,70,70,70,70,70,70,66,66,66,66,66,66,66,66,66,66,66,66,66,66,66,66,66,66,66,66],"card_choices":[{"not_picked":["Underhanded Strike","Setup"],"picked":"Escape Plan","floor":0.0},{"not_picked":["Eviscerate","Catalyst"],"picked":"Tactician","floor":0.0},{"not_picked":["Well Laid Plans","Slice"],"picked":"Dagger Throw","floor":0.0},{"not_picked":["Heel Hook","Dagger Throw"],"picked":"Acrobatics","floor":0.0},{"not_picked":["Bane","Leg Sweep"],"picked":"PiercingWail","floor":0.0},{"not_picked":["Dagger Spray","Blade Dance"],"picked":"Flying Knee","floor":0.0},{"not_picked":["Underhanded Strike","Eviscerate"],"picked":"Acrobatics","floor":0.0},{"not_picked":["Underhanded Strike","Bane"],"picked":"Reflex","floor":0.0},{"not_picked":["Deadly Poison","Quick Slash"],"picked":"Noxious Fumes","floor":0.0},{"not_picked":["Leg Sweep","Sucker Punch"],"picked":"Dagger Spray","floor":0.0},{"not_picked":["Bouncing Flask","Poisoned Stab"],"picked":"Prepared","floor":0.0},{"not_picked":["Distraction","Deadly Poison"],"picked":"Well Laid Plans","floor":0.0},{"not_picked":["Backstab","Bane"],"picked":"Acrobatics","floor":0.0},{"not_picked":["Slice","Escape Plan"],"picked":"Concentrate","floor":0.0},{"not_picked":["Blade Dance","Quick Slash"],"picked":"Riddle With Holes","floor":0.0},{"not_picked":["Noxious Fumes","PiercingWail"],"picked":"Backflip","floor":1.0},{"not_picked":["Well Laid Plans","Backstab","Backflip"],"picked":"SKIP","floor":3.0},{"not_picked":["Concentrate","Endless Agony","Poisoned Stab"],"picked":"SKIP","floor":4.0},{"not_picked":["Flying Knee","PiercingWail","All Out Attack"],"picked":"SKIP","floor":5.0},{"not_picked":["Dagger Throw","Masterful Stab","Caltrops"],"picked":"SKIP","floor":6.0},{"not_picked":["Blade Dance","Underhanded Strike"],"picked":"Flechettes","floor":8.0},{"not_picked":["Dash","Finisher","Bouncing Flask"],"picked":"SKIP","floor":10.0},{"not_picked":["Deflect","Leg Sweep","Terror"],"picked":"SKIP","floor":13.0},{"not_picked":["Die Die Die","Bullet Time"],"picked":"Adrenaline","floor":16.0},{"not_picked":["Deflect","PiercingWail+1","Dagger Throw"],"picked":"SKIP","floor":18.0},{"not_picked":["PiercingWail","Outmaneuver","Slice"],"picked":"SKIP","floor":19.0},{"not_picked":["Deflect+1","PiercingWail+1","Choke"],"picked":"SKIP","floor":20.0},{"not_picked":["Outmaneuver+1","Dagger Throw+1","Caltrops+1"],"picked":"SKIP","floor":22.0},{"not_picked":["Sucker Punch","Underhanded Strike","Riddle With Holes+1"],"picked":"SKIP","floor":23.0},{"not_picked":["Blade Dance","All Out Attack","Cloak And Dagger"],"picked":"SKIP","floor":25.0},{"not_picked":["Tactician+1","Die Die Die","Infinite Blades"],"picked":"SKIP","floor":29.0},{"not_picked":["Masterful Stab","Acrobatics+1","Concentrate+1"],"picked":"SKIP","floor":31.0},{"not_picked":["Doppelganger","Venomology","Glass Knife"],"picked":"A Thousand Cuts","floor":33.0},{"not_picked":["Leg Sweep+1","Tactician+1","Acrobatics","Deflect"],"picked":"SKIP","floor":35.0},{"not_picked":["Bouncing Flask+1","PiercingWail+1","Dodge and Roll","Deflect+1"],"picked":"SKIP","floor":39.0},{"not_picked":["Storm of Steel","Accuracy","Prepared+1","Cloak And Dagger+1"],"picked":"SKIP","floor":40.0},{"not_picked":["Underhanded Strike","PiercingWail+1","Acrobatics","Riddle With Holes+1"],"picked":"SKIP","floor":42.0},{"not_picked":["Distraction+1","Bane+1","Corpse Explosion"],"picked":"Blur","floor":45.0},{"not_picked":["Deflect","Quick Slash+1","Caltrops+1","Tactician+1"],"picked":"SKIP","floor":54}],"player_experience":336438,"relics_obtained":[{"floor":6.0,"key":"Vajra"},{"floor":8.0,"key":"Dream Catcher"},{"floor":10.0,"key":"Boot"},{"floor":11.0,"key":"WingedGreaves"},{"floor":13.0,"key":"Pen Nib"},{"floor":23.0,"key":"Bag of Marbles"},{"floor":25.0,"key":"StrikeDummy"},{"floor":25.0,"key":"Bottled Lightning"},{"floor":29.0,"key":"Centennial Puzzle"},{"floor":29.0,"key":"Tiny Chest"},{"floor":31.0,"key":"Question Card"},{"floor":31.0,"key":"Ginger"},{"floor":37.0,"key":"Ice Cream"},{"floor":40.0,"key":"Eternal Feather"},{"floor":40.0,"key":"Toy Ornithopter"},{"floor":43.0,"key":"Pantograph"},{"floor":45.0,"key":"Old Coin"},{"floor":45.0,"key":"Molten Egg 2"},{"floor":48,"key":"Frozen Egg 2"},{"floor":54,"key":"Kunai"},{"floor":54,"key":"Bag of Preparation"}],"event_choices":[{"damage_healed":0.0,"max_hp_gain":0.0,"max_hp_loss":0.0,"gold_gain":0.0,"event_name":"Dead Adventurer","player_choice":"Searched \u00272\u0027 times","floor":11.0,"gold_loss":0.0,"damage_taken":0.0},{"cards_removed":["Dagger Throw"],"damage_healed":0.0,"max_hp_gain":0.0,"max_hp_loss":0.0,"gold_gain":0.0,"event_name":"Beggar","player_choice":"Gave Gold","floor":27.0,"gold_loss":75.0,"damage_taken":0.0},{"damage_healed":0.0,"max_hp_gain":0.0,"max_hp_loss":4.0,"gold_gain":0.0,"event_name":"Winding Halls","player_choice":"Max HP","floor":36.0,"gold_loss":0.0,"damage_taken":0.0},{"damage_healed":0.0,"max_hp_gain":0.0,"max_hp_loss":0.0,"gold_gain":0.0,"event_name":"Mysterious Sphere","player_choice":"Fight","floor":37.0,"gold_loss":0.0,"damage_taken":0.0}],"is_beta":false,"boss_relics":[{"not_picked":["Empty Cage","Ectoplasm"],"picked":"Black Star"},{"not_picked":["Snecko Eye","SacredBark"],"picked":"HoveringKite"}],"items_purged_floors":[2,14,21,38,46],"is_endless":false,"potions_floor_spawned":[1,5,8,13,16,19,20,23,31,33,35,39,42],"ascension_level":1}}