{"host":"gpkbl0cayp7vm3va","time":1609672812,"event":{"mods":["BaseMod","Bestiary","Colored Map","Curses Come First","Downfall","Highlight Path","Minty Spire (QoL Compilation)","Replay The Spire","Robot Space Explorer","StSLib","The Animator"],"gold_per_floor":[99,111,111,124,124,137,137,137,161,161,195,195,208,208,133,133,143,143,143,143],"floor_reached":18,"playtime":1348,"items_purged":[],"score":110,"play_id":"ae897db1-8fde-4d08-8ec8-d21199fe9606","local_time":"20210103042012","is_ascension_mode":false,"campfire_choices":[{"data":"Slimebound:CorrosiveSpit","floor":1,"key":"SMITH"},{"data":"Slimebound:Split","floor":10,"key":"SMITH"},{"data":"Slimebound:RollThrough","floor":15,"key":"SMITH"}],"circlet_count":0,"master_deck":["Slimebound:Strike_Slimebound+1","Slimebound:Strike_Slimebound","Slimebound:Tackle+1","Slimebound:Defend_Slimebound+1","Slimebound:Defend_Slimebound","Slimebound:Defend_Slimebound","Slimebound:Split+1","Slimebound:CorrosiveSpit+1","Slimebound:SlimeTap","Slimebound:PressTheAttack","Slimebound:RollThrough+1","Slimebound:SelfFormingGoo","Slimebound:SplitLeeching","Regret","Looming Evil","Slimebound:SlimeSpikes"],"relics":["Toy Ornithopter","Pen Nib","m_BurningSludge","downfall:HeartBlessingGreen","ReplayTheSpireMod:Ring of Exchange","ReplayTheSpireMod:Ring of Collecting"],"acts_visited":["Exordium"],"potions_floor_usage":[11,18,18],"damage_taken":[{"damage":17,"enemies":"Cultist","floor":2,"turns":4},{"damage":7,"enemies":"Small Slimes","floor":4,"turns":3},{"damage":12,"enemies":"2 Louse","floor":6,"turns":2},{"damage":28,"enemies":"3 Sentries","floor":11,"turns":6},{"damage":13,"enemies":"3 Louse","floor":13,"turns":3},{"damage":23,"enemies":"Exordium Thugs","floor":17,"turns":4},{"damage":54,"enemies":"downfall:Silent","floor":18,"turns":6}],"seed_played":"427444483346130649","potions_obtained":[{"floor":2,"key":"BlessingOfTheForge"},{"floor":4,"key":"Block Potion"},{"floor":11,"key":"Strength Potion"}],"is_trial":false,"path_per_floor":["R","M","?","M","?","M","PTL","PTL","T","R","E","?","M","?","R","?","M","B"],"character_chosen":"SLIMEBOUND","items_purchased":[],"campfire_rested":0,"item_purchase_floors":[],"current_hp_per_floor":[66,60,60,61,61,57,57,57,57,57,42,42,39,39,39,39,34,0,0,0],"gold":143,"neow_bonus":"TEN_PERCENT_HP_BONUS","is_daily":false,"chose_seed":false,"campfire_upgraded":3,"win_rate":0.0,"timestamp":1609672812,"path_taken":["R","M","?","M","?","M","PTL","PTL","T","R","E","?","M","?","R","?","M","BOSS"],"items_purchased_type":[],"build_version":"2020-12-22","purchased_purges":0,"victory":false,"max_hp_per_floor":[66,66,66,66,66,66,66,66,66,66,66,66,66,66,66,66,66,66,66,66],"card_choices":[{"not_picked":["Slimebound:BestDefense","Slimebound:SplitMire"],"picked":"Slimebound:SlimeTap","floor":2},{"not_picked":["Slimebound:GoopTackle","Slimebound:Replication"],"picked":"Slimebound:PressTheAttack","floor":4},{"not_picked":["Slimebound:ComboTackle","Slimebound:SpikyOuterGoop"],"picked":"Slimebound:RollThrough","floor":6},{"not_picked":["Slimebound:WasteNot","Slimebound:RallyTheTroops"],"picked":"Slimebound:SelfFormingGoo","floor":11},{"not_picked":["Slimebound:ComboTackle","Slimebound:SlimeSpikes"],"picked":"Slimebound:SplitLeeching","floor":13},{"not_picked":["Slimebound:SplitLeeching","Slimebound:SplitBruiser"],"picked":"Slimebound:SlimeSpikes","floor":17}],"player_experience":741037,"relics_obtained":[{"floor":9,"key":"Toy Ornithopter"},{"floor":11,"key":"Pen Nib"},{"floor":16,"key":"ReplayTheSpireMod:Ring of Exchange"},{"floor":16,"key":"ReplayTheSpireMod:Ring of Collecting"}],"event_choices":[],"is_beta":false,"boss_relics":[],"items_purged_floors":[],"is_endless":false,"potions_floor_spawned":[2,4,11],"killed_by":"downfall:Silent","ascension_level":0}}