{"host":"2gugywxuw0nvjb3h","time":1609714341,"event":{"mods":["AchievementEnabler","BaseMod","Better Altar","Better Match","Better Note","Better Sensory Stone","Better Skull","Better Third Choice","BetterRewards","Colored Map","Colored Powertips","Curses Come First","Evolution","GifTheSpireLib","Hermit","Key Reminder","Marisa????????","Minty Spire (QoL Compilation)","Rare Cards Sparkle","Relic Sorter","Replay The Spire","Spicy Shops","StSLib","The Cursed","The Servant 0.9.4"],"gold_per_floor":[111,33,33,51,126,160,160,160,160,174,189,189,189,220,220,345,345,369,294,313,337,26,26,46,46,46,64,80,118,8,44,44,44,44],"floor_reached":33,"playtime":3509,"items_purged":["Shame"],"score":345,"play_id":"76c541cc-5cdd-46cc-a02c-d6719369fb51","local_time":"20210103155221","is_ascension_mode":false,"campfire_choices":[{"data":"hermit:Quickdraw","floor":7,"key":"SMITH"},{"data":"hermit:TakeAim","floor":12,"key":"SMITH"},{"floor":15,"key":"REST"},{"floor":23,"key":"REST"},{"floor":25,"key":"REST"},{"floor":32,"key":"REST"}],"circlet_count":0,"master_deck":["hermit:Strike_Hermit","hermit:Strike_Hermit","hermit:Strike_Hermit","hermit:Strike_Hermit+1","hermit:Defend_Hermit","hermit:Defend_Hermit","hermit:Defend_Hermit+1","hermit:Defend_Hermit","hermit:Snapshot","hermit:Covet","hermit:Quickdraw+1","hermit:Enervate+1","hermit:Glare+1","Injury","hermit:Glare","hermit:HighCaliber","hermit:Coalescence","hermit:TakeAim+1","hermit:Headshot","hermit:HighNoon","hermit:Ricochet","hermit:Combo+1","hermit:TakeAim+1","hermit:GhostlyPresence+1","hermit:GhostlyPresence","hermit:ItchyTrigger+1","hermit:Grudge+1","hermit:Ricochet+1","hermit:EternalForm+1","hermit:HeroicBravado+1","hermit:Ricochet+1","hermit:GoldenBullet+1","hermit:Glare+1","hermit:Glare+1","hermit:Shortfuse","hermit:ShadowCloak","hermit:Quickdraw+1","Violence+1","Sadistic Nature+1","Panacea+1","hermit:ShadowCloak+1"],"relics":["hermit:Momento","ReplayTheSpireMod:ShopPack","EVO:Axolotl","Membership Card","Lantern","Garlic","Calipers","Turnip","Golden Idol","hermit:Spyglass","Pondfish Scales","The Courier","War Paint","Fusion Hammer","Golden Egg","Gremlin Food","Bronze Scales","ReplayTheSpireMod:TigerMarble","Orrery","Replay:Arrowhead","Bottled Tornado","DollysMirror","hermit:Horseshoe"],"acts_visited":["Exordium","TheCity"],"potions_floor_usage":[14,21,21],"damage_taken":[{"damage":0,"enemies":"Jaw Worm","floor":1,"turns":3},{"damage":0,"enemies":"2 Louse","floor":4,"turns":2},{"damage":13,"enemies":"Replay:BlueRogue","floor":6,"turns":5},{"damage":0,"enemies":"Cultist","floor":10,"turns":2},{"damage":0,"enemies":"Exordium Wildlife","floor":11,"turns":3},{"damage":19,"enemies":"3 Sentries","floor":14,"turns":11},{"damage":47,"enemies":"Fading Forest","floor":16,"turns":11},{"damage":19,"enemies":"3 Byrds","floor":18,"turns":8},{"damage":3,"enemies":"Spheric Guardian","floor":20,"turns":4},{"damage":23,"enemies":"Snecko","floor":21,"turns":7},{"damage":7,"enemies":"Snake Plant","floor":24,"turns":2},{"damage":11,"enemies":"Shelled Parasite and Fungi","floor":27,"turns":4},{"damage":0,"enemies":"Cultist and Chosen","floor":28,"turns":6},{"damage":12,"enemies":"Book of Stabbing","floor":29,"turns":3},{"damage":48,"enemies":"Gremlin Leader","floor":31,"turns":7},{"damage":26,"enemies":"Pondfish","floor":33,"turns":7}],"seed_played":"8795853425500946169","potions_obtained":[{"floor":6,"key":"BlessingOfTheForge"},{"floor":16,"key":"Regen Potion"},{"floor":20,"key":"Reflective Coating"},{"floor":27,"key":"hermit:BlackBile"},{"floor":28,"key":"Block Potion"}],"is_trial":false,"path_per_floor":["M","$","?","M","?","E","R","?","T","M","M","R","T","E","R","B",null,"M","?","M","M","$","R","M","R","T","M","M","E","$","E","R","B"],"character_chosen":"HERMIT","items_purchased":["Membership Card","Lantern","Garlic","hermit:Quickdraw","hermit:Enervate","Turnip","Golden Egg","Gremlin Food","Bronze Scales","hermit:Grudge","ReplayTheSpireMod:TigerMarble","Orrery","DollysMirror","ReplayTheSpireMod:ShopPack"],"campfire_rested":4,"item_purchase_floors":[0,0,0,0,0,2,22,22,22,22,22,22,30,30],"current_hp_per_floor":[75,75,75,75,64,51,51,51,51,51,51,51,51,32,54,17,75,56,56,53,42,42,64,57,75,75,64,64,52,52,4,26,0,0],"gold":44,"neow_bonus":"","is_daily":false,"chose_seed":false,"campfire_upgraded":2,"win_rate":0.0,"timestamp":1609714341,"path_taken":["M","$","?","M","?","E","R","?","T","M","?","R","?","E","R","BOSS","M","?","M","M","$","R","M","R","T","M","?","E","$","E","R","BOSS"],"items_purchased_type":["Relic","Relic","Relic","Card","Card","Relic","Relic","Relic","Relic","Card","Relic","Relic","Relic","Relic"],"build_version":"2020-12-22","purchased_purges":1,"victory":false,"max_hp_per_floor":[75,75,75,75,75,75,75,75,75,75,75,75,75,75,75,75,75,75,75,75,75,75,75,75,75,75,75,75,75,75,75,75,75,75],"card_choices":[{"not_picked":["hermit:ShadowCloak","hermit:HoleUp"],"picked":"hermit:Glare","floor":1},{"not_picked":["hermit:Misfire","hermit:SprayPray"],"picked":"hermit:Glare","floor":4},{"not_picked":["hermit:Vantage","hermit:Snipe"],"picked":"hermit:HighCaliber","floor":6},{"not_picked":["hermit:Maintenance","hermit:CursedWeapon"],"picked":"hermit:Coalescence","floor":10},{"not_picked":["hermit:HoleUp","hermit:Coalescence"],"picked":"hermit:TakeAim","floor":11},{"not_picked":["hermit:Malice","hermit:FullyLoaded"],"picked":"hermit:Headshot","floor":14},{"not_picked":["hermit:FromBeyond","hermit:HeroicBravado"],"picked":"hermit:HighNoon","floor":16},{"not_picked":["hermit:Desperado","hermit:Midnight"],"picked":"hermit:Ricochet","floor":18},{"not_picked":["hermit:Brawl+1","hermit:Determination+1"],"picked":"hermit:Combo+1","floor":19},{"not_picked":["hermit:LuckOfTheDraw+1","hermit:Brawl+1"],"picked":"hermit:TakeAim+1","floor":19},{"not_picked":["hermit:Virtue+1","hermit:CursedWeapon+1"],"picked":"hermit:GhostlyPresence+1","floor":19},{"not_picked":["hermit:Scavenge","hermit:SprayPray+1"],"picked":"hermit:GhostlyPresence","floor":20},{"not_picked":["hermit:Coalescence","hermit:Purgatory"],"picked":"hermit:ItchyTrigger+1","floor":21},{"not_picked":["hermit:Brawl","hermit:Misfire+1"],"picked":"hermit:Ricochet","floor":22},{"not_picked":["hermit:PistolWhip","hermit:Snipe"],"picked":"hermit:EternalForm","floor":22},{"not_picked":["hermit:FlashPowder","hermit:Dive"],"picked":"hermit:HeroicBravado","floor":22},{"not_picked":["hermit:Manifest","hermit:Maintenance"],"picked":"hermit:Ricochet","floor":22},{"not_picked":["hermit:Scavenge","hermit:FullyLoaded+1"],"picked":"hermit:GoldenBullet","floor":22},{"not_picked":["hermit:HoleUp","hermit:HighCaliber"],"picked":"hermit:Glare+1","floor":24},{"not_picked":["hermit:Midnight","hermit:BodyArmor"],"picked":"hermit:Glare","floor":27},{"not_picked":["hermit:OverwhelmingPower","hermit:Headshot"],"picked":"hermit:Shortfuse","floor":28},{"not_picked":["hermit:Shortfuse","hermit:TakeCover"],"picked":"hermit:ShadowCloak","floor":29},{"not_picked":["Metamorphosis","Transmutation"],"picked":"Violence","floor":30},{"not_picked":["Jack Of All Trades","ReplayTheSpireMod:Brewmster"],"picked":"Sadistic Nature","floor":30},{"not_picked":["Mind Blast","Madness"],"picked":"Panacea","floor":30},{"not_picked":["hermit:FinalCanter","hermit:LoneWolf"],"picked":"hermit:ShadowCloak+1","floor":31}],"player_experience":212176,"relics_obtained":[{"floor":6,"key":"hermit:Spyglass"},{"floor":9,"key":"Pondfish Scales"},{"floor":13,"key":"The Courier"},{"floor":14,"key":"War Paint"},{"floor":26,"key":"Replay:Arrowhead"},{"floor":29,"key":"Bottled Tornado"},{"floor":31,"key":"hermit:Horseshoe"}],"event_choices":[{"damage_healed":0,"gold_gain":0,"player_choice":"Take Wound","damage_taken":0,"relics_obtained":["Golden Idol"],"max_hp_gain":0,"max_hp_loss":0,"event_name":"Golden Idol","floor":3,"gold_loss":0,"cards_obtained":["Injury"]},{"damage_healed":0,"gold_gain":75,"player_choice":"Gold","damage_taken":11,"max_hp_gain":0,"max_hp_loss":0,"event_name":"betterThird:BetterGoop","floor":5,"gold_loss":0},{"damage_healed":0,"gold_gain":0,"player_choice":"Bought 0 Potions","damage_taken":0,"max_hp_gain":0,"max_hp_loss":0,"event_name":"The Woman in Blue","floor":8,"gold_loss":0},{"damage_healed":0,"gold_gain":0,"player_choice":"3","damage_taken":0,"max_hp_gain":0,"max_hp_loss":0,"event_name":"betterMatch:BetterMatch","floor":19,"gold_loss":0,"cards_obtained":["betterMatch:UncommonCard"]}],"is_beta":false,"boss_relics":[{"not_picked":["Kintsugi","Ectoplasm"],"picked":"Fusion Hammer"}],"items_purged_floors":[0],"is_endless":false,"potions_floor_spawned":[6,16,20,27,28],"killed_by":"Pondfish","ascension_level":0}}