{"host":"sav7uxregyirlf69","time":1609675238,"event":{"mods":["AchievementEnabler","BaseMod","Colored Map","DeckTracker","Keyboard Shortcuts","Minty Spire (QoL Compilation)","READ ME - Guardian Mod","StSLib","SuperFastMode"],"gold_per_floor":[119,130,142,155,173,173,173,201,247,247,247,276,291,309,309,309,309],"floor_reached":16,"playtime":217,"items_purged":[],"score":253,"play_id":"c9aacf75-245a-44e8-ab6b-364ec86c7e7c","local_time":"20210103210038","is_ascension_mode":true,"campfire_choices":[{"data":"Blood for Blood","floor":6.0,"key":"SMITH"},{"data":"Armaments","floor":15,"key":"SMITH"}],"circlet_count":0,"master_deck":["AscendersBane","Strike_R","Strike_R","Strike_R","Strike_R","Strike_R","Defend_R","Defend_R","Defend_R","Defend_R","Bash","Reckless Charge","Shrug It Off","Feed","Blood for Blood+1","Pommel Strike","Immolate","Armaments+1"],"relics":["Burning Blood","NeowsBlessing","StrikeDummy","Strawberry","The Courier","Lantern"],"acts_visited":["Exordium"],"potions_floor_usage":[14],"damage_taken":[{"damage":0.0,"enemies":"2 Louse","floor":1.0,"turns":1.0},{"damage":0.0,"enemies":"Jaw Worm","floor":2.0,"turns":1.0},{"damage":0.0,"enemies":"Small Slimes","floor":3.0,"turns":1.0},{"damage":1.0,"enemies":"3 Louse","floor":4.0,"turns":4.0},{"damage":48.0,"enemies":"Exordium Thugs","floor":5.0,"turns":6.0},{"damage":32.0,"enemies":"Gremlin Nob","floor":8.0,"turns":4.0},{"damage":30.0,"enemies":"Lagavulin","floor":12.0,"turns":6.0},{"damage":8,"enemies":"Blue Slaver","floor":13,"turns":4},{"damage":7,"enemies":"Exordium Wildlife","floor":14,"turns":2},{"damage":37,"enemies":"The Guardian","floor":16,"turns":5}],"seed_played":"-5641989620813376322","potions_obtained":[{"floor":1.0,"key":"Regen Potion"},{"floor":12.0,"key":"Explosive Potion"},{"floor":14,"key":"SkillPotion"}],"is_trial":false,"path_per_floor":["M","M","M","M","M","R","?","E","T","?","?","E","M","M","R","B"],"character_chosen":"IRONCLAD","items_purchased":[],"campfire_rested":0,"item_purchase_floors":[],"current_hp_per_floor":[74,75,75,78,39,39,39,28,35,24,54,30,31,33,33,0,0],"gold":309,"neow_bonus":"THREE_ENEMY_KILL","is_daily":false,"chose_seed":false,"campfire_upgraded":2,"win_rate":0.0,"timestamp":1609675238,"path_taken":["M","M","M","M","M","R","?","E","T","?","?","E","M","M","R","BOSS"],"items_purchased_type":[],"build_version":"2020-12-22","purchased_purges":0,"victory":false,"max_hp_per_floor":[75,75,75,78,81,81,81,84,91,91,91,91,94,97,97,97,97],"card_choices":[{"not_picked":["Clash","Metallicize"],"picked":"Reckless Charge","floor":1.0},{"not_picked":["Clothesline","Infernal Blade"],"picked":"Shrug It Off","floor":2.0},{"not_picked":["Thunderclap","Flex"],"picked":"Feed","floor":3.0},{"not_picked":["Body Slam","Shrug It Off"],"picked":"Blood for Blood","floor":4.0},{"not_picked":["Flex","Headbutt","Bloodletting"],"picked":"SKIP","floor":5.0},{"not_picked":["Body Slam","Cleave"],"picked":"Pommel Strike","floor":8.0},{"not_picked":["Metallicize","Burning Pact"],"picked":"Immolate","floor":12.0},{"not_picked":["Searing Blow","Carnage","Havoc"],"picked":"SKIP","floor":13},{"not_picked":["Anger","Battle Trance"],"picked":"Armaments","floor":14}],"player_experience":1122479,"relics_obtained":[{"floor":8.0,"key":"StrikeDummy"},{"floor":9.0,"key":"Strawberry"},{"floor":12.0,"key":"Lantern"}],"event_choices":[{"damage_healed":0.0,"max_hp_gain":0.0,"max_hp_loss":0.0,"gold_gain":0.0,"event_name":"Dead Adventurer","player_choice":"Searched \u00270\u0027 times","floor":7.0,"gold_loss":0.0,"damage_taken":0.0},{"damage_healed":0.0,"max_hp_gain":0.0,"max_hp_loss":0.0,"gold_gain":0.0,"event_name":"Scrap Ooze","player_choice":"Success","floor":10.0,"gold_loss":0.0,"damage_taken":11.0,"relics_obtained":["The Courier"]},{"damage_healed":30.0,"max_hp_gain":0.0,"max_hp_loss":0.0,"gold_gain":0.0,"event_name":"Big Fish","player_choice":"Banana","floor":11.0,"gold_loss":0.0,"damage_taken":0.0}],"is_beta":false,"boss_relics":[],"items_purged_floors":[],"is_endless":false,"potions_floor_spawned":[1,12,14],"killed_by":"The Guardian","ascension_level":20}}