{"host":"2he95iptrbxkejc1","time":1609713870,"event":{"mods":["AchievementEnabler","BaseMod","Minty Spire (QoL Compilation)"],"gold_per_floor":[117,128,138,151,171,171,200,200,200,200,226,226,226,246,246,349,349,362,374,37,53,67,67,82,102,102,102,118,118,138,158,158,257,257,277,293,4,20,20,20,32,43,43,67,79,91,115,127,127],"floor_reached":48,"playtime":2987,"items_purged":[],"score":477,"play_id":"ae61a383-23b5-42fa-8b4d-556c72a77fb0","local_time":"20210103224430","is_ascension_mode":false,"campfire_choices":[{"floor":6,"key":"REST"},{"floor":8,"key":"REST"},{"data":"Outmaneuver","floor":10,"key":"SMITH"},{"floor":12,"key":"REST"},{"data":"Skewer","floor":15,"key":"SMITH"},{"floor":23,"key":"REST"},{"floor":27,"key":"REST"},{"floor":29,"key":"REST"},{"floor":32,"key":"REST"},{"floor":40,"key":"REST"},{"floor":46,"key":"REST"}],"circlet_count":0,"master_deck":["Strike_G","Strike_G","Strike_G","Strike_G","Strike_G","Defend_G","Defend_G","Defend_G","Defend_G","Defend_G","Survivor","Neutralize","Outmaneuver+1","Skewer","Skewer+1","Backflip","PiercingWail","Dagger Spray","Burst+1","Quick Slash+1","Outmaneuver+1","Crippling Poison+1","Noxious Fumes","Riddle With Holes","PiercingWail+1","Deadly Poison+1","Blade Dance+1","Outmaneuver+1","Finisher","Envenom","Bouncing Flask+1","Finisher+1","Madness+1","Madness+1","Predator+1","Parasite"],"relics":["Snecko Eye","Regal Pillow","Boot","MealTicket","Toxic Egg 2","SlaversCollar","Bag of Preparation","Bottled Tornado","Sozu","Incense Burner","Paper Crane","MawBank"],"acts_visited":["Exordium","TheCity","TheBeyond"],"potions_floor_usage":[11,11,16,31,31,31,31,31,33,41],"damage_taken":[{"damage":0,"enemies":"Cultist","floor":1,"turns":3},{"damage":15,"enemies":"Jaw Worm","floor":2,"turns":8},{"damage":0,"enemies":"Small Slimes","floor":3,"turns":4},{"damage":2,"enemies":"Blue Slaver","floor":4,"turns":3},{"damage":24,"enemies":"Looter","floor":5,"turns":4},{"damage":32,"enemies":"Gremlin Nob","floor":7,"turns":5},{"damage":24,"enemies":"Lagavulin","floor":11,"turns":6},{"damage":3,"enemies":"3 Louse","floor":14,"turns":3},{"damage":56,"enemies":"The Guardian","floor":16,"turns":9},{"damage":27,"enemies":"Shell Parasite","floor":18,"turns":5},{"damage":10,"enemies":"3 Byrds","floor":19,"turns":4},{"damage":24,"enemies":"Snake Plant","floor":21,"turns":5},{"damage":2,"enemies":"Snecko","floor":22,"turns":4},{"damage":12,"enemies":"3 Cultists","floor":24,"turns":6},{"damage":9,"enemies":"Chosen and Byrds","floor":25,"turns":5},{"damage":17,"enemies":"Cultist and Chosen","floor":28,"turns":6},{"damage":3,"enemies":"Snecko","floor":30,"turns":4},{"damage":19,"enemies":"Snake Plant","floor":31,"turns":3},{"damage":67,"enemies":"Collector","floor":33,"turns":6},{"damage":11,"enemies":"3 Shapes","floor":35,"turns":4},{"damage":30,"enemies":"3 Darklings","floor":36,"turns":4},{"damage":21,"enemies":"Jaw Worm Horde","floor":38,"turns":4},{"damage":1,"enemies":"Maw","floor":41,"turns":5},{"damage":26,"enemies":"Spire Growth","floor":42,"turns":4},{"damage":26,"enemies":"Writhing Mass","floor":47,"turns":6},{"damage":33,"enemies":"4 Shapes","floor":48,"turns":3}],"seed_played":"-8381890311636673100","potions_obtained":[{"floor":5,"key":"PowerPotion"},{"floor":7,"key":"DistilledChaos"},{"floor":11,"key":"Weak Potion"},{"floor":14,"key":"DuplicationPotion"},{"floor":24,"key":"Regen Potion"},{"floor":25,"key":"SpeedPotion"},{"floor":28,"key":"EntropicBrew"},{"floor":33,"key":"Strength Potion"}],"is_trial":false,"path_per_floor":["M","M","M","M","M","R","E","R","T","R","E","R","?","M","R","B",null,"M","M","$","M","M","R","M","M","T","R","M","R","M","M","R","B",null,"M","M","$","M","?","R","M","M","T","T","?","R","M","M"],"character_chosen":"THE_SILENT","items_purchased":["Bag of Preparation","Crippling Poison+1","Noxious Fumes","Riddle With Holes","Incense Burner"],"campfire_rested":9,"item_purchase_floors":[20,20,20,20,37],"current_hp_per_floor":[70,55,55,53,29,50,18,54,54,54,30,66,66,63,63,7,70,43,33,48,24,22,58,46,37,37,70,53,70,67,53,70,3,70,59,29,44,23,14,50,49,23,23,23,23,59,33,0,0],"gold":127,"neow_bonus":"BOSS_RELIC","is_daily":false,"chose_seed":false,"campfire_upgraded":2,"win_rate":0.0,"timestamp":1609713870,"path_taken":["M","M","M","M","M","R","E","R","T","R","E","R","?","M","R","BOSS","M","M","$","M","M","R","M","?","T","R","M","R","M","M","R","BOSS","M","M","$","M","?","R","M","M","T","?","?","R","M","M"],"items_purchased_type":["Relic","Card","Card","Card","Relic"],"build_version":"2020-12-22","purchased_purges":0,"victory":false,"max_hp_per_floor":[70,70,70,70,70,70,70,70,70,70,70,70,70,70,70,70,70,70,70,70,70,70,70,70,70,70,70,70,70,70,70,70,70,70,70,70,70,70,70,70,70,70,70,70,70,70,70,70,70],"card_choices":[{"not_picked":["Underhanded Strike","Dagger Throw"],"picked":"Outmaneuver","floor":1},{"not_picked":["Choke","Poisoned Stab","PiercingWail"],"picked":"SKIP","floor":2},{"not_picked":["All Out Attack","Masterful Stab"],"picked":"Skewer","floor":3},{"not_picked":["Acrobatics","Bane"],"picked":"Skewer","floor":4},{"not_picked":["Masterful Stab","Acrobatics"],"picked":"Backflip","floor":5},{"not_picked":["Dash","Choke","Reflex"],"picked":"SKIP","floor":7},{"not_picked":["Reflex","Unload"],"picked":"PiercingWail","floor":11},{"not_picked":["Underhanded Strike","Reflex+1"],"picked":"Dagger Spray","floor":14},{"not_picked":["Tools of the Trade","After Image"],"picked":"Burst+1","floor":16},{"not_picked":["Dagger Throw","Dodge and Roll+1"],"picked":"Quick Slash+1","floor":18},{"not_picked":["Sucker Punch+1","Dodge and Roll+1"],"picked":"Outmaneuver+1","floor":19},{"not_picked":["Dodge and Roll+1","Prepared+1"],"picked":"PiercingWail+1","floor":21},{"not_picked":["Tactician+1","Eviscerate","Footwork"],"picked":"SKIP","floor":22},{"not_picked":["Flechettes","Acrobatics+1"],"picked":"Deadly Poison+1","floor":24},{"not_picked":["Quick Slash","All Out Attack"],"picked":"Blade Dance+1","floor":25},{"not_picked":["Caltrops+1","Poisoned Stab"],"picked":"Outmaneuver+1","floor":28},{"not_picked":["Dodge and Roll+1","Malaise+1","Prepared+1"],"picked":"SKIP","floor":30},{"not_picked":["Caltrops","Deflect+1"],"picked":"Finisher","floor":31},{"not_picked":["Wraith Form v2","Venomology+1"],"picked":"Envenom","floor":33},{"not_picked":["Quick Slash+1","Dagger Spray+1"],"picked":"Bouncing Flask+1","floor":35},{"not_picked":["Slice","PiercingWail+1"],"picked":"Finisher+1","floor":36},{"not_picked":["Reflex+1","Bane+1","Dagger Spray"],"picked":"SKIP","floor":38},{"not_picked":["Eviscerate+1","Outmaneuver+1"],"picked":"Predator+1","floor":41},{"not_picked":["Leg Sweep+1","Flechettes","Blur+1"],"picked":"SKIP","floor":42},{"not_picked":["Bane","Underhanded Strike+1","Poisoned Stab+1"],"picked":"SKIP","floor":47}],"player_experience":33831,"relics_obtained":[{"floor":7,"key":"Regal Pillow"},{"floor":9,"key":"Boot"},{"floor":11,"key":"MealTicket"},{"floor":26,"key":"Bottled Tornado"},{"floor":43,"key":"Paper Crane"},{"floor":44,"key":"MawBank"}],"event_choices":[{"damage_healed":0,"gold_gain":0,"player_choice":"Gave Potion","damage_taken":0,"relics_obtained":["Toxic Egg 2"],"max_hp_gain":0,"max_hp_loss":0,"event_name":"WeMeetAgain","floor":13,"gold_loss":0},{"damage_healed":0,"gold_gain":0,"player_choice":"Embrace Madness","damage_taken":9,"max_hp_gain":0,"max_hp_loss":0,"event_name":"Winding Halls","floor":39,"gold_loss":0,"cards_obtained":["Madness","Madness"]},{"damage_healed":0,"gold_gain":0,"player_choice":"Memory 1","damage_taken":0,"max_hp_gain":0,"max_hp_loss":0,"event_name":"SensoryStone","floor":45,"gold_loss":0}],"is_beta":false,"boss_relics":[{"not_picked":["Coffee Dripper","HoveringKite"],"picked":"SlaversCollar"},{"not_picked":["Runic Dome","Cursed Key"],"picked":"Sozu"}],"items_purged_floors":[],"is_endless":false,"potions_floor_spawned":[5,7,11,14,24,25,28,33,35,38,47],"killed_by":"4 Shapes","ascension_level":0}}