{"host":"480qzmvu0s2e3e6w","time":1609681154,"event":{"mods":["BaseMod","Colored Map","DeckTracker","Minty Spire (QoL Compilation)","StSLib","SuperFastMode"],"gold_per_floor":[210,225,46,46,62,62,105,105,105,132,170,170,206,225,225,354,354,379,379,81,81,95,95,118,118,167,167,192,192,17,17,17,145,145,158,171,504,504,554,554,583,343,392,392,108,125,125,138,138,138,138,138,9,40,40],"floor_reached":56,"playtime":4506,"items_purged":["Strike_B","Strike_B","Strike_B","Scrape","Defend_B"],"score":1557,"play_id":"98568d58-28fc-4688-a28d-c86779c55c9f","local_time":"20210103223914","is_ascension_mode":true,"campfire_choices":[{"data":"Defragment","floor":6.0,"key":"SMITH"},{"data":"Sunder","floor":8.0,"key":"SMITH"},{"data":"Consume","floor":12.0,"key":"SMITH"},{"data":"Turbo","floor":15.0,"key":"SMITH"},{"data":"Creative AI","floor":23.0,"key":"SMITH"},{"data":"Machine Learning","floor":25.0,"key":"SMITH"},{"floor":29.0,"key":"REST"},{"data":"Heatsinks","floor":32.0,"key":"SMITH"},{"data":"Coolheaded","floor":40.0,"key":"SMITH"},{"data":"Apotheosis","floor":47,"key":"SMITH"},{"floor":49,"key":"RECALL"},{"data":"Reboot","floor":52,"key":"SMITH"}],"circlet_count":0,"master_deck":["Defend_B","Defend_B","Zap","Dualcast","Rebound","Defragment+1","Go for the Eyes","Coolheaded+1","Sunder+1","Consume+1","Turbo+1","Lockon","Creative AI+1","CurseOfTheBell","Coolheaded+1","Machine Learning+1","Streamline+1","Heatsinks+1","Turbo+1","Reboot+1","Multi-Cast","Apotheosis+1","Skim","Doom and Gloom","Defragment+1","Capacitor+1","Chaos"],"relics":["Cracked Core","Turnip","Pear","Blood Vial","Art of War","Boot","Calling Bell","Lantern","Blue Candle","Bird Faced Urn","Membership Card","Anchor","Orrery","Torii","TungstenRod","Ancient Tea Set","DollysMirror","HornCleat","Sundial","Kunai"],"acts_visited":["Exordium","TheCity","TheBeyond","TheEnding"],"potions_floor_usage":[50,55,55],"damage_taken":[{"damage":0.0,"enemies":"2 Louse","floor":1.0,"turns":1.0},{"damage":5.0,"enemies":"Jaw Worm","floor":2.0,"turns":3.0},{"damage":0.0,"enemies":"Cultist","floor":5.0,"turns":3.0},{"damage":7.0,"enemies":"Lagavulin","floor":7.0,"turns":11.0},{"damage":2.0,"enemies":"Gremlin Nob","floor":11.0,"turns":3.0},{"damage":10.0,"enemies":"Lagavulin","floor":13.0,"turns":5.0},{"damage":7.0,"enemies":"Exordium Thugs","floor":14.0,"turns":6.0},{"damage":8.0,"enemies":"Slime Boss","floor":16.0,"turns":11.0},{"damage":37.0,"enemies":"3 Byrds","floor":18.0,"turns":4.0},{"damage":0.0,"enemies":"Spheric Guardian","floor":22.0,"turns":4.0},{"damage":13.0,"enemies":"Snake Plant","floor":24.0,"turns":6.0},{"damage":0.0,"enemies":"Book of Stabbing","floor":27.0,"turns":1.0},{"damage":35.0,"enemies":"3 Cultists","floor":28.0,"turns":5.0},{"damage":34.0,"enemies":"Champ","floor":33.0,"turns":10.0},{"damage":23.0,"enemies":"Orb Walker","floor":35.0,"turns":5.0},{"damage":4.0,"enemies":"3 Shapes","floor":36.0,"turns":5.0},{"damage":6.0,"enemies":"Mind Bloom Boss Battle","floor":39.0,"turns":8.0},{"damage":47,"enemies":"Nemesis","floor":41,"turns":9},{"damage":12,"enemies":"Spire Growth","floor":46,"turns":5},{"damage":7,"enemies":"Maw","floor":48,"turns":5},{"damage":53,"enemies":"Time Eater","floor":50,"turns":11},{"damage":43,"enemies":"Shield and Spear","floor":54,"turns":10},{"damage":49,"enemies":"The Heart","floor":55,"turns":10}],"seed_played":"396600850442588683","potions_obtained":[{"floor":7.0,"key":"EssenceOfDarkness"},{"floor":11.0,"key":"DistilledChaos"},{"floor":14.0,"key":"PowerPotion"},{"floor":24.0,"key":"SmokeBomb"},{"floor":33.0,"key":"LiquidBronze"},{"floor":35.0,"key":"LiquidMemories"},{"floor":39.0,"key":"PotionOfCapacity"},{"floor":48,"key":"Block Potion"},{"floor":54,"key":"BlessingOfTheForge"}],"is_trial":false,"path_per_floor":["M","M","$","?","M","R","E","R","T","T","E","R","E","M","R","B",null,"M","?","$","?","M","R","M","R","T","E","M","R","$","?","R","B",null,"M","M","?","?","?","R","E","$","T","?","$","M","R","M","R","B",null,"R","$","E","B",null],"character_chosen":"DEFECT","items_purchased":["Defragment","Go for the Eyes","Membership Card","Anchor","Dexterity Potion","Orrery","Regen Potion","PotionOfCapacity","Apotheosis","Skim","Doom and Gloom","DollysMirror","HornCleat","Sundial"],"campfire_rested":1,"item_purchase_floors":[3,3,20,20,20,30,30,30,42,42,42,45,45,53],"current_hp_per_floor":[68,63,63,45,45,45,38,38,48,48,48,48,40,35,35,29,71,44,44,44,44,52,52,43,43,43,47,22,47,47,47,47,52,77,62,74,74,74,81,81,48,48,48,48,48,52,52,63,63,54,74,74,74,52,31],"gold":40,"neow_bonus":"HUNDRED_GOLD","is_daily":false,"chose_seed":false,"campfire_upgraded":10,"win_rate":0.0,"timestamp":1609681154,"path_taken":["M","M","$","?","M","R","E","R","T","?","E","R","E","M","R","BOSS","M","?","?","?","M","R","M","R","T","E","?","R","$","?","R","BOSS","M","?","?","?","?","R","E","$","T","?","$","M","R","M","R","BOSS","R","$","E","BOSS"],"items_purchased_type":["Card","Card","Relic","Relic","Potion","Relic","Potion","Potion","Card","Card","Card","Relic","Relic","Relic"],"build_version":"2020-12-22","purchased_purges":5,"victory":true,"max_hp_per_floor":[75,75,75,75,75,75,75,75,85,85,85,85,85,85,85,85,85,85,85,85,85,85,85,85,85,85,85,85,85,85,85,85,85,85,85,85,85,81,81,81,81,81,81,81,81,81,81,81,81,81,81,81,81,81,81],"card_choices":[{"not_picked":["Tempest","Lockon"],"picked":"Cold Snap","floor":1.0},{"not_picked":["Barrage","Undo"],"picked":"Rebound","floor":2.0},{"not_picked":["Conserve Battery","Reinforced Body"],"picked":"Coolheaded","floor":5.0},{"not_picked":["Turbo","Rebound"],"picked":"Sunder","floor":7.0},{"not_picked":["Sweeping Beam","Compile Driver"],"picked":"Consume","floor":11.0},{"not_picked":["Steam","Stack"],"picked":"Turbo","floor":13.0},{"not_picked":["Leap","Rebound"],"picked":"Lockon","floor":14.0},{"not_picked":["Machine Learning","Thunder Strike"],"picked":"Creative AI","floor":16.0},{"not_picked":["Force Field","Doom and Gloom"],"picked":"Coolheaded+1","floor":18.0},{"not_picked":["Barrage","Beam Cell+1"],"picked":"Machine Learning","floor":22.0},{"not_picked":["Ball Lightning+1","Cold Snap+1","Glacier+1"],"picked":"SKIP","floor":24.0},{"not_picked":["Rebound","Redo+1","Loop"],"picked":"SKIP","floor":28.0},{"not_picked":["Stack","Sweeping Beam+1"],"picked":"Streamline+1","floor":30.0},{"not_picked":["Ball Lightning","Compile Driver"],"picked":"Heatsinks","floor":30.0},{"not_picked":["Steam+1","Sweeping Beam"],"picked":"Turbo+1","floor":30.0},{"not_picked":["Beam Cell+1","Gash"],"picked":"Reboot","floor":30.0},{"not_picked":["All For One","Meteor Strike"],"picked":"Multi-Cast","floor":33.0},{"not_picked":["Gash+1","Compile Driver","Steam"],"picked":"SKIP","floor":35.0},{"not_picked":["Redo+1","Turbo","Streamline"],"picked":"SKIP","floor":36.0},{"not_picked":["Redo","Ball Lightning","Beam Cell"],"picked":"SKIP","floor":41},{"not_picked":["Fusion+1","Redo+1"],"picked":"Capacitor+1","floor":46},{"not_picked":["Reprogram","Barrage+1","Machine Learning"],"picked":"SKIP","floor":48},{"not_picked":["Stack","Self Repair"],"picked":"Chaos","floor":54}],"player_experience":670748,"relics_obtained":[{"floor":7.0,"key":"Turnip"},{"floor":9.0,"key":"Pear"},{"floor":10.0,"key":"Blood Vial"},{"floor":11.0,"key":"Art of War"},{"floor":13.0,"key":"Boot"},{"floor":17.0,"key":"Lantern"},{"floor":17.0,"key":"Blue Candle"},{"floor":17.0,"key":"Bird Faced Urn"},{"floor":39.0,"key":"Torii"},{"floor":41,"key":"TungstenRod"},{"floor":43,"key":"Ancient Tea Set"},{"floor":54,"key":"Kunai"}],"event_choices":[{"damage_healed":0.0,"max_hp_gain":0.0,"max_hp_loss":0.0,"gold_gain":0.0,"event_name":"Golden Idol","player_choice":"Take Damage","floor":4.0,"gold_loss":0.0,"damage_taken":18.0,"relics_obtained":["Golden Idol"]},{"damage_healed":0.0,"max_hp_gain":0.0,"max_hp_loss":0.0,"gold_gain":0.0,"cards_transformed":["Strike_B"],"event_name":"Transmorgrifier","player_choice":"Transformed","floor":19.0,"gold_loss":0.0,"damage_taken":0.0,"cards_obtained":["Scrape"]},{"damage_healed":0.0,"max_hp_gain":0.0,"max_hp_loss":0.0,"gold_gain":0.0,"event_name":"Cursed Tome","player_choice":"Ignored","floor":21.0,"gold_loss":0.0,"damage_taken":0.0},{"cards_removed":["Defend_B"],"damage_healed":0.0,"max_hp_gain":0.0,"max_hp_loss":0.0,"gold_gain":0.0,"event_name":"Wheel of Change","player_choice":"Card Removal","floor":31.0,"gold_loss":0.0,"damage_taken":0.0},{"damage_healed":0.0,"max_hp_gain":0.0,"max_hp_loss":0.0,"gold_gain":333.0,"event_name":"The Moai Head","player_choice":"Gave Idol","floor":37.0,"relics_lost":["Golden Idol"],"gold_loss":0.0,"damage_taken":0.0},{"damage_healed":0.0,"max_hp_gain":0.0,"max_hp_loss":4.0,"gold_gain":0.0,"event_name":"Winding Halls","player_choice":"Max HP","floor":38.0,"gold_loss":0.0,"damage_taken":0.0},{"damage_healed":0.0,"max_hp_gain":0.0,"max_hp_loss":0.0,"gold_gain":0.0,"event_name":"MindBloom","player_choice":"Fight","floor":39.0,"gold_loss":0.0,"damage_taken":0.0},{"cards_removed":["Cold Snap"],"damage_healed":0,"gold_gain":0,"player_choice":"Removed Attack","damage_taken":0,"max_hp_gain":0,"max_hp_loss":0,"event_name":"Falling","floor":44,"gold_loss":0}],"is_beta":false,"boss_relics":[{"not_picked":["Tiny House","FrozenCore"],"picked":"Calling Bell"},{"not_picked":["Velvet Choker","Snecko Eye","Runic Dome"]}],"items_purged_floors":[3,20,30,42,45],"is_endless":false,"potions_floor_spawned":[7,11,14,24,33,35,39,48,54],"ascension_level":9}}