{"host":"Jonboy","time":1609680096,"event":{"mods":["AchievementEnabler","BaseMod","Block Reminder","Colored Powertips","Minty Spire (QoL Compilation)","Relic Stats"],"gold_per_floor":[116,132,147,160,175,175,207,207,207,207,207,207,225,113,113,191,191,205,38,55,255,270,270,270,6,6,6,18,18,18,29,29,29,29],"floor_reached":33,"playtime":1291,"items_purged":["Strike_P","Defend_P"],"score":534,"play_id":"782ecc8e-6373-4efc-913b-f90500b446c4","local_time":"20210103132136","is_ascension_mode":true,"campfire_choices":[{"data":"TalkToTheHand","floor":6.0,"key":"SMITH"},{"floor":8.0,"key":"REST"},{"floor":10.0,"key":"REST"},{"data":"SashWhip","floor":12.0,"key":"SMITH"},{"data":"Establishment","floor":15.0,"key":"SMITH"},{"floor":23.0,"key":"REST"},{"floor":27,"key":"REST"},{"floor":32,"key":"REST"}],"circlet_count":0,"master_deck":["AscendersBane","Strike_P","Strike_P","Defend_P","Defend_P","Defend_P","Eruption","Vigilance","WindmillStrike","Tantrum","TalkToTheHand+1","FollowUp","SashWhip+1","Establishment+1","ReachHeaven","Blasphemy","Consecrate","Protect","Wallop","Wallop","Evaluate+1"],"relics":["Runic Pyramid","TeardropLocket","Potion Belt","Cursed Key","OrangePellets"],"acts_visited":["Exordium","TheCity"],"potions_floor_usage":[24,24,28,28,28,33],"damage_taken":[{"damage":1.0,"enemies":"Cultist","floor":1.0,"turns":4.0},{"damage":12.0,"enemies":"Small Slimes","floor":2.0,"turns":4.0},{"damage":4.0,"enemies":"2 Louse","floor":3.0,"turns":3.0},{"damage":4.0,"enemies":"Looter","floor":4.0,"turns":4.0},{"damage":7.0,"enemies":"Gremlin Gang","floor":5.0,"turns":3.0},{"damage":21.0,"enemies":"Gremlin Nob","floor":7.0,"turns":4.0},{"damage":1.0,"enemies":"Blue Slaver","floor":13.0,"turns":3.0},{"damage":12.0,"enemies":"Slime Boss","floor":16.0,"turns":6.0},{"damage":6.0,"enemies":"Shell Parasite","floor":18.0,"turns":4.0},{"damage":22.0,"enemies":"2 Thieves","floor":20.0,"turns":3.0},{"damage":16.0,"enemies":"3 Cultists","floor":22.0,"turns":4.0},{"damage":14,"enemies":"Gremlin Leader","floor":24,"turns":5},{"damage":30,"enemies":"Centurion and Healer","floor":28,"turns":4},{"damage":3,"enemies":"Snake Plant","floor":31,"turns":3},{"damage":100007,"enemies":"Champ","floor":33,"turns":10}],"seed_played":"1285621821724873354","potions_obtained":[{"floor":2.0,"key":"EssenceOfSteel"},{"floor":3.0,"key":"Explosive Potion"},{"floor":13.0,"key":"Ancient Potion"},{"floor":16.0,"key":"FearPotion"},{"floor":18.0,"key":"SmokeBomb"},{"floor":20.0,"key":"Weak Potion"}],"is_trial":false,"path_per_floor":["M","M","M","M","M","R","E","R","T","R","?","R","M","$","R","B",null,"M","$","M","?","M","R","E","$","T","R","M","?","?","M","R","B"],"character_chosen":"WATCHER","items_purchased":["ReachHeaven","OrangePellets","PowerPotion","EntropicBrew"],"campfire_rested":5,"item_purchase_floors":[14,19,25,25],"current_hp_per_floor":[60,48,44,40,33,33,12,32,32,52,52,52,51,51,51,39,61,55,55,33,33,17,37,23,23,23,43,13,13,13,10,30,0,0],"gold":29,"neow_bonus":"BOSS_RELIC","is_daily":false,"chose_seed":false,"campfire_upgraded":3,"win_rate":0.0,"timestamp":1609680096,"path_taken":["M","M","M","?","M","R","E","R","T","R","?","R","?","$","R","BOSS","M","?","M","?","M","R","E","$","T","R","?","?","?","?","R","BOSS"],"items_purchased_type":["Card","Relic","Potion","Potion"],"build_version":"2020-12-18","purchased_purges":2,"victory":false,"max_hp_per_floor":[68,68,68,68,68,68,68,68,68,68,68,68,68,68,68,68,68,68,68,68,68,68,68,68,68,68,68,68,68,68,68,68,68,68],"relic_stats":{"OrangePellets":[3],"counters":[15,63],"Cursed Key":0,"obtain_stats":[{"Potion Belt":9,"OrangePellets":19,"TeardropLocket":7,"PureWater":0,"Cursed Key":17,"Runic Pyramid":0},{"Potion Belt":6,"OrangePellets":9,"TeardropLocket":6,"PureWater":0,"Cursed Key":8,"Runic Pyramid":0},{"Potion Belt":22,"OrangePellets":35,"TeardropLocket":22,"PureWater":0,"Cursed Key":31,"Runic Pyramid":0}]},"card_choices":[{"not_picked":["PathToVictory","JustLucky","Perseverance"],"picked":"SKIP","floor":1.0},{"not_picked":["Meditate","PathToVictory"],"picked":"WindmillStrike","floor":2.0},{"not_picked":["WindmillStrike","Consecrate"],"picked":"Tantrum","floor":3.0},{"not_picked":["ClearTheMind","Conclude"],"picked":"TalkToTheHand","floor":4.0},{"not_picked":["EmptyFist","WreathOfFlame"],"picked":"FollowUp","floor":5.0},{"not_picked":["ClearTheMind","Perseverance"],"picked":"SashWhip","floor":7.0},{"not_picked":["PathToVictory","Crescendo"],"picked":"Establishment","floor":13.0},{"not_picked":["Scrawl","DeusExMachina"],"picked":"Blasphemy","floor":16.0},{"not_picked":["PathToVictory","CrushJoints"],"picked":"Consecrate","floor":18.0},{"not_picked":["SashWhip","BowlingBash","Fasting2+1"],"picked":"SKIP","floor":20.0},{"not_picked":["FollowUp","Prostrate"],"picked":"Protect","floor":22.0},{"not_picked":["Crescendo","ReachHeaven"],"picked":"Wallop","floor":28},{"not_picked":["CrushJoints","Halt"],"picked":"Evaluate+1","floor":31}],"player_experience":435267,"relics_obtained":[{"floor":7.0,"key":"TeardropLocket"},{"floor":9.0,"key":"Potion Belt"}],"event_choices":[{"cards_removed":["Strike_P"],"damage_healed":0.0,"max_hp_gain":0.0,"max_hp_loss":0.0,"gold_gain":0.0,"event_name":"Purifier","player_choice":"Purged","floor":11.0,"gold_loss":0.0,"damage_taken":0.0},{"damage_healed":0.0,"max_hp_gain":0.0,"max_hp_loss":0.0,"gold_gain":250.0,"event_name":"The Joust","player_choice":"Bet on Owner","floor":21.0,"gold_loss":50.0,"damage_taken":0.0},{"damage_healed":0,"gold_gain":0,"player_choice":"Copied","damage_taken":0,"max_hp_gain":0,"max_hp_loss":0,"event_name":"Duplicator","floor":30,"gold_loss":0,"cards_obtained":["Wallop"]}],"is_beta":true,"boss_relics":[{"not_picked":["Astrolabe","Coffee Dripper"],"picked":"Cursed Key"}],"items_purged_floors":[14,25],"is_endless":false,"potions_floor_spawned":[2,3,13,16,18,20],"killed_by":"Champ","ascension_level":20}}