{"host":"j61pjxqytd94o6ng","time":1609641890,"event":{"mods":["BaseMod","Bestiary","Colored Map","Colored Powertips","Curses Come First","Minty Spire (QoL Compilation)","StSLib"],"gold_per_floor":[17,29,29,29,47,47,65,106,106,181,210,253,253,289,289,372,372,368,397,55,75,75,75,110,110,110],"floor_reached":25,"playtime":1165,"items_purged":["Strike_G"],"score":422,"play_id":"85b63c6e-0218-410d-8ddb-8ed1a194aacb","local_time":"20210102194450","is_ascension_mode":true,"campfire_choices":[{"data":"Cloak And Dagger","floor":6.0,"key":"SMITH"},{"data":"Burst","floor":13.0,"key":"SMITH"},{"data":"Blade Dance","floor":15.0,"key":"SMITH"},{"data":"Calculated Gamble","floor":23,"key":"SMITH"}],"circlet_count":0,"master_deck":["AscendersBane","Strike_G","Strike_G","Strike_G","Strike_G","Defend_G","Defend_G","Defend_G","Defend_G","Defend_G","Survivor","Neutralize","A Thousand Cuts+1","Escape Plan","Cloak And Dagger+1","Backflip","Well Laid Plans","Blade Dance+1","PiercingWail","Burst+1","Blade Dance","After Image","Accuracy","Acrobatics+1","Noxious Fumes","Calculated Gamble+1","Escape Plan","Cloak And Dagger"],"relics":["Ring of the Snake","CultistMask","CeramicFish","Question Card","Eternal Feather","Smiling Mask","Black Star","Frozen Eye","Oddly Smooth Stone","Pear"],"acts_visited":["Exordium","TheCity"],"potions_floor_usage":[16,24,24],"damage_taken":[{"damage":1.0,"enemies":"Jaw Worm","floor":1.0,"turns":5.0},{"damage":0.0,"enemies":"2 Louse","floor":2.0,"turns":4.0},{"damage":0.0,"enemies":"Cultist","floor":5.0,"turns":4.0},{"damage":0.0,"enemies":"3 Louse","floor":7.0,"turns":2.0},{"damage":2.0,"enemies":"Lagavulin","floor":8.0,"turns":5.0},{"damage":4.0,"enemies":"2 Fungi Beasts","floor":11.0,"turns":3.0},{"damage":7.0,"enemies":"3 Sentries","floor":12.0,"turns":5.0},{"damage":23.0,"enemies":"Gremlin Nob","floor":14.0,"turns":4.0},{"damage":14,"enemies":"The Guardian","floor":16,"turns":9},{"damage":8,"enemies":"2 Thieves","floor":18,"turns":4},{"damage":1,"enemies":"Spheric Guardian","floor":19,"turns":3},{"damage":23,"enemies":"Shelled Parasite and Fungi","floor":21,"turns":5},{"damage":22,"enemies":"Slavers","floor":24,"turns":7},{"damage":28,"enemies":"Snecko","floor":25,"turns":6}],"seed_played":"-7938124392829087097","potions_obtained":[{"floor":1.0,"key":"Strength Potion"},{"floor":2.0,"key":"Energy Potion"},{"floor":7.0,"key":"SkillPotion"},{"floor":12.0,"key":"CultistPotion"},{"floor":14.0,"key":"PowerPotion"},{"floor":22,"key":"BlessingOfTheForge"},{"floor":22,"key":"ColorlessPotion"},{"floor":24,"key":"BlessingOfTheForge"}],"is_trial":false,"path_per_floor":["M","M","?","?","M","R","M","E","T","?","M","E","R","E","R","B",null,"M","M","$","M","?","R","E","M"],"character_chosen":"THE_SILENT","items_purchased":["Noxious Fumes","Calculated Gamble","Frozen Eye"],"campfire_rested":0,"item_purchase_floors":[20,20,20],"current_hp_per_floor":[58,58,58,58,58,58,58,56,56,45,41,34,46,23,35,21,55,47,46,46,23,23,38,26,0,0],"gold":110,"neow_bonus":"THREE_RARE_CARDS","is_daily":false,"chose_seed":false,"campfire_upgraded":4,"win_rate":0.0,"timestamp":1609641890,"path_taken":["M","M","?","?","M","R","?","E","T","?","M","E","R","E","R","BOSS","M","M","$","M","?","R","E","?"],"items_purchased_type":["Card","Card","Relic"],"build_version":"2020-12-22","purchased_purges":1,"victory":false,"max_hp_per_floor":[66,66,66,66,66,66,66,66,66,66,66,66,66,66,66,66,66,66,66,66,66,66,66,76,76,76],"card_choices":[{"not_picked":["Storm of Steel","Venomology"],"picked":"A Thousand Cuts","floor":0.0},{"not_picked":["Distraction","Choke"],"picked":"Escape Plan","floor":1.0},{"not_picked":["Flying Knee","Outmaneuver"],"picked":"Cloak And Dagger","floor":2.0},{"not_picked":["Catalyst","Dagger Spray"],"picked":"Backflip","floor":5.0},{"not_picked":["Slice","Choke"],"picked":"Well Laid Plans","floor":7.0},{"not_picked":["Flechettes","Bane"],"picked":"Blade Dance","floor":8.0},{"not_picked":["Deflect","Cloak And Dagger","Underhanded Strike"],"picked":"PiercingWail","floor":11.0},{"not_picked":["Blur","Bouncing Flask","Sucker Punch"],"picked":"Burst","floor":12.0},{"not_picked":["Underhanded Strike","Dagger Spray","Slice"],"picked":"Blade Dance","floor":14.0},{"not_picked":["Die Die Die","Glass Knife","Grand Finale"],"picked":"After Image","floor":16},{"not_picked":["Slice","Endless Agony","Crippling Poison"],"picked":"Accuracy","floor":18},{"not_picked":["Flying Knee","Flechettes","Dash"],"picked":"Acrobatics+1","floor":19},{"not_picked":["Outmaneuver","Slice","PiercingWail"],"picked":"Escape Plan","floor":21},{"not_picked":["Grand Finale","Setup","Bane"],"picked":"Cloak And Dagger","floor":24}],"player_experience":479355,"relics_obtained":[{"floor":8.0,"key":"CeramicFish"},{"floor":9.0,"key":"Question Card"},{"floor":12.0,"key":"Eternal Feather"},{"floor":14.0,"key":"Smiling Mask"},{"floor":24,"key":"Oddly Smooth Stone"},{"floor":24,"key":"Pear"}],"event_choices":[{"damage_healed":0.0,"max_hp_gain":0.0,"max_hp_loss":0.0,"gold_gain":0.0,"event_name":"Living Wall","player_choice":"Grow","floor":3.0,"gold_loss":0.0,"damage_taken":0.0,"cards_upgraded":["A Thousand Cuts"]},{"damage_healed":0.0,"max_hp_gain":0.0,"max_hp_loss":0.0,"gold_gain":0.0,"event_name":"FaceTrader","player_choice":"Trade","floor":4.0,"gold_loss":0.0,"damage_taken":0.0,"relics_obtained":["CultistMask"]},{"damage_healed":0.0,"max_hp_gain":0.0,"max_hp_loss":0.0,"gold_gain":75.0,"event_name":"World of Goop","player_choice":"Gather Gold","floor":10.0,"gold_loss":0.0,"damage_taken":11.0},{"damage_healed":0,"gold_gain":0,"player_choice":"Got Potions","damage_taken":0,"max_hp_gain":0,"max_hp_loss":0,"event_name":"Lab","floor":22,"gold_loss":0}],"is_beta":false,"boss_relics":[{"not_picked":["Velvet Choker","Astrolabe"],"picked":"Black Star"}],"items_purged_floors":[20],"is_endless":false,"potions_floor_spawned":[1,2,7,12,14,24],"killed_by":"Snecko","ascension_level":15}}