{"host":"480qzmvu0s2e3e6w","time":1609665467,"event":{"mods":["BaseMod","Colored Map","DeckTracker","Minty Spire (QoL Compilation)","StSLib","SuperFastMode"],"gold_per_floor":[117,42,42,58,58,86,103,122,148,166,166,182,61,71,71,143,143,157,188,156,156,156,156,167,167,167,186,204,204,7,34,34,105,105,117,117,128,146,146,146,146],"floor_reached":40,"playtime":1969,"items_purged":[],"score":761,"play_id":"3a278abb-3c7b-4b29-8aaa-80fab5903d1c","local_time":"20210103181747","is_ascension_mode":true,"campfire_choices":[{"data":"Sword Boomerang","floor":11.0,"key":"SMITH"},{"data":"True Grit","floor":15.0,"key":"SMITH"},{"data":"Barricade","floor":23,"key":"SMITH"},{"floor":25,"key":"REST"},{"data":"Body Slam","floor":29,"key":"SMITH"},{"floor":32,"key":"REST"}],"circlet_count":0,"master_deck":["AscendersBane","Strike_R","Defend_R","Defend_R","Defend_R","Defend_R","Bash","Metallicize","Sword Boomerang+1","Cleave","Evolve","Blood for Blood","Pummel","Body Slam+1","Barricade+1","True Grit+1","Ghostly Armor","Immolate","Iron Wave+1","Shrug It Off","Fiend Fire","Shrug It Off","Headbutt+1","Apotheosis+1","Juggernaut","Dark Embrace","Master of Strategy"],"relics":["Burning Blood","NeowsBlessing","Oddly Smooth Stone","Omamori","Mark of Pain","Red Mask","Molten Egg 2","Akabeko","Runic Pyramid"],"acts_visited":["Exordium","TheCity","TheBeyond"],"potions_floor_usage":[28,33],"damage_taken":[{"damage":0.0,"enemies":"Cultist","floor":1.0,"turns":1.0},{"damage":0.0,"enemies":"Small Slimes","floor":4.0,"turns":1.0},{"damage":0.0,"enemies":"Lagavulin","floor":6.0,"turns":1.0},{"damage":17.0,"enemies":"Jaw Worm","floor":7.0,"turns":5.0},{"damage":19.0,"enemies":"Looter","floor":8.0,"turns":4.0},{"damage":13.0,"enemies":"3 Louse","floor":10.0,"turns":4.0},{"damage":3.0,"enemies":"Large Slime","floor":12.0,"turns":6.0},{"damage":16.0,"enemies":"Red Slaver","floor":14.0,"turns":4.0},{"damage":31.0,"enemies":"Hexaghost","floor":16.0,"turns":18.0},{"damage":14.0,"enemies":"3 Byrds","floor":18.0,"turns":6.0},{"damage":52.0,"enemies":"Masked Bandits","floor":19.0,"turns":5.0},{"damage":10.0,"enemies":"2 Thieves","floor":20.0,"turns":5.0},{"damage":33,"enemies":"3 Cultists","floor":24,"turns":5},{"damage":12,"enemies":"Cultist and Chosen","floor":27,"turns":8},{"damage":13,"enemies":"Snake Plant","floor":28,"turns":7},{"damage":33,"enemies":"Slavers","floor":31,"turns":7},{"damage":66,"enemies":"Collector","floor":33,"turns":12},{"damage":9,"enemies":"3 Shapes","floor":35,"turns":4},{"damage":19,"enemies":"Orb Walker","floor":37,"turns":5},{"damage":42,"enemies":"Writhing Mass","floor":38,"turns":9},{"damage":54,"enemies":"Reptomancer","floor":40,"turns":3}],"seed_played":"5270058874123159271","potions_obtained":[{"floor":1.0,"key":"Swift Potion"},{"floor":6.0,"key":"SpeedPotion"},{"floor":7.0,"key":"Block Potion"},{"floor":16.0,"key":"Ancient Potion"},{"floor":19.0,"key":"PowerPotion"},{"floor":24,"key":"Weak Potion"},{"floor":28,"key":"Weak Potion"},{"floor":37,"key":"GamblersBrew"}],"is_trial":false,"path_per_floor":["M","?","?","M","?","E","M","M","T","M","R","M","$","M","R","B",null,"M","?","M","?","?","R","M","R","T","M","M","R","$","E","R","B",null,"M","?","M","M","?","E"],"character_chosen":"IRONCLAD","items_purchased":["Barricade","True Grit","Apotheosis"],"campfire_rested":2,"item_purchase_floors":[13,13,30],"current_hp_per_floor":[74,74,74,75,80,80,69,56,56,49,49,52,52,42,42,17,64,56,10,9,9,25,25,28,52,52,46,39,39,39,12,36,36,69,66,66,72,36,36,0,0],"gold":146,"neow_bonus":"THREE_ENEMY_KILL","is_daily":false,"chose_seed":false,"campfire_upgraded":4,"win_rate":0.0,"timestamp":1609665467,"path_taken":["M","?","?","?","?","E","M","M","T","M","R","M","$","M","R","BOSS","M","?","M","?","?","R","M","R","T","M","M","R","$","E","R","BOSS","M","?","M","?","?","E"],"items_purchased_type":["Card","Card","Card"],"build_version":"2020-12-22","purchased_purges":0,"victory":false,"max_hp_per_floor":[75,75,75,75,80,80,80,80,80,80,80,80,80,80,80,80,80,80,80,80,80,80,80,80,80,80,80,80,80,80,80,80,80,80,80,80,80,80,80,80,80],"card_choices":[{"not_picked":["Entrench","Clash"],"picked":"Metallicize","floor":1.0},{"not_picked":["Clash","Clothesline"],"picked":"Sword Boomerang","floor":4.0},{"not_picked":["Havoc","Sword Boomerang"],"picked":"Cleave","floor":6.0},{"not_picked":["Carnage","Wild Strike"],"picked":"Evolve","floor":7.0},{"not_picked":["Headbutt","Metallicize"],"picked":"Blood for Blood","floor":8.0},{"not_picked":["Cleave","Body Slam"],"picked":"Pummel","floor":10.0},{"not_picked":["Headbutt","Thunderclap"],"picked":"Body Slam","floor":12.0},{"not_picked":["Iron Wave","True Grit"],"picked":"Ghostly Armor","floor":14.0},{"not_picked":["Bludgeon","Juggernaut"],"picked":"Immolate","floor":16.0},{"not_picked":["Dropkick","Cleave"],"picked":"Iron Wave+1","floor":18.0},{"not_picked":["Perfected Strike","Clash+1","Wild Strike"],"picked":"SKIP","floor":20.0},{"not_picked":["True Grit","Anger","Warcry"],"picked":"SKIP","floor":24},{"not_picked":["True Grit","Fire Breathing"],"picked":"Shrug It Off","floor":27},{"not_picked":["Combust","Searing Blow+1"],"picked":"Headbutt+1","floor":28},{"not_picked":["Havoc","Whirlwind+1","Twin Strike+1"],"picked":"SKIP","floor":31},{"not_picked":["Demon Form","Brutality"],"picked":"Juggernaut","floor":33},{"not_picked":["Heavy Blade+1","Pommel Strike+1","Sword Boomerang+1"],"picked":"SKIP","floor":35},{"not_picked":["Headbutt+1","Cleave+1","Clothesline+1"],"picked":"SKIP","floor":37},{"not_picked":["Metallicize","Headbutt+1"],"picked":"Dark Embrace","floor":38},{"not_picked":["Transmutation","Bandage Up"],"picked":"Master of Strategy","floor":39}],"player_experience":658858,"relics_obtained":[{"floor":6.0,"key":"Oddly Smooth Stone"},{"floor":9.0,"key":"Omamori"},{"floor":19.0,"key":"Red Mask"},{"floor":26,"key":"Molten Egg 2"},{"floor":31,"key":"Akabeko"}],"event_choices":[{"cards_removed":["Strike_R"],"damage_healed":0.0,"max_hp_gain":0.0,"max_hp_loss":0.0,"gold_gain":0.0,"event_name":"The Cleric","player_choice":"Card Removal","floor":2.0,"gold_loss":75.0,"damage_taken":0.0},{"cards_removed":["Strike_R"],"damage_healed":0.0,"max_hp_gain":0.0,"max_hp_loss":0.0,"gold_gain":0.0,"event_name":"Bonfire Elementals","player_choice":"Offered Basic","floor":3.0,"gold_loss":0.0,"damage_taken":0.0},{"damage_healed":0.0,"max_hp_gain":5.0,"max_hp_loss":0.0,"gold_gain":0.0,"event_name":"Big Fish","player_choice":"Donut","floor":5.0,"gold_loss":0.0,"damage_taken":0.0},{"damage_healed":0.0,"max_hp_gain":0.0,"max_hp_loss":0.0,"gold_gain":0.0,"event_name":"Masked Bandits","player_choice":"Fought Bandits","floor":19.0,"gold_loss":0.0,"damage_taken":0.0},{"damage_healed":0.0,"max_hp_gain":0.0,"max_hp_loss":0.0,"gold_gain":0.0,"cards_transformed":["Strike_R","Strike_R"],"event_name":"Drug Dealer","player_choice":"Became Test Subject","floor":21.0,"gold_loss":0.0,"damage_taken":0.0,"cards_obtained":["Shrug It Off","Fiend Fire"]},{"damage_healed":16,"gold_gain":0,"player_choice":"Heal","damage_taken":0,"max_hp_gain":0,"max_hp_loss":0,"event_name":"The Library","floor":22,"gold_loss":0},{"damage_healed":0,"gold_gain":0,"player_choice":"Upgraded","damage_taken":0,"max_hp_gain":0,"max_hp_loss":0,"event_name":"Upgrade Shrine","floor":36,"gold_loss":0,"cards_upgraded":["Apotheosis"]},{"damage_healed":0,"gold_gain":0,"player_choice":"Memory 1","damage_taken":0,"max_hp_gain":0,"max_hp_loss":0,"event_name":"SensoryStone","floor":39,"gold_loss":0}],"is_beta":false,"boss_relics":[{"not_picked":["Sozu","Fusion Hammer"],"picked":"Mark of Pain"},{"not_picked":["Runic Dome","SacredBark"],"picked":"Runic Pyramid"}],"items_purged_floors":[],"is_endless":false,"potions_floor_spawned":[1,6,7,16,19,24,28,37,38],"killed_by":"Reptomancer","ascension_level":15}}