{"host":"5gusigds1c3jyr99","time":1609662714,"event":{"mods":["AchievementEnabler","Arknights The Spire","Astrologer","BaseMod","GungeonMod","Hermit","Marisa£¨Ùöéë¡¡Øª×âÞÞ£©","Minty Spire (QoL Compilation)","Permanent Neow","Replay The Spire","StSLib","The Bug Knight","The Cursed","The Death Knight","The Disciple","The Dragon Tamer","The Hierophant","The Jungle","The Poker Player","The Senshi","TheBandit"],"gold_per_floor":[109,123,123,138,158,189,189,44,44,44,44,64,64,64,64,183,246,246,246],"floor_reached":18,"playtime":1317,"items_purged":["astrologer:Strike"],"score":160,"play_id":"35247aac-7aa6-4b1d-8fac-424420414be4","local_time":"20210103173154","is_ascension_mode":false,"campfire_choices":[{"data":"astrologer:TheEmpress","floor":7,"key":"SMITH"},{"data":"astrologer:Alignment","floor":11,"key":"SMITH"},{"data":"astrologer:Moonlight","floor":15,"key":"SMITH"}],"circlet_count":0,"master_deck":["astrologer:Strike","astrologer:Strike","astrologer:Defend","astrologer:Defend","astrologer:Defend","astrologer:NorthStar","astrologer:TheFool","astrologer:Alignment+1","astrologer:Radiance","astrologer:Stardust","astrologer:Moonlight+1","astrologer:SolarFlare+1","astrologer:TheEmpress+1","astrologer:StarOfRegret","astrologer:Fate","astrologer:WheelofFortune"],"relics":["astrologer:SkyMirror","DemoMod:PartiallyEatenCheese","Ornamental Fan","Golden Idol","Tiny House"],"acts_visited":["Exordium","TheCity"],"potions_floor_usage":[6],"damage_taken":[{"damage":0.0,"enemies":"Cultist","floor":1.0,"turns":4.0},{"damage":0,"enemies":"2 Louse","floor":2,"turns":2},{"damage":0,"enemies":"Small Slimes","floor":4,"turns":3},{"damage":4,"enemies":"2 Fungi Beasts","floor":5,"turns":3},{"damage":7,"enemies":"Gremlin Nob","floor":6,"turns":3},{"damage":0,"enemies":"Large Slime","floor":12,"turns":3},{"damage":35,"enemies":"Hexaghost","floor":16,"turns":10},{"damage":10,"enemies":"3 Byrds","floor":18,"turns":3}],"seed_played":"8844835992873142037","potions_obtained":[{"floor":1,"key":"Energy Potion"},{"floor":2,"key":"Fire Potion"},{"floor":4,"key":"Ancient Potion"},{"floor":16,"key":"BlessingOfTheForge"},{"floor":17,"key":"LifebloodPotion"}],"is_trial":false,"path_per_floor":["M","M","?","M","M","E","R","$","T","?","R","M","?","?","R","B",null,"M"],"character_chosen":"ASTROLOGER","items_purchased":["astrologer:StarOfRegret"],"campfire_rested":0,"item_purchase_floors":[8],"current_hp_per_floor":[70,70,70,70,66,59,59,59,59,59,59,59,42,42,42,7,75,65,65],"gold":246,"neow_bonus":"ONE_RANDOM_RARE_CARD","is_daily":false,"chose_seed":false,"campfire_upgraded":3,"win_rate":0.0,"timestamp":1609662714,"path_taken":["M","M","?","?","M","E","R","$","T","?","R","M","?","?","R","BOSS","M"],"items_purchased_type":["Card"],"build_version":"2020-12-22","purchased_purges":1,"victory":false,"max_hp_per_floor":[70,70,70,70,70,70,70,70,70,70,70,70,70,70,70,70,75,75,75],"card_choices":[{"not_picked":["astrologer:Conjunction","astrologer:Premeditation"],"picked":"astrologer:Radiance","floor":1},{"not_picked":["astrologer:CometStrike","astrologer:Conjunction"],"picked":"astrologer:Stardust","floor":2},{"not_picked":["astrologer:SpaceDust","astrologer:Still","astrologer:Opposition"],"picked":"SKIP","floor":4},{"not_picked":["astrologer:Still","astrologer:Confirmation"],"picked":"astrologer:SolarFlare","floor":5},{"not_picked":["astrologer:Glimpse","astrologer:Shine"],"picked":"astrologer:TheEmpress","floor":6},{"not_picked":["astrologer:Premeditation","astrologer:TheEmpress","astrologer:Confirmation"],"picked":"SKIP","floor":12},{"not_picked":["astrologer:RejectReality","astrologer:Fate"],"picked":"astrologer:WheelofFortune","floor":16}],"player_experience":590075,"relics_obtained":[{"floor":6,"key":"DemoMod:PartiallyEatenCheese"},{"floor":9,"key":"Ornamental Fan"}],"event_choices":[{"damage_healed":0,"gold_gain":0,"cards_transformed":["astrologer:Strike"],"player_choice":"Transformed","damage_taken":0,"max_hp_gain":0,"max_hp_loss":0,"event_name":"Transmorgrifier","floor":3,"gold_loss":0,"cards_obtained":["astrologer:Moonlight"]},{"damage_healed":0,"gold_gain":0,"player_choice":"Ignored","damage_taken":0,"max_hp_gain":0,"max_hp_loss":0,"event_name":"Liars Game","floor":10,"gold_loss":0},{"damage_healed":0,"gold_gain":0,"player_choice":"Take Damage","damage_taken":17,"relics_obtained":["Golden Idol"],"max_hp_gain":0,"max_hp_loss":0,"event_name":"Golden Idol","floor":13,"gold_loss":0},{"damage_healed":0,"gold_gain":0,"cards_transformed":["astrologer:Defend"],"player_choice":"Change","damage_taken":0,"max_hp_gain":0,"max_hp_loss":0,"event_name":"Living Wall","floor":14,"gold_loss":0,"cards_obtained":["astrologer:Fate"]}],"is_beta":false,"boss_relics":[{"not_picked":["Replay:Ancient Bell","Replay:Bronze Core"],"picked":"Tiny House"}],"items_purged_floors":[8],"is_endless":false,"potions_floor_spawned":[1,2,4,16],"killed_by":"3 Byrds","ascension_level":0}}