{"host":"v1sr5h8q0mijnzs9","time":1609711239,"event":{"mods":["AchievementEnabler","Arknights The Spire","BaseMod","Bestiary","Better Altar","Better Match","Better Note","Better Sensory Stone","Better Skull","Better Third Choice","BetterRewards","Colored Map","Colored Powertips","Downfall","Duelist Mod","Evolution","Friendly Minions","GifTheSpireLib","Googly Eyes","Hero for Fun","Highlight Path","Hubris","Infinite Spire","Jorbs\u0027s Wanderer Trilogy","Marisa????????","Minty Spire (QoL Compilation)","READ ME - Snecko Mod","Replay The Spire","Shop Mod","StSLib","SuperFastMode","The Animator","The Bug Knight","The Construct","The Cursed","The Death Knight","The Disciple","The Forsaken","The Jungle","The Necromancer","The Saiyan","The Servant 0.9.4","[IsaacMod]????"],"gold_per_floor":[119,132,307,307,382,409,32,32,32,48,48,60,70,97,97,97,97],"floor_reached":16,"playtime":1655,"items_purged":[],"score":135,"play_id":"7e48da2d-c351-4de6-95ba-54e2a20afc36","local_time":"20210103230039","is_ascension_mode":false,"campfire_choices":[{"floor":15,"key":"REST"}],"circlet_count":0,"master_deck":["ats:Strike C","ats:Strike G","ats:Strike S","ats:Strike V","ats:Armor Crushing Shot","ats:Defend","ats:Defend","ats:Defend","ats:Defend","ats:Emotion Absorption","BettingIsNotGood","ats:Beaten Up","ats:Healing Strengthening","Doubt","theForsaken:PlagueCurse","ats:Thorns","Transmutation","ats:Composite Medical Shells","ats:Wolf Pack","ats:Ignite","ats:Childhood Dance","ats:Hammer On"],"relics":["ats:Sanity","EVO:Axolotl","HushsDoor","NeowsBlessing","YumHeart","theForsaken:PlagueMask","ats:Originium","ats:Hidden Killer","Chemical X","DeathKnight:PutricidesVial","infinitespire:Beetle Shell","hubris:GlazedTorus"],"acts_visited":["Exordium"],"potions_floor_usage":[14,14,16,16,16,16,16],"damage_taken":[{"damage":3.0,"enemies":"2 Louse","floor":1.0,"turns":1.0},{"damage":0,"enemies":"Small Slimes","floor":2,"turns":1},{"damage":0,"enemies":"Gremlin Nob","floor":6,"turns":1},{"damage":14,"enemies":"Jaw Worm","floor":10,"turns":4},{"damage":15,"enemies":"2 Fungi Beasts","floor":12,"turns":4},{"damage":0,"enemies":"3 Louse","floor":13,"turns":2},{"damage":32,"enemies":"HollowMod:MossKnight","floor":14,"turns":9},{"damage":52,"enemies":"The Guardian","floor":16,"turns":9}],"seed_played":"-2437669173991989329","potions_obtained":[{"floor":10,"key":"hexamod:EctoCoolerPotion"},{"floor":12,"key":"FearPotion"},{"floor":13,"key":"EssenceOfSteel"}],"is_trial":false,"path_per_floor":["M","M","?","?","?","E","$","T","T","M","?","M","M","E","R","B"],"character_chosen":"DOCTOR_CLASS","items_purchased":["Chemical X","Transmutation","ats:Composite Medical Shells"],"campfire_rested":1,"item_purchase_floors":[7,7,7],"current_hp_per_floor":[69,72,72,72,61,61,61,61,61,72,72,62,62,30,51,0,0],"gold":97,"neow_bonus":"THREE_ENEMY_KILL","is_daily":false,"chose_seed":false,"campfire_upgraded":0,"win_rate":0.0,"timestamp":1609711239,"path_taken":["M","M","?","?","?","E","$","?","T","M","?","M","?","E","R","BOSS"],"items_purchased_type":["Relic","Card","Card"],"build_version":"2020-12-22","purchased_purges":0,"victory":false,"max_hp_per_floor":[72,72,72,72,72,72,72,72,72,72,72,72,72,72,72,72,72],"card_choices":[{"not_picked":[],"picked":"BettingIsNotGood","floor":0.0},{"not_picked":["ats:Curse Doll","ats:Consecutive Shot Auto"],"picked":"ats:Beaten Up","floor":1},{"not_picked":["ats:Guardian Obelisk","ats:Consecutive Shot Auto"],"picked":"ats:Healing Strengthening","floor":2},{"not_picked":["ats:Assault Order","ats:Flame Of Heaven"],"picked":"ats:Thorns","floor":6},{"not_picked":["ats:Hook Shot","ats:Shell Defense"],"picked":"ats:Wolf Pack","floor":10},{"not_picked":["ats:Powerful Strike","ats:Hammer On"],"picked":"ats:Ignite","floor":12},{"not_picked":["ats:Assault Order","ats:Directed Diagnosis"],"picked":"ats:Childhood Dance","floor":13},{"not_picked":["ats:Sword Rain","ats:Apocalypse"],"picked":"ats:Hammer On","floor":14}],"player_experience":112495,"relics_obtained":[{"floor":6,"key":"ats:Originium"},{"floor":6,"key":"ats:Hidden Killer"},{"floor":8,"key":"DeathKnight:PutricidesVial"},{"floor":9,"key":"infinitespire:Beetle Shell"},{"floor":14,"key":"ats:Originium"},{"floor":14,"key":"hubris:GlazedTorus"}],"event_choices":[{"damage_healed":0,"gold_gain":175,"player_choice":"AGREE","damage_taken":132,"max_hp_gain":0,"max_hp_loss":0,"event_name":"betterThird:BetterSerpent","floor":3,"gold_loss":0},{"damage_healed":0,"gold_gain":0,"player_choice":"Obtain Plague Curse","damage_taken":0,"max_hp_gain":0,"max_hp_loss":0,"event_name":"Plague Doctor","floor":4,"gold_loss":0,"cards_obtained":["theForsaken:PlagueCurse"]},{"damage_healed":0,"gold_gain":75,"player_choice":"Gold","damage_taken":11,"max_hp_gain":0,"max_hp_loss":0,"event_name":"betterThird:BetterGoop","floor":5,"gold_loss":0}],"is_beta":false,"boss_relics":[],"items_purged_floors":[],"is_endless":false,"potions_floor_spawned":[10,12,13],"killed_by":"The Guardian","ascension_level":0}}