{"host":"gk9qdtkqd8dwfeg2","time":1609649827,"event":{"mods":["Aspiration","BaseMod","Colored Powertips","KomeijiMod","Minty Spire (QoL Compilation)","Quick Restart","Replay The Spire","Shop Mod","StSLib","TestMod","The Gatherer","The Servant 0.9.4","Waifu the Spire","WarShipGirlsR/’ΩΩ¢…Ÿ≈ÆR mod","Yuri Mod"],"gold_per_floor":[116,130,90,107,120,120,131,163,163,163,7,38,55,5,5,101,101,116,41,41,41,5,31,41,41,41,116,116,116,116,69,69,69,69],"floor_reached":33,"playtime":797,"items_purged":["Strike_R"],"score":379,"play_id":"f7fd873c-67d1-4516-a36d-667656839126","local_time":"20210103125707","is_ascension_mode":true,"campfire_choices":[{"data":"Armaments","floor":6.0,"key":"SMITH"},{"data":"Bash","floor":10.0,"key":"SMITH"},{"data":"True Grit","floor":15.0,"key":"SMITH"},{"floor":25.0,"key":"REST"},{"data":"Demon Form","floor":29.0,"key":"SMITH"},{"floor":32.0,"key":"REST"}],"circlet_count":0,"master_deck":["Defend_R+1","Bash+1","Combust","Armaments+1","Clash","Second Wind+1","Dark Embrace","True Grit+1","Fiend Fire","Second Wind","Demon Form+1","Feel No Pain","Sword Boomerang","Shrug It Off","Shrug It Off"],"relics":["Burning Blood","testmod-TestBox","testmod-Temperance","NeowsBlessing","yuri:PortableGlitches","testmod-ObsoleteBoomerang","testmod-OneHitWonder","testmod-PortableAltar","Pocketwatch","White Beast Statue","War Paint"],"acts_visited":["Exordium","TheCity"],"potions_floor_usage":[],"damage_taken":[{"damage":0.0,"enemies":"Small Slimes","floor":1.0,"turns":1.0},{"damage":0.0,"enemies":"Cultist","floor":2.0,"turns":1.0},{"damage":0.0,"enemies":"2 Louse","floor":4.0,"turns":1.0},{"damage":8.0,"enemies":"Blue Slaver","floor":5.0,"turns":3.0},{"damage":7.0,"enemies":"Looter","floor":7.0,"turns":3.0},{"damage":23.0,"enemies":"Lagavulin","floor":8.0,"turns":5.0},{"damage":30.0,"enemies":"3 Sentries","floor":12.0,"turns":5.0},{"damage":14.0,"enemies":"Exordium Wildlife","floor":13.0,"turns":4.0},{"damage":47.0,"enemies":"Fading Forest","floor":16.0,"turns":11.0},{"damage":24.0,"enemies":"Shell Parasite","floor":18.0,"turns":4.0},{"damage":39.0,"enemies":"Replay:Snechameleon","floor":23.0,"turns":6.0},{"damage":4.0,"enemies":"3 Byrds","floor":24.0,"turns":5.0},{"damage":46,"enemies":"Automaton","floor":33,"turns":4}],"seed_played":"-349002746880686902","potions_obtained":[{"floor":3.0,"key":"JyouchiReiPotion"},{"floor":3.0,"key":"Elixir"},{"floor":3.0,"key":"Energy Potion"},{"floor":7.0,"key":"Death Potion"},{"floor":13.0,"key":"Ancient Potion"},{"floor":18.0,"key":"Weak Potion"}],"is_trial":false,"path_per_floor":["M","M","?","M","M","R","M","E","T","R","$","E","M","?","R","B",null,"M","$","?","?","$","E","M","R","T","?","?","R","$","$","R","B"],"character_chosen":"IRONCLAD","items_purchased":["Second Wind","Dark Embrace","Feel No Pain","Shrug It Off"],"campfire_rested":2,"item_purchase_floors":[11,11,22,31],"current_hp_per_floor":[78,80,80,80,78,78,77,60,60,60,60,36,28,28,28,15,64,46,46,46,61,61,28,30,51,51,34,22,22,22,22,43,0,0],"gold":69,"neow_bonus":"THREE_ENEMY_KILL","is_daily":false,"chose_seed":false,"campfire_upgraded":4,"win_rate":0.0,"timestamp":1609649827,"path_taken":["M","M","?","M","M","R","M","E","T","R","$","E","?","?","R","BOSS","M","$","?","?","?","E","M","R","T","?","?","R","?","$","R","BOSS"],"items_purchased_type":["Card","Card","Card","Card"],"build_version":"2020-12-22","purchased_purges":1,"victory":false,"max_hp_per_floor":[80,80,80,80,80,80,80,80,80,80,80,80,80,80,80,80,80,79,78,77,76,75,74,73,72,71,70,74,73,72,71,70,69,69],"card_choices":[{"not_picked":["Warcry","Disarm"],"picked":"Combust","floor":1.0},{"not_picked":["Dropkick","Run Through"],"picked":"Armaments","floor":2.0},{"not_picked":["Heavy Blade","Warcry"],"picked":"Clash","floor":4.0},{"not_picked":["Pommel Strike","Wild Strike","ReplayTheSpireMod:Strike From Hell"],"picked":"SKIP","floor":5.0},{"not_picked":["Searing Blow","Pommel Strike","Combust"],"picked":"SKIP","floor":7.0},{"not_picked":["Hemokinesis","Flex","Flame Barrier"],"picked":"SKIP","floor":8.0},{"not_picked":["Carnage","Pummel","Shrug It Off"],"picked":"SKIP","floor":12.0},{"not_picked":["Shrug It Off","Intimidate"],"picked":"True Grit","floor":13.0},{"not_picked":["Juggernaut","Immolate"],"picked":"Fiend Fire","floor":16.0},{"not_picked":["Flex","Replay:Undeath\u0027s Touch","ReplayTheSpireMod:LeadingStrike"],"picked":"SKIP","floor":18.0},{"not_picked":["ReplayTheSpireMod:Stacked+1","Exhume"],"picked":"Sword Boomerang","floor":23.0},{"not_picked":["ReplayTheSpireMod:Strike From Hell","Headbutt","Sword Boomerang+1"],"picked":"SKIP","floor":24.0},{"not_picked":["Headbutt","Massacre"],"picked":"Shrug It Off","floor":27.0}],"player_experience":602979,"relics_obtained":[{"floor":8.0,"key":"yuri:PortableGlitches"},{"floor":9.0,"key":"testmod-ObsoleteBoomerang"},{"floor":12.0,"key":"testmod-OneHitWonder"},{"floor":23.0,"key":"Pocketwatch"},{"floor":26.0,"key":"White Beast Statue"},{"floor":27.0,"key":"War Paint"}],"event_choices":[{"damage_healed":0.0,"max_hp_gain":0.0,"max_hp_loss":0.0,"gold_gain":0.0,"event_name":"The Woman in Blue","player_choice":"Bought 3 Potions","floor":3.0,"gold_loss":0.0,"damage_taken":0.0},{"cards_removed":["Strike_R"],"damage_healed":0.0,"max_hp_gain":0.0,"max_hp_loss":0.0,"gold_gain":0.0,"event_name":"The Cleric","player_choice":"Card Removal","floor":14.0,"gold_loss":50.0,"damage_taken":0.0},{"damage_healed":0.0,"max_hp_gain":0.0,"max_hp_loss":0.0,"gold_gain":0.0,"cards_transformed":["Strike_R","Defend_R"],"event_name":"Drug Dealer","player_choice":"Became Test Subject","floor":20.0,"gold_loss":0.0,"damage_taken":0.0,"cards_obtained":["Second Wind","Demon Form"]},{"damage_healed":0.0,"max_hp_gain":5.0,"max_hp_loss":0.0,"gold_gain":0.0,"event_name":"Forgotten Altar","player_choice":"Shed Blood","floor":28.0,"gold_loss":0.0,"damage_taken":17.0}],"is_beta":false,"boss_relics":[{"not_picked":["testmod-Nine","testmod-Recursion"],"picked":"testmod-PortableAltar"}],"items_purged_floors":[19],"is_endless":false,"potions_floor_spawned":[5,7,13,18],"killed_by":"Automaton","ascension_level":8}}