{"host":"d4km6p8r92tm3vpl","time":1609684519,"event":{"mods":["AchievementEnabler","BaseMod","Colored Map","Colored Powertips","DeckTracker","Minty Spire (QoL Compilation)","Relic Stats","StSLib"],"gold_per_floor":[112,42,42,42,59,59,86,106,106,9,9,9,23,48,48,151,151,162,178,30,45,55,55,89,89,112,144,156,56,56,67,67,166,166,186,206,14,14,14,42,42,42,42],"floor_reached":42,"playtime":1700,"items_purged":["Strike_G","Defend_G","Backstab"],"score":773,"play_id":"31050960-17c9-49ec-ab00-2019b518705f","local_time":"20210103093519","is_ascension_mode":true,"campfire_choices":[{"data":"Crippling Poison","floor":6,"key":"SMITH"},{"data":"Neutralize","floor":12,"key":"SMITH"},{"data":"Deadly Poison","floor":15,"key":"SMITH"},{"data":"Malaise","floor":23,"key":"SMITH"},{"data":"Defend_G","floor":30,"key":"SMITH"},{"data":"Die Die Die","floor":32,"key":"SMITH"},{"data":"Chrysalis","floor":41,"key":"SMITH"}],"circlet_count":0,"master_deck":["AscendersBane","Survivor","Neutralize+1","Deadly Poison+1","Crippling Poison+1","Flying Knee","Backflip+1","Flying Knee","Die Die Die+1","Dagger Spray","Malaise+1","Dagger Spray+1","Unload+1","Blade Dance+1","Dash+1","Backflip+1","Backflip+1","Wraith Form v2","Catalyst","Bullet Time","Riddle With Holes","Endless Agony","Deflect+1","Blur","Chrysalis+1","Dash"],"relics":["Coffee Dripper","MealTicket","Letter Opener","Pantograph","Astrolabe","Lee\u0027s Waffle","War Paint","Mummified Hand","Pandora\u0027s Box","Strawberry"],"acts_visited":["Exordium","TheCity","TheBeyond"],"potions_floor_usage":[7,24,33,33,42],"damage_taken":[{"damage":3,"enemies":"2 Louse","floor":1,"turns":3},{"damage":2,"enemies":"Jaw Worm","floor":5,"turns":5},{"damage":21,"enemies":"Lagavulin","floor":7,"turns":7},{"damage":0,"enemies":"Cultist","floor":8,"turns":3},{"damage":7,"enemies":"Large Slime","floor":13,"turns":6},{"damage":11,"enemies":"3 Sentries","floor":14,"turns":5},{"damage":29,"enemies":"The Guardian","floor":16,"turns":10},{"damage":17,"enemies":"2 Thieves","floor":18,"turns":3},{"damage":4,"enemies":"Spheric Guardian","floor":19,"turns":4},{"damage":3,"enemies":"Cultist and Chosen","floor":21,"turns":6},{"damage":9,"enemies":"3 Cultists","floor":22,"turns":4},{"damage":12,"enemies":"Book of Stabbing","floor":24,"turns":6},{"damage":0,"enemies":"Gremlin Leader","floor":27,"turns":7},{"damage":4,"enemies":"Chosen and Byrds","floor":28,"turns":6},{"damage":14,"enemies":"Centurion and Healer","floor":31,"turns":5},{"damage":44,"enemies":"Automaton","floor":33,"turns":13},{"damage":20,"enemies":"3 Darklings","floor":35,"turns":6},{"damage":21,"enemies":"Orb Walker","floor":36,"turns":3},{"damage":28,"enemies":"Nemesis","floor":40,"turns":9},{"damage":29,"enemies":"Giant Head","floor":42,"turns":7}],"seed_played":"4385815890251829963","potions_obtained":[{"floor":5,"key":"Swift Potion"},{"floor":8,"key":"BlessingOfTheForge"},{"floor":16,"key":"Poison Potion"},{"floor":24,"key":"LiquidMemories"},{"floor":35,"key":"LiquidMemories"}],"is_trial":false,"path_per_floor":["M","$","?","?","M","R","E","M","T","$","?","R","M","E","R","B",null,"M","M","$","M","M","R","E","?","T","E","M","$","R","M","R","B",null,"M","M","$","?","?","E","R","E"],"character_chosen":"THE_SILENT","items_purchased":["Crippling Poison","Flying Knee","Lee\u0027s Waffle","Blur"],"campfire_rested":0,"item_purchase_floors":[2,10,20,37],"current_hp_per_floor":[60,60,60,60,58,58,37,37,37,52,52,52,45,34,34,30,60,43,39,77,74,65,65,53,77,77,77,73,77,77,63,63,33,66,46,25,40,40,40,19,19,0,0],"gold":42,"neow_bonus":"BOSS_RELIC","is_daily":false,"chose_seed":false,"campfire_upgraded":7,"win_rate":0.0,"timestamp":1609684519,"path_taken":["M","$","?","?","M","R","E","?","T","$","?","R","M","E","R","BOSS","M","M","$","?","M","R","E","?","T","E","M","?","R","M","R","BOSS","M","M","$","?","?","E","R","E"],"items_purchased_type":["Card","Card","Relic","Card"],"build_version":"2020-12-22","purchased_purges":3,"victory":false,"max_hp_per_floor":[70,70,70,70,70,70,70,70,70,70,70,70,70,70,70,70,70,70,70,77,77,77,77,77,77,77,77,77,77,77,77,77,77,77,77,77,77,77,77,84,84,84,84],"relic_stats":{"Lee\u0027s Waffle":23,"counters":[20,118],"Mummified Hand":[0],"Pantograph":39,"Astrolabe":["Dagger Spray","Unload","Blade Dance"],"MealTicket":49,"Pandora\u0027s Box":["Catalyst","Bullet Time","Riddle With Holes","Endless Agony"],"Letter Opener":[180],"War Paint":["Defend_G","Backflip"],"obtain_stats":[{"Lee\u0027s Waffle":20,"Mummified Hand":27,"Pantograph":14,"Astrolabe":17,"Strawberry":40,"MealTicket":7,"Pandora\u0027s Box":34,"Coffee Dripper":0,"Letter Opener":9,"War Paint":24,"Ring of the Snake":0},{"Lee\u0027s Waffle":9,"Mummified Hand":13,"Pantograph":6,"Astrolabe":7,"Strawberry":19,"MealTicket":3,"Pandora\u0027s Box":16,"Coffee Dripper":0,"Letter Opener":4,"War Paint":12,"Ring of the Snake":0},{"Lee\u0027s Waffle":46,"Mummified Hand":69,"Pantograph":29,"Astrolabe":39,"Strawberry":111,"MealTicket":15,"Pandora\u0027s Box":93,"Coffee Dripper":0,"Letter Opener":18,"War Paint":62,"Ring of the Snake":0}]},"card_choices":[{"not_picked":["Deflect","Slice"],"picked":"Deadly Poison","floor":1},{"not_picked":["Deadly Poison","Outmaneuver"],"picked":"Backstab","floor":5},{"not_picked":["PiercingWail","Dagger Throw"],"picked":"Flying Knee","floor":7},{"not_picked":["Underhanded Strike","Well Laid Plans"],"picked":"Backflip","floor":8},{"not_picked":["Backflip","Deadly Poison","Prepared"],"picked":"SKIP","floor":13},{"not_picked":["Prepared","All Out Attack"],"picked":"Dagger Spray","floor":14},{"not_picked":["Envenom","After Image"],"picked":"Malaise","floor":16},{"not_picked":["Prepared","Finisher"],"picked":"Dash+1","floor":18},{"not_picked":["Dagger Spray","Backstab","Outmaneuver"],"picked":"SKIP","floor":19},{"not_picked":["Tactician","Acrobatics","Flying Knee+1"],"picked":"SKIP","floor":21},{"not_picked":["Tactician+1","Dagger Throw"],"picked":"Backflip+1","floor":22},{"not_picked":["Quick Slash","Sucker Punch","Acrobatics"],"picked":"SKIP","floor":24},{"not_picked":["Blade Dance","Escape Plan","Dodge and Roll"],"picked":"SKIP","floor":27},{"not_picked":["Dagger Throw","Acrobatics","Accuracy"],"picked":"SKIP","floor":28},{"not_picked":["Dagger Spray","Eviscerate"],"picked":"Backflip+1","floor":31},{"not_picked":["Storm of Steel","Tools of the Trade"],"picked":"Wraith Form v2","floor":33},{"not_picked":["Backflip","Deadly Poison+1"],"picked":"Deflect+1","floor":35},{"not_picked":["Infinite Blades","Expertise+1","Underhanded Strike"],"picked":"SKIP","floor":36},{"not_picked":["Secret Technique","Metamorphosis"],"picked":"Chrysalis","floor":39},{"not_picked":["All Out Attack","Underhanded Strike"],"picked":"Dash","floor":40}],"player_experience":806139,"relics_obtained":[{"floor":7,"key":"MealTicket"},{"floor":9,"key":"Letter Opener"},{"floor":14,"key":"Pantograph"},{"floor":24,"key":"War Paint"},{"floor":27,"key":"Mummified Hand"},{"floor":40,"key":"Strawberry"}],"event_choices":[{"damage_healed":0,"gold_gain":0,"player_choice":"Fled","damage_taken":0,"max_hp_gain":0,"max_hp_loss":0,"event_name":"Scrap Ooze","floor":3,"gold_loss":0},{"damage_healed":0,"gold_gain":0,"player_choice":"Ignored","damage_taken":0,"max_hp_gain":0,"max_hp_loss":0,"event_name":"WeMeetAgain","floor":4,"gold_loss":0},{"damage_healed":0,"gold_gain":0,"cards_transformed":["Strike_G"],"player_choice":"Transformed","damage_taken":0,"max_hp_gain":0,"max_hp_loss":0,"event_name":"Transmorgrifier","floor":11,"gold_loss":0,"cards_obtained":["Die Die Die"]},{"damage_healed":24,"gold_gain":0,"player_choice":"Full Heal","damage_taken":0,"max_hp_gain":0,"max_hp_loss":0,"event_name":"Wheel of Change","floor":25,"gold_loss":0},{"damage_healed":0,"gold_gain":0,"player_choice":"Ignored","damage_taken":0,"max_hp_gain":0,"max_hp_loss":0,"event_name":"Mysterious Sphere","floor":38,"gold_loss":0},{"damage_healed":0,"gold_gain":0,"player_choice":"Memory 1","damage_taken":0,"max_hp_gain":0,"max_hp_loss":0,"event_name":"SensoryStone","floor":39,"gold_loss":0}],"is_beta":false,"boss_relics":[{"not_picked":["Philosopher\u0027s Stone","SacredBark"],"picked":"Astrolabe"},{"not_picked":["Fusion Hammer","Empty Cage"],"picked":"Pandora\u0027s Box"}],"items_purged_floors":[10,29,37],"is_endless":false,"potions_floor_spawned":[5,8,16,18,19,24,28,31,35],"killed_by":"Giant Head","ascension_level":11}}