{"host":"yecadp3kwkksam5a","time":1609673510,"event":{"mods":["BaseMod","Minty Spire (QoL Compilation)","StSLib"],"gold_per_floor":[117,117,137,152,167,167,193,193,193,193,205,205,236,254,254,331,331,342,367,307,317,336,370,370,396,467,467,131,131,46,56,56,135,135,154,203,103,103,118,148,168,168,192,203,203,231,249,119,119,119,119,119,119,0,29,29],"floor_reached":57,"playtime":4801,"items_purged":["Strike_G","Strike_G","Strike_G","Defend_G"],"score":3245,"play_id":"fee6af33-1042-4b62-80c0-2873c9776dbc","local_time":"20210103203150","is_ascension_mode":true,"campfire_choices":[{"data":"Neutralize","floor":6.0,"key":"SMITH"},{"data":"Reflex","floor":8.0,"key":"SMITH"},{"data":"Acrobatics","floor":10,"key":"SMITH"},{"data":"Eviscerate","floor":15,"key":"SMITH"},{"data":"Calculated Gamble","floor":24,"key":"SMITH"},{"data":"Acrobatics","floor":27,"key":"SMITH"},{"data":"Prepared","floor":32,"key":"SMITH"},{"floor":42,"key":"RECALL"},{"data":"Prepared","floor":49,"key":"SMITH"},{"data":"Backflip","floor":53,"key":"SMITH"}],"circlet_count":0,"master_deck":["AscendersBane","Defend_G","Defend_G","Defend_G","Survivor","Neutralize+1","Backflip+1","Eviscerate+1","Acrobatics+1","Prepared+1","Acrobatics+1","Calculated Gamble+1","PiercingWail","Adrenaline","Reflex+1","Tactician+1","Well Laid Plans","Prepared+1","Concentrate+1"],"relics":["Ring of the Snake","Oddly Smooth Stone","The Courier","Philosopher\u0027s Stone","Red Mask","Vajra","Meat on the Bone","Anchor","OrangePellets","Snake Skull","HoveringKite","Mango","Eternal Feather","Akabeko","Kunai","TheAbacus","Strawberry"],"acts_visited":["Exordium","TheCity","TheBeyond","TheEnding"],"potions_floor_usage":[13],"damage_taken":[{"damage":4.0,"enemies":"Small Slimes","floor":1.0,"turns":5.0},{"damage":0.0,"enemies":"2 Louse","floor":3.0,"turns":4.0},{"damage":4.0,"enemies":"Jaw Worm","floor":4.0,"turns":4.0},{"damage":25.0,"enemies":"Large Slime","floor":5.0,"turns":17.0},{"damage":0.0,"enemies":"3 Sentries","floor":7.0,"turns":2.0},{"damage":11,"enemies":"Exordium Wildlife","floor":11,"turns":7},{"damage":20,"enemies":"Lagavulin","floor":13,"turns":8},{"damage":3,"enemies":"2 Fungi Beasts","floor":14,"turns":3},{"damage":15,"enemies":"Hexaghost","floor":16,"turns":9},{"damage":11,"enemies":"2 Thieves","floor":18,"turns":4},{"damage":0,"enemies":"Masked Bandits","floor":19,"turns":1},{"damage":0,"enemies":"Chosen","floor":21,"turns":3},{"damage":1,"enemies":"Centurion and Healer","floor":22,"turns":5},{"damage":0,"enemies":"Slavers","floor":23,"turns":3},{"damage":0,"enemies":"Gremlin Leader","floor":25,"turns":1},{"damage":0,"enemies":"Chosen and Byrds","floor":31,"turns":2},{"damage":0,"enemies":"Automaton","floor":33,"turns":1},{"damage":0,"enemies":"3 Darklings","floor":35,"turns":1},{"damage":0,"enemies":"2 Orb Walkers","floor":36,"turns":1},{"damage":0,"enemies":"Orb Walker","floor":39,"turns":1},{"damage":0,"enemies":"Nemesis","floor":40,"turns":1},{"damage":0,"enemies":"Jaw Worm Horde","floor":41,"turns":1},{"damage":5,"enemies":"Sphere and 2 Shapes","floor":44,"turns":1},{"damage":0,"enemies":"Giant Head","floor":46,"turns":1},{"damage":0,"enemies":"3 Darklings","floor":47,"turns":1},{"damage":2,"enemies":"Time Eater","floor":50,"turns":2},{"damage":0,"enemies":"Donu and Deca","floor":51,"turns":1},{"damage":0,"enemies":"Shield and Spear","floor":55,"turns":1},{"damage":2,"enemies":"The Heart","floor":56,"turns":5}],"seed_played":"3775520572831706557","potions_obtained":[{"floor":3.0,"key":"SteroidPotion"},{"floor":4.0,"key":"Explosive Potion"},{"floor":14,"key":"GamblersBrew"},{"floor":23,"key":"FairyPotion"}],"is_trial":false,"path_per_floor":["M","?","M","M","M","R","E","R","T","R","M","?","E","M","R","B",null,"M","?","$","M","M","E","R","E","T","R","$","?","?","M","R","B",null,"M","?","$","?","M","E","M","R","T","M","?","E","M","$","R","B","B",null,"R","$","E","B",null],"character_chosen":"THE_SILENT","items_purchased":["Anchor","OrangePellets","TheAbacus"],"campfire_rested":0,"item_purchase_floors":[28,28,48],"current_hp_per_floor":[55,48,48,44,62,62,62,62,62,62,51,56,36,33,33,18,58,47,47,47,47,46,46,46,46,46,46,46,46,46,46,46,46,65,65,79,79,79,79,79,79,85,85,80,70,70,70,70,82,80,80,84,85,85,92,90],"gold":29,"neow_bonus":"TRANSFORM_CARD","is_daily":false,"chose_seed":false,"campfire_upgraded":9,"win_rate":0.0,"timestamp":1609673510,"path_taken":["M","?","M","M","M","R","E","R","T","R","M","?","E","M","R","BOSS","M","?","$","M","M","E","R","E","T","R","$","?","?","M","R","BOSS","M","?","$","?","?","E","M","R","T","M","?","E","M","$","R","BOSS","BOSS","R","$","E","BOSS"],"items_purchased_type":["Relic","Relic","Relic"],"build_version":"2020-12-22","purchased_purges":4,"victory":true,"max_hp_per_floor":[66,66,66,66,66,66,66,66,66,66,66,71,71,71,71,71,71,71,71,71,71,71,71,71,71,71,71,71,71,71,71,71,71,71,71,85,85,85,85,85,85,85,85,85,85,85,85,85,85,85,85,85,85,85,92,92],"card_choices":[{"not_picked":["Poisoned Stab","Deflect"],"picked":"Eviscerate","floor":1.0},{"not_picked":["Leg Sweep","Deadly Poison","Backflip"],"picked":"SKIP","floor":3.0},{"not_picked":["Slice","Masterful Stab","Cloak And Dagger"],"picked":"SKIP","floor":4.0},{"not_picked":["Distraction","Deadly Poison"],"picked":"Reflex","floor":5.0},{"not_picked":["Glass Knife","Catalyst"],"picked":"Acrobatics","floor":7.0},{"not_picked":["Deflect","Quick Slash","Underhanded Strike"],"picked":"SKIP","floor":11},{"not_picked":["Envenom","Deflect"],"picked":"Prepared","floor":13},{"not_picked":["Dagger Spray","Backflip"],"picked":"Acrobatics","floor":14},{"not_picked":["Footwork","Slice"],"picked":"Calculated Gamble","floor":18},{"not_picked":["Slice","Distraction+1"],"picked":"PiercingWail","floor":19},{"not_picked":["Dagger Spray","Backflip","Dash"],"picked":"SKIP","floor":21},{"not_picked":["Bouncing Flask+1","PiercingWail","Slice"],"picked":"SKIP","floor":22},{"not_picked":["Riddle With Holes","Leg Sweep"],"picked":"Adrenaline","floor":23},{"not_picked":["Dodge and Roll","Bane","PiercingWail"],"picked":"SKIP","floor":25},{"not_picked":["Dagger Spray","Caltrops"],"picked":"Prepared","floor":31},{"not_picked":["Masterful Stab","Deflect"],"picked":"Concentrate+1","floor":35},{"not_picked":["Poisoned Stab","Distraction","Heel Hook"],"picked":"SKIP","floor":39},{"not_picked":["Blade Dance","Dagger Spray","Heel Hook+1"],"picked":"SKIP","floor":40},{"not_picked":["Blade Dance","Dagger Spray","Heel Hook+1"],"picked":"SKIP","floor":40},{"not_picked":["Catalyst","Concentrate","Crippling Poison"],"picked":"SKIP","floor":41},{"not_picked":["Choke","Infinite Blades","Poisoned Stab"],"picked":"SKIP","floor":44},{"not_picked":["Dodge and Roll","Well Laid Plans+1","Prepared"],"picked":"SKIP","floor":46},{"not_picked":["Underhanded Strike+1","Setup+1","Cloak And Dagger"],"picked":"SKIP","floor":47},{"not_picked":["Noxious Fumes","Slice+1","Predator+1"],"picked":"SKIP","floor":55}],"player_experience":324764,"relics_obtained":[{"floor":7.0,"key":"Oddly Smooth Stone"},{"floor":13,"key":"The Courier"},{"floor":19,"key":"Red Mask"},{"floor":23,"key":"Vajra"},{"floor":26,"key":"Meat on the Bone"},{"floor":36,"key":"Mango"},{"floor":40,"key":"Eternal Feather"},{"floor":43,"key":"Akabeko"},{"floor":46,"key":"Kunai"},{"floor":55,"key":"Strawberry"}],"event_choices":[{"cards_removed":["Strike_G"],"damage_healed":0.0,"max_hp_gain":0.0,"max_hp_loss":0.0,"gold_gain":0.0,"event_name":"Golden Wing","player_choice":"Card Removal","floor":2.0,"gold_loss":0.0,"damage_taken":7.0},{"damage_healed":0,"gold_gain":0,"player_choice":"Donut","damage_taken":0,"max_hp_gain":5,"max_hp_loss":0,"event_name":"Big Fish","floor":12,"gold_loss":0},{"damage_healed":0,"gold_gain":0,"player_choice":"Fought Bandits","damage_taken":0,"max_hp_gain":0,"max_hp_loss":0,"event_name":"Masked Bandits","floor":19,"gold_loss":0},{"damage_healed":0,"gold_gain":0,"player_choice":"Read","damage_taken":0,"max_hp_gain":0,"max_hp_loss":0,"event_name":"The Library","floor":29,"gold_loss":0,"cards_obtained":["Well Laid Plans"]},{"damage_healed":0,"gold_gain":0,"player_choice":"Obtained Relic","damage_taken":0,"relics_obtained":["Snake Skull"],"max_hp_gain":0,"max_hp_loss":0,"event_name":"Addict","floor":30,"gold_loss":85},{"damage_healed":0,"gold_gain":0,"player_choice":"Fight","damage_taken":0,"max_hp_gain":0,"max_hp_loss":0,"event_name":"Mysterious Sphere","floor":36,"gold_loss":0},{"cards_removed":["Defend_G"],"damage_healed":0,"gold_gain":0,"player_choice":"Purged","damage_taken":0,"max_hp_gain":0,"max_hp_loss":0,"event_name":"Purifier","floor":38,"gold_loss":0},{"damage_healed":0,"gold_gain":0,"player_choice":"Memory 3","damage_taken":10,"max_hp_gain":0,"max_hp_loss":0,"event_name":"SensoryStone","floor":45,"gold_loss":0}],"is_beta":false,"boss_relics":[{"not_picked":["Ectoplasm","Calling Bell"],"picked":"Philosopher\u0027s Stone"},{"not_picked":["Ring of the Serpent","SacredBark"],"picked":"HoveringKite"}],"items_purged_floors":[20,28,37,54],"is_endless":false,"potions_floor_spawned":[3,4,5,14,18,19,23,33,40,41,44,46,55],"ascension_level":20}}