{"host":"v4tuy5ykrbdcm9o9","time":1609656346,"event":{"mods":["BaseMod","Duelist Mod","Minty Spire (QoL Compilation)","Replay The Spire","StSLib"],"gold_per_floor":[111,111,128,140,154,154,186,186,238,273,273,312,326,326],"floor_reached":13,"playtime":1257,"items_purged":[],"score":119,"play_id":"936ba869-f49b-4a2e-8960-84b59cf7f374","local_time":"20210103014546","is_ascension_mode":true,"campfire_choices":[{"data":"Cloak And Dagger","floor":6.0,"key":"SMITH"},{"floor":8.0,"key":"REST"},{"floor":11,"key":"REST"}],"circlet_count":0,"master_deck":["Strike_G","Strike_G","Strike_G","Strike_G","Strike_G","Defend_G","Defend_G","Defend_G","Defend_G","Survivor","Neutralize","ReplayTheSpireMod:Shiv Toss","Hidden Blade","Cloak And Dagger+1","Choke","Prepared","Footwork","Bane","Poisoned Stab"],"relics":["Ring of the Snake","Mummified Hand","Replay:Bandana","Ancient Tea Set"],"acts_visited":["Exordium"],"potions_floor_usage":[],"damage_taken":[{"damage":4.0,"enemies":"2 Louse","floor":1.0,"turns":4.0},{"damage":1.0,"enemies":"Cultist","floor":3.0,"turns":5.0},{"damage":3.0,"enemies":"Jaw Worm","floor":4.0,"turns":5.0},{"damage":10.0,"enemies":"Gremlin Gang","floor":5.0,"turns":7.0},{"damage":42.0,"enemies":"Lagavulin","floor":7.0,"turns":7.0},{"damage":28.0,"enemies":"Gremlin Nob","floor":10.0,"turns":5.0},{"damage":0,"enemies":"Exordium Thugs","floor":12,"turns":4},{"damage":0,"enemies":"3 Sentries","floor":13,"turns":3}],"seed_played":"-2423901963035802716","potions_obtained":[{"floor":7.0,"key":"SkillPotion"}],"is_trial":false,"path_per_floor":["M","?","M","M","M","R","E","R","T","E","R","M","E"],"character_chosen":"THE_SILENT","items_purchased":[],"campfire_rested":2,"item_purchase_floors":[],"current_hp_per_floor":[66,66,65,62,52,52,10,31,31,3,24,24,24,24],"gold":326,"neow_bonus":"THREE_CARDS","is_daily":false,"chose_seed":false,"campfire_upgraded":1,"win_rate":0.0,"timestamp":1609656346,"path_taken":["M","?","M","M","M","R","E","R","T","E","R","?","E"],"items_purchased_type":[],"build_version":"2020-12-22","purchased_purges":0,"victory":false,"max_hp_per_floor":[70,70,70,70,70,70,70,70,70,70,70,70,70,70],"card_choices":[{"not_picked":["Choke","Hidden Blade"],"picked":"ReplayTheSpireMod:Shiv Toss","floor":0.0},{"not_picked":["Cloak And Dagger","Acrobatics"],"picked":"Hidden Blade","floor":1.0},{"not_picked":["Acrobatics","Flying Knee"],"picked":"Cloak And Dagger","floor":3.0},{"not_picked":["Acrobatics","Deadly Poison"],"picked":"Choke","floor":4.0},{"not_picked":["Underhanded Strike","Riddle With Holes"],"picked":"Prepared","floor":5.0},{"not_picked":["Eviscerate","ReplayTheSpireMod:Tripwire"],"picked":"Footwork","floor":7.0},{"not_picked":["Prepared","Backflip"],"picked":"Bane","floor":10.0},{"not_picked":["Dodge and Roll","Prepared"],"picked":"Poisoned Stab","floor":12}],"player_experience":537174,"relics_obtained":[{"floor":7.0,"key":"Mummified Hand"},{"floor":9.0,"key":"Replay:Bandana"},{"floor":10.0,"key":"Ancient Tea Set"}],"event_choices":[{"cards_removed":["Defend_G"],"damage_healed":0.0,"max_hp_gain":0.0,"max_hp_loss":0.0,"gold_gain":0.0,"event_name":"Purifier","player_choice":"Purged","floor":2.0,"gold_loss":0.0,"damage_taken":0.0}],"is_beta":false,"boss_relics":[],"items_purged_floors":[],"is_endless":false,"potions_floor_spawned":[7],"killed_by":"3 Sentries","ascension_level":5}}