{"host":"hjw1ay65n7jm40lc","time":1609714302,"event":{"mods":["AchievementEnabler","BaseMod","Block Reminder","Colored Map","Colored Powertips","Curses Come First","Downfall","Googly Eyes","Hermit","Highlight Path","Jorbs\u0027s Wanderer Trilogy","Minty Spire (QoL Compilation)","Quick Restart","Relic Stats","StSLib"],"gold_per_floor":[114,129,129,204,220,220,252,252,279,309,321,347,359,371,383,500,512,538,520,544,573,215,258,267,309,333,342,357,357,370,400,409,507,507,519,519,519,537,110,110,0,28,104,132,157,157,157,186,186,186],"floor_reached":51,"playtime":4568,"items_purged":["Guardian:Aged","Decay"],"score":1051,"play_id":"1e4d316b-c755-41ff-a099-ab92534ddedd","local_time":"20210103175142","is_ascension_mode":true,"campfire_choices":[{"data":"hermit:Malice","floor":6,"key":"SMITH"},{"data":"hermit:HighCaliber","floor":8,"key":"SMITH"},{"data":"hermit:Maintenance","floor":11,"key":"SMITH"},{"floor":15,"key":"REST"},{"floor":27,"key":"REST"},{"floor":29,"key":"REST"},{"floor":32,"key":"REST"},{"floor":40,"key":"REST"},{"floor":46,"key":"REST"},{"floor":49,"key":"REST"}],"circlet_count":0,"master_deck":["hermit:Strike_Hermit","hermit:Strike_Hermit+1","hermit:Strike_Hermit","hermit:Strike_Hermit+1","hermit:Defend_Hermit","hermit:Defend_Hermit","hermit:Defend_Hermit","hermit:Defend_Hermit","hermit:Snapshot+1","hermit:Covet","hermit:Malice+1","Regret","hermit:Maintenance+1","hermit:Quickdraw+1","hermit:HighNoon","hermit:Maintenance","hermit:FullyLoaded","hermit:LuckOfTheDraw","hermit:TakeCover","hermit:TakeCover","hermit:TakeCover+1"],"relics":["hermit:Momento","Calipers","Anchor","Mango","Pen Nib","MawBank","Fusion Hammer","Lantern","Dream Catcher","CeramicFish","Eternal Feather","Whetstone","Potion Belt","hermit:DentedPlate","Mummified Hand","Red Mask","MealTicket","Shuriken","Vajra","Singing Bowl"],"acts_visited":["Exordium","TheCity","TheBeyond"],"potions_floor_usage":[16,20,21,25,31,33,44,44,45,50],"damage_taken":[{"damage":5,"enemies":"2 Louse","floor":1,"turns":2},{"damage":4,"enemies":"Small Slimes","floor":2,"turns":3},{"damage":0,"enemies":"Cultist","floor":5,"turns":2},{"damage":25,"enemies":"3 Sentries","floor":7,"turns":8},{"damage":44,"enemies":"Gremlin Nob","floor":10,"turns":5},{"damage":0,"enemies":"2 Fungi Beasts","floor":12,"turns":2},{"damage":12,"enemies":"Hexaghost","floor":16,"turns":10},{"damage":4,"enemies":"Chosen","floor":18,"turns":4},{"damage":6,"enemies":"3 Byrds","floor":20,"turns":4},{"damage":6,"enemies":"3 Cultists","floor":21,"turns":4},{"damage":47,"enemies":"Slavers","floor":23,"turns":8},{"damage":14,"enemies":"Book of Stabbing","floor":25,"turns":7},{"damage":20,"enemies":"Snake Plant","floor":28,"turns":5},{"damage":2,"enemies":"Snecko","floor":30,"turns":5},{"damage":15,"enemies":"Slavers","floor":31,"turns":7},{"damage":18,"enemies":"Champ","floor":33,"turns":12},{"damage":3,"enemies":"3 Shapes","floor":35,"turns":7},{"damage":18,"enemies":"Orb Walker","floor":38,"turns":6},{"damage":0,"enemies":"Giant Head","floor":42,"turns":11},{"damage":102,"enemies":"Reptomancer","floor":44,"turns":12},{"damage":3,"enemies":"Spire Growth","floor":45,"turns":9},{"damage":0,"enemies":"Nemesis","floor":48,"turns":11},{"damage":13,"enemies":"Donu and Deca","floor":50,"turns":17}],"seed_played":"5166651371472654339","potions_obtained":[{"floor":2,"key":"FairyPotion"},{"floor":5,"key":"ColorlessPotion"},{"floor":10,"key":"DistilledChaos"},{"floor":19,"key":"LiquidMemories"},{"floor":19,"key":"SteroidPotion"},{"floor":23,"key":"Swift Potion"},{"floor":25,"key":"LiquidBronze"},{"floor":33,"key":"SpeedPotion"},{"floor":35,"key":"SkillPotion"},{"floor":38,"key":"hexamod:EctoCoolerPotion"},{"floor":45,"key":"hermit:Tonic"}],"is_trial":false,"path_per_floor":["M","M","?","?","M","R","E","R","T","E","R","M","$","?","R","B",null,"M","?","M","M","$","E","?","E","T","R","M","R","M","E","R","B",null,"M","?","?","M","$","R","?","E","T","E","M","R","?","E","R","B",null],"character_chosen":"HERMIT","items_purchased":["Lantern","Dream Catcher","Mummified Hand","DuplicationPotion"],"campfire_rested":7,"item_purchase_floors":[22,22,39,39],"current_hp_per_floor":[70,66,66,55,55,55,44,44,44,26,26,26,26,8,34,22,89,85,85,79,73,73,26,26,12,12,50,30,68,66,51,89,71,103,100,100,100,82,82,115,115,115,115,13,10,56,56,58,107,94],"gold":186,"neow_bonus":"ONE_RARE_RELIC","is_daily":false,"chose_seed":false,"campfire_upgraded":3,"win_rate":0.0,"timestamp":1609714302,"path_taken":["M","M","?","?","M","R","E","R","T","E","R","M","$","?","R","BOSS","M","?","M","?","$","E","?","E","T","R","M","R","M","E","R","BOSS","M","?","?","M","$","R","?","E","T","E","M","R","?","E","R","BOSS"],"items_purchased_type":["Relic","Relic","Relic","Potion"],"build_version":"2020-12-22","purchased_purges":2,"victory":true,"max_hp_per_floor":[75,75,75,75,75,75,89,89,89,89,89,89,89,89,89,89,89,89,89,89,89,89,89,89,89,89,89,89,89,89,89,89,89,121,121,121,115,115,115,115,115,115,115,115,115,115,115,117,119,119],"relic_stats":{"Dream Catcher":6,"Singing Bowl":4,"counters":[23,161],"Mummified Hand":[4],"Shuriken":[10],"CeramicFish":54,"Eternal Feather":72,"MealTicket":0,"Pen Nib":[22],"Whetstone":["hermit:Strike_Hermit","hermit:Strike_Hermit"],"MawBank":144,"obtain_stats":[{"Potion Belt":31,"Lantern":22,"Calipers":0,"Singing Bowl":48,"hermit:DentedPlate":34,"CeramicFish":23,"Vajra":44,"Mango":7,"Eternal Feather":25,"Pen Nib":9,"Whetstone":26,"MawBank":10,"Anchor":3,"Dream Catcher":22,"Mummified Hand":39,"Shuriken":43,"MealTicket":42,"Fusion Hammer":17,"Red Mask":41,"hermit:Momento":0},{"Potion Belt":15,"Lantern":10,"Calipers":0,"Singing Bowl":22,"hermit:DentedPlate":16,"CeramicFish":11,"Vajra":20,"Mango":4,"Eternal Feather":12,"Pen Nib":4,"Whetstone":12,"MawBank":5,"Anchor":2,"Dream Catcher":10,"Mummified Hand":18,"Shuriken":19,"MealTicket":19,"Fusion Hammer":7,"Red Mask":18,"hermit:Momento":0},{"Potion Belt":76,"Lantern":44,"Calipers":0,"Singing Bowl":144,"hermit:DentedPlate":88,"CeramicFish":52,"Vajra":124,"Mango":15,"Eternal Feather":59,"Pen Nib":15,"Whetstone":59,"MawBank":20,"Anchor":5,"Dream Catcher":44,"Mummified Hand":101,"Shuriken":112,"MealTicket":112,"Fusion Hammer":32,"Red Mask":101,"hermit:Momento":0}]},"card_choices":[{"not_picked":["hermit:TrackingShot","hermit:GoldenBullet"],"picked":"hermit:HighCaliber","floor":1},{"not_picked":["hermit:ShadowCloak","hermit:Coalescence"],"picked":"hermit:Malice","floor":2},{"not_picked":["hermit:BodyArmor","hermit:Brawl","hermit:Snipe"],"picked":"SKIP","floor":5},{"not_picked":["hermit:Deadeye","hermit:Ricochet","hermit:ItchyTrigger"],"picked":"SKIP","floor":7},{"not_picked":["hermit:Vantage","hermit:PistolWhip"],"picked":"hermit:Maintenance","floor":10},{"not_picked":["hermit:Feint","hermit:Brawl"],"picked":"hermit:Quickdraw","floor":12},{"not_picked":["hermit:Purgatory","hermit:OverwhelmingPower"],"picked":"hermit:HighNoon","floor":16},{"not_picked":["hermit:Headshot","hermit:Shortfuse","hermit:Manifest"],"picked":"SKIP","floor":18},{"not_picked":["hermit:Roulette","hermit:WideOpen","hermit:CalledShot"],"picked":"SKIP","floor":20},{"not_picked":["hermit:SprayPray+1","hermit:Snipe"],"picked":"hermit:Maintenance","floor":21},{"not_picked":["hermit:GoldenBullet","hermit:Midnight"],"picked":"hermit:FullyLoaded","floor":23},{"not_picked":["hermit:TrackingShot","hermit:Horror+1"],"picked":"hermit:LuckOfTheDraw","floor":25},{"not_picked":["hermit:Headshot","hermit:Combo+1"],"picked":"hermit:TakeCover","floor":27},{"not_picked":["hermit:TakeAim","hermit:Headshot","hermit:Vantage"],"picked":"SKIP","floor":28},{"not_picked":["hermit:Virtue","hermit:GhostlyPresence","hermit:LowProfile"],"picked":"SKIP","floor":30},{"not_picked":["hermit:CalledShot","hermit:RoundhouseKick","hermit:HoleUp"],"picked":"SKIP","floor":31},{"not_picked":["hermit:LuckOfTheDraw+1","hermit:Headshot"],"picked":"hermit:TakeCover","floor":32},{"not_picked":["hermit:Dive","hermit:WideOpen+1","hermit:CalledShot"],"picked":"SKIP","floor":35},{"not_picked":["hermit:HoleUp+1","hermit:Roulette+1","hermit:Manifest+1"],"picked":"SKIP","floor":38},{"not_picked":["hermit:GoldenBullet+1","hermit:Glare","hermit:BlackWind"],"picked":"SKIP","floor":42},{"not_picked":["hermit:Grudge","hermit:HoleUp+1","hermit:Combo+1"],"picked":"SKIP","floor":44},{"not_picked":["hermit:TrackingShot","hermit:Scavenge"],"picked":"hermit:TakeCover+1","floor":45},{"not_picked":["hermit:Horror","hermit:Misfire","hermit:Headshot+1"],"picked":"Singing Bowl","floor":48},{"not_picked":["hermit:HeroicBravado","hermit:Showdown","hermit:Misfire+1"],"picked":"Singing Bowl","floor":49}],"player_experience":790204,"relics_obtained":[{"floor":7,"key":"Mango"},{"floor":9,"key":"Pen Nib"},{"floor":10,"key":"MawBank"},{"floor":23,"key":"CeramicFish"},{"floor":25,"key":"Eternal Feather"},{"floor":26,"key":"Whetstone"},{"floor":31,"key":"Potion Belt"},{"floor":42,"key":"MealTicket"},{"floor":43,"key":"Shuriken"},{"floor":44,"key":"Vajra"},{"floor":48,"key":"Singing Bowl"}],"event_choices":[{"damage_healed":0,"gold_gain":0,"player_choice":"Box","damage_taken":0,"relics_obtained":["Anchor"],"max_hp_gain":0,"max_hp_loss":0,"event_name":"Big Fish","floor":3,"gold_loss":0,"cards_obtained":["Regret"]},{"damage_healed":0,"gold_gain":75,"player_choice":"Gather Gold","damage_taken":11,"max_hp_gain":0,"max_hp_loss":0,"event_name":"World of Goop","floor":4,"gold_loss":0},{"damage_healed":0,"gold_gain":0,"player_choice":"Entered Light","damage_taken":18,"max_hp_gain":0,"max_hp_loss":0,"event_name":"Shining Light","floor":14,"gold_loss":0,"cards_upgraded":["hermit:Quickdraw","hermit:Snapshot"]},{"damage_healed":0,"gold_gain":0,"player_choice":"Bought 2 Potions","damage_taken":0,"max_hp_gain":0,"max_hp_loss":0,"event_name":"The Woman in Blue","floor":19,"gold_loss":0},{"damage_healed":0,"gold_gain":0,"player_choice":"Smashed Altar","damage_taken":0,"max_hp_gain":0,"max_hp_loss":0,"event_name":"Forgotten Altar","floor":24,"gold_loss":0,"cards_obtained":["Decay"]},{"cards_removed":["hermit:HighCaliber"],"damage_healed":0,"gold_gain":0,"player_choice":"Removed Attack","damage_taken":0,"max_hp_gain":0,"max_hp_loss":0,"event_name":"Falling","floor":36,"gold_loss":0},{"damage_healed":0,"gold_gain":0,"player_choice":"Max HP","damage_taken":0,"max_hp_gain":0,"max_hp_loss":6,"event_name":"Winding Halls","floor":37,"gold_loss":0},{"damage_healed":0,"gold_gain":0,"player_choice":"Paid","damage_taken":0,"relics_obtained":["Red Mask"],"max_hp_gain":0,"max_hp_loss":0,"event_name":"Tomb of Lord Red Mask","floor":41,"gold_loss":110},{"damage_healed":0,"gold_gain":0,"player_choice":"Ignored","damage_taken":0,"max_hp_gain":0,"max_hp_loss":0,"event_name":"Mysterious Sphere","floor":47,"gold_loss":0}],"is_beta":false,"boss_relics":[{"not_picked":["Runic Pyramid","Pandora\u0027s Box"],"picked":"Fusion Hammer"},{"not_picked":["Calling Bell","Velvet Choker"],"picked":"hermit:DentedPlate"}],"items_purged_floors":[22,39],"is_endless":false,"potions_floor_spawned":[2,5,10,23,25,33,35,38,45],"ascension_level":3}}