{"host":"s41rn2jhghpwfrvz","time":1609649217,"event":{"mods":["BaseMod","Minty Spire (QoL Compilation)","Quick Restart","Relic Stats","SuperFastMode"],"gold_per_floor":[113,113,137,137,137,173,187,203,203,203,227,266,290,321,321,417,417,435,451,216,237,137,177,202,214,278,333,345,400,412,438,450,553,565,597,634,661,346,346,382,168,202,226,269,269,289,289,314,314,314,314,314,314,143,176,176],"floor_reached":57,"playtime":1999,"items_purged":["FollowUp","Conserve Battery","Go for the Eyes+1"],"score":3815,"play_id":"999533a6-449a-4338-85a3-c6d580a39eac","local_time":"20210103064657","daily_mods":["SealedDeck","Diverse","DeadlyEvents"],"is_ascension_mode":true,"campfire_choices":[{"data":"Tactician","floor":10,"key":"SMITH"},{"data":"Acrobatics","floor":15,"key":"SMITH"},{"data":"Pommel Strike","floor":25,"key":"SMITH"},{"data":"Backflip","floor":32,"key":"SMITH"},{"data":"Madness","floor":45,"key":"SMITH"},{"floor":47,"key":"RECALL"},{"data":"Madness","floor":49,"key":"SMITH"},{"data":"Flash of Steel","floor":53,"key":"SMITH"}],"circlet_count":0,"master_deck":["AscendersBane","ForeignInfluence","Acrobatics","Acrobatics+1","Backflip+1","Pommel Strike+1","Tactician+1","Prostrate+1","TalkToTheHand+1","Madness+1","Madness+1","Flash of Steel+1","TalkToTheHand+1"],"relics":["Black Blood","Golden Idol","Nunchaku","Paper Frog","FossilizedHelix","Lantern","Vajra","MawBank","Oddly Smooth Stone","MealTicket","Tiny Chest","Runic Pyramid","Medical Kit","Whetstone","Letter Opener","Orichalcum","Bronze Scales","Toy Ornithopter","DollysMirror","Ginger"],"acts_visited":["Exordium","TheCity","TheBeyond","TheEnding"],"potions_floor_usage":[56,56,56,56,56,56],"damage_taken":[{"damage":0,"enemies":"Small Slimes","floor":1,"turns":4},{"damage":4,"enemies":"2 Louse","floor":3,"turns":2},{"damage":17,"enemies":"3 Sentries","floor":6,"turns":8},{"damage":0,"enemies":"Jaw Worm","floor":7,"turns":3},{"damage":5,"enemies":"Gremlin Gang","floor":8,"turns":3},{"damage":0,"enemies":"3 Louse","floor":11,"turns":2},{"damage":0,"enemies":"Lagavulin","floor":12,"turns":2},{"damage":0,"enemies":"Blue Slaver","floor":13,"turns":1},{"damage":0,"enemies":"3 Sentries","floor":14,"turns":1},{"damage":0,"enemies":"Hexaghost","floor":16,"turns":2},{"damage":0,"enemies":"Chosen","floor":18,"turns":1},{"damage":0,"enemies":"Shell Parasite","floor":19,"turns":1},{"damage":0,"enemies":"Snecko","floor":21,"turns":1},{"damage":0,"enemies":"Gremlin Leader","floor":23,"turns":1},{"damage":0,"enemies":"Chosen and Byrds","floor":24,"turns":1},{"damage":0,"enemies":"Slavers","floor":27,"turns":1},{"damage":0,"enemies":"Gremlin Leader","floor":29,"turns":1},{"damage":0,"enemies":"Cultist and Chosen","floor":31,"turns":1},{"damage":0,"enemies":"Automaton","floor":33,"turns":1},{"damage":0,"enemies":"Orb Walker","floor":35,"turns":1},{"damage":0,"enemies":"3 Shapes","floor":36,"turns":1},{"damage":0,"enemies":"Spire Growth","floor":37,"turns":1},{"damage":0,"enemies":"Giant Head","floor":40,"turns":1},{"damage":0,"enemies":"Reptomancer","floor":42,"turns":1},{"damage":0,"enemies":"Giant Head","floor":44,"turns":1},{"damage":0,"enemies":"Writhing Mass","floor":46,"turns":1},{"damage":0,"enemies":"Awakened One","floor":50,"turns":2},{"damage":19,"enemies":"Time Eater","floor":51,"turns":7},{"damage":0,"enemies":"Shield and Spear","floor":55,"turns":1},{"damage":2,"enemies":"The Heart","floor":56,"turns":4}],"seed_played":"7144026299716429171","potions_obtained":[{"floor":3,"key":"EssenceOfSteel"},{"floor":7,"key":"LiquidMemories"},{"floor":8,"key":"BlessingOfTheForge"},{"floor":23,"key":"EntropicBrew"},{"floor":37,"key":"PowerPotion"}],"is_trial":true,"path_per_floor":["M","?","M","?","?","E","M","M","T","R","M","E","M","E","R","B",null,"M","M","$","M","$","E","M","R","T","E","?","E","$","M","R","B",null,"M","M","M","$","?","E","$","E","T","E","R","M","R","T","R","B","B",null,"R","$","E","B",null],"character_chosen":"IRONCLAD","items_purchased":["Vajra","Medical Kit","Whetstone","Flash of Steel","DollysMirror"],"campfire_rested":0,"item_purchase_floors":[20,38,38,41,54],"current_hp_per_floor":[74,48,50,43,43,32,38,39,39,39,45,51,57,63,63,69,74,75,75,75,75,75,75,75,75,75,75,75,75,75,75,75,75,75,75,75,75,75,61,73,75,75,75,75,75,75,75,75,75,75,68,73,73,75,75,75],"gold":176,"neow_bonus":"","is_daily":false,"chose_seed":false,"campfire_upgraded":7,"win_rate":0.0,"timestamp":1609649217,"path_taken":["M","?","M","?","?","E","M","M","T","R","M","?","M","E","R","BOSS","M","M","$","?","$","E","M","R","T","E","?","E","$","M","R","BOSS","M","M","?","$","?","E","$","E","T","?","R","M","R","?","R","BOSS","BOSS","R","$","E","BOSS"],"items_purchased_type":["Relic","Relic","Relic","Card","Relic"],"build_version":"2020-12-22","purchased_purges":3,"victory":true,"max_hp_per_floor":[75,75,75,75,75,75,75,75,75,75,75,75,75,75,75,75,75,75,75,75,75,75,75,75,75,75,75,75,75,75,75,75,75,75,75,75,75,75,75,75,75,75,75,75,75,75,75,75,75,75,75,75,75,75,75,75],"relic_stats":{"counters":[30,58],"Golden Idol":225,"Black Blood":85,"Whetstone":["Go for the Eyes","TalkToTheHand"],"Letter Opener":[261],"Ginger":[2],"Orichalcum":[0],"MawBank":180,"Medical Kit":[4],"Nunchaku":[49],"Bronze Scales":[72],"MealTicket":4,"Tiny Chest":1,"obtain_stats":[{"Lantern":14,"Golden Idol":2,"Black Blood":17,"Vajra":20,"Oddly Smooth Stone":26,"Whetstone":38,"Letter Opener":40,"Ginger":55,"Orichalcum":42,"MawBank":23,"Medical Kit":38,"Burning Blood":0,"Nunchaku":6,"DollysMirror":54,"Bronze Scales":44,"MealTicket":27,"Tiny Chest":29,"FossilizedHelix":12,"Toy Ornithopter":48,"Paper Frog":9,"Runic Pyramid":34},{"Lantern":9,"Golden Idol":1,"Black Blood":10,"Vajra":12,"Oddly Smooth Stone":15,"Whetstone":22,"Letter Opener":23,"Ginger":29,"Orichalcum":24,"MawBank":14,"Medical Kit":22,"Burning Blood":0,"Nunchaku":3,"DollysMirror":28,"Bronze Scales":25,"MealTicket":16,"Tiny Chest":17,"FossilizedHelix":7,"Toy Ornithopter":26,"Paper Frog":5,"Runic Pyramid":19},{"Lantern":26,"Golden Idol":4,"Black Blood":28,"Vajra":30,"Oddly Smooth Stone":33,"Whetstone":40,"Letter Opener":41,"Ginger":54,"Orichalcum":42,"MawBank":32,"Medical Kit":40,"Burning Blood":0,"Nunchaku":14,"DollysMirror":53,"Bronze Scales":43,"MealTicket":34,"Tiny Chest":35,"FossilizedHelix":24,"Toy Ornithopter":44,"Paper Frog":20,"Runic Pyramid":37}],"Toy Ornithopter":2},"card_choices":[{"not_picked":["Sucker Punch","Bane","Noxious Fumes"],"picked":"SKIP","floor":1},{"not_picked":["Dagger Throw","Clothesline","Defragment"],"picked":"SKIP","floor":3},{"not_picked":["Coolheaded","Judgement","CarveReality"],"picked":"SKIP","floor":6},{"not_picked":["Beam Cell","FTL","Go for the Eyes"],"picked":"SKIP","floor":7},{"not_picked":["Hologram","Reprogram"],"picked":"Tactician","floor":8},{"not_picked":["InnerPeace","Power Through","EmptyBody"],"picked":"SKIP","floor":11},{"not_picked":["Poisoned Stab","Well Laid Plans","CutThroughFate"],"picked":"SKIP","floor":12},{"not_picked":["Turbo","Poisoned Stab","Barrage"],"picked":"SKIP","floor":13},{"not_picked":["LikeWater","Riddle With Holes","JustLucky"],"picked":"SKIP","floor":14},{"not_picked":["Flame Barrier","Skim","CrushJoints"],"picked":"SKIP","floor":18},{"not_picked":["Heavy Blade","Endless Agony","Havoc"],"picked":"SKIP","floor":19},{"not_picked":["Footwork","Skewer","Turbo"],"picked":"SKIP","floor":21},{"not_picked":["MentalFortress","Blade Dance+1","Deadly Poison"],"picked":"SKIP","floor":23},{"not_picked":["Dodge and Roll","Twin Strike","CutThroughFate"],"picked":"SKIP","floor":24},{"not_picked":["Berserk","Crescendo","Streamline+1"],"picked":"SKIP","floor":27},{"not_picked":["Shrug It Off","Hologram+1","Disarm"],"picked":"SKIP","floor":29},{"not_picked":["Melter","Flex","ReachHeaven"],"picked":"SKIP","floor":31},{"not_picked":["Dropkick+1","Rebound"],"picked":"Prostrate+1","floor":35},{"not_picked":["Deadly Poison","Genetic Algorithm","Battle Trance"],"picked":"SKIP","floor":36},{"not_picked":["BowlingBash","White Noise"],"picked":"TalkToTheHand","floor":37},{"not_picked":["BootSequence","Heavy Blade","Wireheading+1"],"picked":"SKIP","floor":40},{"not_picked":["Feel No Pain","Rebound","MentalFortress"],"picked":"SKIP","floor":42},{"not_picked":["Acrobatics","Predator","Study+1"],"picked":"SKIP","floor":44},{"not_picked":["FlurryOfBlows","Glacier+1","Flechettes"],"picked":"SKIP","floor":46},{"not_picked":["Recycle","LessonLearned","Tactician"],"picked":"SKIP","floor":55}],"player_experience":1636692,"relics_obtained":[{"floor":6,"key":"Nunchaku"},{"floor":9,"key":"Paper Frog"},{"floor":12,"key":"FossilizedHelix"},{"floor":14,"key":"Lantern"},{"floor":23,"key":"MawBank"},{"floor":26,"key":"Oddly Smooth Stone"},{"floor":27,"key":"MealTicket"},{"floor":29,"key":"Tiny Chest"},{"floor":40,"key":"Letter Opener"},{"floor":42,"key":"Orichalcum"},{"floor":44,"key":"Bronze Scales"},{"floor":48,"key":"Toy Ornithopter"},{"floor":55,"key":"Ginger"}],"event_choices":[{"damage_healed":0,"gold_gain":0,"player_choice":"Take Damage","damage_taken":26,"relics_obtained":["Golden Idol"],"max_hp_gain":0,"max_hp_loss":0,"event_name":"Golden Idol","floor":2,"gold_loss":0},{"cards_removed":["Hologram"],"damage_healed":0,"gold_gain":0,"player_choice":"Card Removal","damage_taken":7,"max_hp_gain":0,"max_hp_loss":0,"event_name":"Golden Wing","floor":4,"gold_loss":0},{"damage_healed":0,"gold_gain":0,"player_choice":"Ignored","damage_taken":0,"max_hp_gain":0,"max_hp_loss":0,"event_name":"Liars Game","floor":5,"gold_loss":0},{"cards_removed":["PiercingWail"],"damage_healed":0,"gold_gain":0,"player_choice":"Purged","damage_taken":0,"max_hp_gain":0,"max_hp_loss":0,"event_name":"Purifier","floor":28,"gold_loss":0},{"damage_healed":0,"gold_gain":0,"player_choice":"Embrace Madness","damage_taken":14,"max_hp_gain":0,"max_hp_loss":0,"event_name":"Winding Halls","floor":39,"gold_loss":0,"cards_obtained":["Madness","Madness"]}],"is_beta":false,"boss_relics":[{"not_picked":["Philosopher\u0027s Stone","Mark of Pain"],"picked":"Black Blood"},{"not_picked":["Busted Crown","Runic Cube"],"picked":"Runic Pyramid"}],"items_purged_floors":[20,22,41],"is_endless":false,"potions_floor_spawned":[3,7,8,13,21,23,27,33,37,42,44],"ascension_level":20}}