{"host":"nqsrckqog5ia9mbo","time":1609709915,"event":{"mods":["AchievementEnabler","BaseMod","Colored Map","Highlight Path","Minty Spire (QoL Compilation)"],"gold_per_floor":[118,68,68,34,53,66,101,114,114,45,45,78,78,90,90,193,193,213,231,247,16,26,26,38,54,54,54,67,96,96,123,123,224,224,243,258,258,258,258,271,271,271],"floor_reached":41,"playtime":3897,"items_purged":["Strike_G"],"score":470,"play_id":"5d2c1c40-57ac-48ae-874f-5f6bd4e8445f","local_time":"20210103223835","is_ascension_mode":false,"campfire_choices":[{"floor":11,"key":"REST"},{"floor":15,"key":"REST"},{"data":"Accuracy","floor":23,"key":"SMITH"},{"floor":30,"key":"REST"},{"data":"Wraith Form v2","floor":32,"key":"SMITH"}],"circlet_count":0,"master_deck":["Defend_G","Defend_G","Defend_G","Defend_G","Defend_G","Survivor","Neutralize","Backstab","Accuracy+1","Deadly Poison","Catalyst","Poisoned Stab","Leg Sweep+1","Blur+1","Infinite Blades","Wraith Form v2+1","Infinite Blades+1","Prepared+1","Storm of Steel","Decay","Cloak And Dagger","Burst","Backstab+1","Calculated Gamble+1","Madness","Madness"],"relics":["Ring of the Snake","Boot","Orichalcum","Ornamental Fan","Dead Branch","Runic Pyramid","War Paint","Pantograph","InkBottle","Regal Pillow","Empty Cage"],"acts_visited":["Exordium","TheCity","TheBeyond"],"potions_floor_usage":[16,24,25,29,29,29,33,35,40,40,40,41],"damage_taken":[{"damage":2,"enemies":"Cultist","floor":1,"turns":5},{"damage":0,"enemies":"2 Louse","floor":5,"turns":3},{"damage":0,"enemies":"Small Slimes","floor":6,"turns":2},{"damage":50,"enemies":"Gremlin Nob","floor":7,"turns":5},{"damage":1,"enemies":"Exordium Wildlife","floor":8,"turns":6},{"damage":22,"enemies":"3 Sentries","floor":12,"turns":15},{"damage":0,"enemies":"Large Slime","floor":14,"turns":7},{"damage":6,"enemies":"The Guardian","floor":16,"turns":12},{"damage":6,"enemies":"Shell Parasite","floor":18,"turns":6},{"damage":1,"enemies":"3 Byrds","floor":19,"turns":3},{"damage":0,"enemies":"Snake Plant","floor":20,"turns":5},{"damage":16,"enemies":"Centurion and Healer","floor":22,"turns":9},{"damage":31,"enemies":"Chosen and Byrds","floor":24,"turns":6},{"damage":0,"enemies":"Cultist and Chosen","floor":25,"turns":7},{"damage":3,"enemies":"Snecko","floor":28,"turns":4},{"damage":0,"enemies":"Slavers","floor":29,"turns":4},{"damage":7,"enemies":"Gremlin Leader","floor":31,"turns":7},{"damage":53,"enemies":"Champ","floor":33,"turns":9},{"damage":21,"enemies":"3 Darklings","floor":35,"turns":6},{"damage":11,"enemies":"Orb Walker","floor":36,"turns":3},{"damage":24,"enemies":"Sphere and 2 Shapes","floor":40,"turns":3},{"damage":28,"enemies":"Writhing Mass","floor":41,"turns":2}],"seed_played":"296452404473634838","potions_obtained":[{"floor":1,"key":"DistilledChaos"},{"floor":3,"key":"EntropicBrew"},{"floor":3,"key":"DistilledChaos"},{"floor":22,"key":"LiquidMemories"},{"floor":24,"key":"PowerPotion"},{"floor":28,"key":"Regen Potion"},{"floor":31,"key":"Explosive Potion"},{"floor":33,"key":"PowerPotion"},{"floor":35,"key":"Regen Potion"},{"floor":40,"key":"BlessingOfTheForge"}],"is_trial":false,"path_per_floor":["M","?","?","$","M","M","E","M","T","$","R","E","?","M","R","B",null,"M","M","M","$","M","R","M","M","T","?","M","E","R","E","R","B",null,"M","M","?","?","?","M","M"],"character_chosen":"THE_SILENT","items_purchased":["Accuracy","Blur","War Paint"],"campfire_rested":3,"item_purchase_floors":[4,10,21],"current_hp_per_floor":[68,68,68,68,68,68,18,17,17,17,38,16,16,16,37,31,70,64,63,63,63,47,47,16,16,16,16,13,25,46,39,39,11,70,49,38,29,29,29,10,0,0],"gold":271,"neow_bonus":"RANDOM_COMMON_RELIC","is_daily":false,"chose_seed":false,"campfire_upgraded":2,"win_rate":0.0,"timestamp":1609709915,"path_taken":["M","?","?","$","M","?","E","M","T","$","R","E","?","M","R","BOSS","M","M","?","?","M","R","M","M","T","?","M","E","R","E","R","BOSS","M","M","?","?","?","M","M"],"items_purchased_type":["Card","Card","Relic"],"build_version":"2020-12-22","purchased_purges":1,"victory":false,"max_hp_per_floor":[70,70,70,70,70,70,70,70,70,70,70,70,70,70,70,70,70,70,70,70,70,70,70,70,70,70,70,70,70,70,70,70,70,70,70,70,70,70,70,70,70,70],"card_choices":[{"not_picked":["Acrobatics","PiercingWail"],"picked":"Backstab","floor":1},{"not_picked":["Caltrops","Masterful Stab"],"picked":"Deadly Poison","floor":5},{"not_picked":["Calculated Gamble","Acrobatics"],"picked":"Catalyst","floor":6},{"not_picked":["Tactician","All Out Attack"],"picked":"Poisoned Stab","floor":7},{"not_picked":["Cloak And Dagger","Underhanded Strike"],"picked":"Leg Sweep","floor":8},{"not_picked":["Outmaneuver","Distraction"],"picked":"Infinite Blades","floor":12},{"not_picked":["Choke","Riddle With Holes"],"picked":"Footwork","floor":14},{"not_picked":["Glass Knife","Night Terror"],"picked":"Wraith Form v2","floor":16},{"not_picked":["Prepared","Underhanded Strike"],"picked":"Infinite Blades+1","floor":18},{"not_picked":["Finisher","Dagger Throw","Riddle With Holes+1"],"picked":"SKIP","floor":19},{"not_picked":["Sucker Punch","Expertise","Dagger Throw"],"picked":"SKIP","floor":20},{"not_picked":["Underhanded Strike+1","PiercingWail","Slice+1"],"picked":"SKIP","floor":22},{"not_picked":["Flying Knee","Poisoned Stab"],"picked":"Prepared+1","floor":24},{"not_picked":["Dagger Throw","Prepared"],"picked":"Storm of Steel","floor":25},{"not_picked":["Prepared","Bane","Tactician"],"picked":"SKIP","floor":28},{"not_picked":["After Image","Bane+1"],"picked":"Cloak And Dagger","floor":29},{"not_picked":["Riddle With Holes+1","Well Laid Plans","Distraction"],"picked":"SKIP","floor":31},{"not_picked":["A Thousand Cuts","Glass Knife"],"picked":"Burst","floor":33},{"not_picked":["Backflip+1","Dagger Spray+1"],"picked":"Backstab+1","floor":35},{"not_picked":["Dagger Throw","Well Laid Plans"],"picked":"Calculated Gamble+1","floor":36},{"not_picked":["Quick Slash+1","Masterful Stab+1","Acrobatics+1"],"picked":"SKIP","floor":40}],"player_experience":121114,"relics_obtained":[{"floor":7,"key":"Orichalcum"},{"floor":9,"key":"Ornamental Fan"},{"floor":12,"key":"Dead Branch"},{"floor":26,"key":"Pantograph"},{"floor":29,"key":"InkBottle"},{"floor":31,"key":"Regal Pillow"}],"event_choices":[{"cards_removed":["Strike_G"],"damage_healed":0,"gold_gain":0,"player_choice":"Card Removal","damage_taken":0,"max_hp_gain":0,"max_hp_loss":0,"event_name":"The Cleric","floor":2,"gold_loss":50},{"damage_healed":0,"gold_gain":0,"player_choice":"Got Potions","damage_taken":0,"max_hp_gain":0,"max_hp_loss":0,"event_name":"Lab","floor":3,"gold_loss":0},{"cards_removed":["Strike_G"],"damage_healed":0,"gold_gain":0,"player_choice":"Purged","damage_taken":0,"max_hp_gain":0,"max_hp_loss":0,"event_name":"Purifier","floor":13,"gold_loss":0},{"damage_healed":0,"gold_gain":0,"player_choice":"Smashed Altar","damage_taken":0,"max_hp_gain":0,"max_hp_loss":0,"event_name":"Forgotten Altar","floor":27,"gold_loss":0,"cards_obtained":["Decay"]},{"damage_healed":0,"gold_gain":0,"player_choice":"Embrace Madness","damage_taken":9,"max_hp_gain":0,"max_hp_loss":0,"event_name":"Winding Halls","floor":37,"gold_loss":0,"cards_obtained":["Madness","Madness"]},{"damage_healed":0,"gold_gain":0,"player_choice":"Ignored","damage_taken":0,"max_hp_gain":0,"max_hp_loss":0,"event_name":"Mysterious Sphere","floor":38,"gold_loss":0},{"cards_removed":["Footwork"],"damage_healed":0,"gold_gain":0,"player_choice":"Removed Power","damage_taken":0,"max_hp_gain":0,"max_hp_loss":0,"event_name":"Falling","floor":39,"gold_loss":0}],"is_beta":false,"boss_relics":[{"not_picked":["Calling Bell","Busted Crown"],"picked":"Runic Pyramid"},{"not_picked":["Ring of the Serpent","SacredBark"],"picked":"Empty Cage"}],"items_purged_floors":[21],"is_endless":false,"potions_floor_spawned":[1,7,8,14,22,24,28,31,33,35,40],"killed_by":"Writhing Mass","ascension_level":0}}