{"host":"b7j598ve05halrwk","time":1609650200,"event":{"mods":["2.2 Compatiblity","BaseMod","Block Reminder","DeckTracker","Minty Spire (QoL Compilation)","Relic Stats","Slay the Relics Exporter","StSLib","ojb\u0027s Info Mod"],"gold_per_floor":[115,115,115,127,138,156,116,151,151,180,193,211,211,243,243,322,322,337,355,280,38,38,38,38,53,53,103,103,137,150,161,161,238,238,256,256,276,288,18,18,18],"floor_reached":40,"playtime":3066,"items_purged":["Strike_B"],"score":906,"play_id":"73cf5625-aab8-4009-bf0c-f078049bbd10","local_time":"20210103000320","is_ascension_mode":true,"campfire_choices":[{"data":"Loop","floor":13.0,"key":"SMITH"},{"data":"Hologram","floor":15.0,"key":"SMITH"},{"data":"Static Discharge","floor":23.0,"key":"SMITH"},{"data":"Electrodynamics","floor":28.0,"key":"SMITH"},{"floor":32.0,"key":"REST"}],"circlet_count":0,"master_deck":["AscendersBane","Defend_B","Defend_B","Defend_B","Zap","Dualcast","Rebound","Tempest","Cold Snap","Compile Driver","Rebound","Cold Snap","Loop+1","Conserve Battery","Hologram+1","Electrodynamics+1","Lockon+1","Static Discharge+1","Rainbow","Machine Learning","Chaos+1","Turbo","Capacitor","Biased Cognition","Undo","Aggregate","Consume","Apotheosis","Stack"],"relics":["Cracked Core","Gremlin Horn","Cables","Lantern","Question Card","Runic Dome","Runic Capacitor","Du-Vu Doll","Snecko Eye","Orichalcum"],"acts_visited":["TheBeyond"],"potions_floor_usage":[40],"damage_taken":[{"damage":11.0,"enemies":"Jaw Worm","floor":1.0,"turns":4.0},{"damage":1.0,"enemies":"Small Slimes","floor":4.0,"turns":2.0},{"damage":0.0,"enemies":"Cultist","floor":5.0,"turns":3.0},{"damage":5.0,"enemies":"2 Fungi Beasts","floor":6.0,"turns":3.0},{"damage":6.0,"enemies":"3 Sentries","floor":8.0,"turns":7.0},{"damage":28.0,"enemies":"Gremlin Nob","floor":10.0,"turns":4.0},{"damage":5.0,"enemies":"Gremlin Gang","floor":11.0,"turns":3.0},{"damage":2.0,"enemies":"3 Louse","floor":12.0,"turns":3.0},{"damage":11.0,"enemies":"Lagavulin","floor":14.0,"turns":9.0},{"damage":24.0,"enemies":"Hexaghost","floor":16.0,"turns":12.0},{"damage":0.0,"enemies":"Chosen","floor":18.0,"turns":4.0},{"damage":17.0,"enemies":"2 Thieves","floor":19.0,"turns":4.0},{"damage":0.0,"enemies":"Cultist and Chosen","floor":25.0,"turns":4.0},{"damage":24.0,"enemies":"Book of Stabbing","floor":29.0,"turns":3.0},{"damage":12.0,"enemies":"3 Cultists","floor":30.0,"turns":3.0},{"damage":4.0,"enemies":"Sentry and Sphere","floor":31.0,"turns":5.0},{"damage":22.0,"enemies":"Champ","floor":33.0,"turns":15.0},{"damage":0,"enemies":"3 Shapes","floor":35,"turns":3},{"damage":11,"enemies":"Orb Walker","floor":37,"turns":4},{"damage":12,"enemies":"Transient","floor":38,"turns":6},{"damage":48,"enemies":"Nemesis","floor":40,"turns":4}],"seed_played":"-1115574946982342675","potions_obtained":[{"floor":3.0,"key":"SkillPotion"},{"floor":3.0,"key":"AttackPotion"},{"floor":4.0,"key":"Weak Potion"},{"floor":7.0,"key":"FairyPotion"},{"floor":7.0,"key":"DistilledChaos"},{"floor":10.0,"key":"PotionOfCapacity"},{"floor":19.0,"key":"FocusPotion"},{"floor":25.0,"key":"LiquidBronze"},{"floor":30.0,"key":"FearPotion"},{"floor":35,"key":"FocusPotion"}],"is_trial":false,"path_per_floor":["M","?","?","M","M","M","?","E","T","E","M","M","R","E","R","B",null,"M","M","?","$","?","R","$","M","T","?","R","E","M","M","R","B",null,"M","?","M","M","$","E"],"character_chosen":"DEFECT","items_purchased":["Runic Capacitor","Apotheosis","Stack","BlessingOfTheForge"],"campfire_rested":1,"item_purchase_floors":[21,39,39,39],"current_hp_per_floor":[60,60,60,59,59,54,54,48,48,20,15,13,13,2,2,5,60,60,43,43,43,43,43,43,43,43,43,43,19,7,3,26,4,60,60,60,49,37,37,0,0],"gold":18,"neow_bonus":"TEN_PERCENT_HP_BONUS","is_daily":false,"chose_seed":false,"campfire_upgraded":4,"win_rate":0.0,"timestamp":1609650200,"path_taken":["M","?","?","M","?","M","?","E","T","E","M","?","R","E","R","BOSS","M","M","?","$","?","R","?","M","T","?","R","E","M","M","R","BOSS","M","?","M","?","$","E"],"items_purchased_type":["Relic","Card","Card","Potion"],"build_version":"2020-12-22","purchased_purges":1,"victory":false,"max_hp_per_floor":[78,78,78,78,78,78,78,78,78,78,78,78,78,78,78,78,78,78,78,78,78,78,78,78,78,78,78,78,78,78,78,78,78,78,78,78,78,78,78,78,78],"relic_stats":{"Gremlin Horn":[7,7],"counters":[11,55],"Snecko Eye":[38,20,30,24],"Orichalcum":[12],"Question Card":10,"obtain_stats":[{"Du-Vu Doll":29,"Runic Dome":0,"Lantern":0,"Gremlin Horn":0,"Snecko Eye":34,"Runic Capacitor":21,"Orichalcum":36,"Cracked Core":0,"Question Card":0,"Cables":0},{"Du-Vu Doll":4,"Runic Dome":0,"Lantern":0,"Gremlin Horn":0,"Snecko Eye":7,"Runic Capacitor":2,"Orichalcum":8,"Cracked Core":0,"Question Card":0,"Cables":0},{"Du-Vu Doll":15,"Runic Dome":0,"Lantern":0,"Gremlin Horn":0,"Snecko Eye":38,"Runic Capacitor":8,"Orichalcum":41,"Cracked Core":0,"Question Card":0,"Cables":0}],"Cables":[49,27,14,6,2]},"card_choices":[{"not_picked":["Hologram","Coolheaded"],"picked":"Rebound","floor":1.0},{"not_picked":["Redo","Streamline"],"picked":"Cold Snap","floor":4.0},{"not_picked":["Turbo","Self Repair"],"picked":"Compile Driver","floor":5.0},{"not_picked":["Force Field","Hologram"],"picked":"Rebound","floor":6.0},{"not_picked":["Blizzard","Beam Cell"],"picked":"Cold Snap","floor":8.0},{"not_picked":["Hyperbeam","Scrape"],"picked":"Loop","floor":10.0},{"not_picked":["Redo","Compile Driver","Stack"],"picked":"SKIP","floor":11.0},{"not_picked":["Barrage","Coolheaded"],"picked":"Conserve Battery","floor":12.0},{"not_picked":["Rebound","Melter"],"picked":"Hologram","floor":14.0},{"not_picked":["Reboot","Multi-Cast","Rainbow"],"picked":"Electrodynamics","floor":16.0},{"not_picked":["Redo","Double Energy","Steam"],"picked":"Lockon+1","floor":18.0},{"not_picked":["Compile Driver","Rip and Tear","Skim"],"picked":"Static Discharge","floor":19.0},{"not_picked":["Streamline","Chill","Turbo"],"picked":"Chaos+1","floor":25.0},{"not_picked":["Redo","Go for the Eyes","Gash","Thunder Strike"],"picked":"SKIP","floor":29.0},{"not_picked":["Hologram","Barrage","Steam"],"picked":"Turbo","floor":30.0},{"not_picked":["Rebound","Melter","Beam Cell"],"picked":"Capacitor","floor":31.0},{"not_picked":["Multi-Cast","Thunder Strike","Meteor Strike"],"picked":"Biased Cognition","floor":33.0},{"not_picked":["Turbo+1","Barrage","Conserve Battery+1"],"picked":"Undo","floor":35},{"not_picked":["Steam","Compile Driver","Skim"],"picked":"Aggregate","floor":37},{"not_picked":["Leap","Coolheaded","Hologram"],"picked":"Consume","floor":38}],"player_experience":781602,"relics_obtained":[{"floor":8.0,"key":"Gremlin Horn"},{"floor":9.0,"key":"Cables"},{"floor":10.0,"key":"Lantern"},{"floor":14.0,"key":"Question Card"},{"floor":29.0,"key":"Du-Vu Doll"}],"event_choices":[{"damage_healed":0.0,"max_hp_gain":0.0,"max_hp_loss":0.0,"gold_gain":0.0,"cards_transformed":["Strike_B"],"event_name":"Living Wall","player_choice":"Change","floor":2.0,"gold_loss":0.0,"damage_taken":0.0,"cards_obtained":["Tempest"]},{"damage_healed":0.0,"max_hp_gain":0.0,"max_hp_loss":0.0,"gold_gain":0.0,"event_name":"Lab","player_choice":"Got Potions","floor":3.0,"gold_loss":0.0,"damage_taken":0.0},{"damage_healed":0.0,"max_hp_gain":0.0,"max_hp_loss":0.0,"gold_gain":0.0,"event_name":"The Woman in Blue","player_choice":"Bought 3 Potions","floor":7.0,"gold_loss":0.0,"damage_taken":0.0},{"cards_removed":["Strike_B"],"damage_healed":0.0,"max_hp_gain":0.0,"max_hp_loss":0.0,"gold_gain":0.0,"event_name":"Beggar","player_choice":"Gave Gold","floor":20.0,"gold_loss":75.0,"damage_taken":0.0},{"damage_healed":0.0,"max_hp_gain":0.0,"max_hp_loss":0.0,"gold_gain":0.0,"cards_transformed":["Strike_B","Defend_B"],"event_name":"Drug Dealer","player_choice":"Became Test Subject","floor":22.0,"gold_loss":0.0,"damage_taken":0.0,"cards_obtained":["Rainbow","Machine Learning"]},{"damage_healed":0.0,"max_hp_gain":0.0,"max_hp_loss":0.0,"gold_gain":50.0,"event_name":"Nest","player_choice":"Stole From Cult","floor":27.0,"gold_loss":0.0,"damage_taken":0.0},{"damage_healed":0,"gold_gain":0,"player_choice":"Gave Potion","damage_taken":0,"relics_obtained":["Orichalcum"],"max_hp_gain":0,"max_hp_loss":0,"event_name":"WeMeetAgain","floor":36,"gold_loss":0}],"is_beta":false,"boss_relics":[{"not_picked":["Inserter","Astrolabe"],"picked":"Runic Dome"},{"not_picked":["Busted Crown","Coffee Dripper"],"picked":"Snecko Eye"}],"items_purged_floors":[21],"is_endless":false,"potions_floor_spawned":[4,10,11,12,19,25,30,35],"killed_by":"Nemesis","ascension_level":20}}