{"host":"g8a0qo0vjtg6u5wv","time":1609658329,"event":{"mods":["BaseMod","Colored Map","Custom Start","KOR Keyword Fix","Minty Spire (QoL Compilation)","StSLib","SuperFastMode","The Jungle"],"gold_per_floor":[115,126,146,164,164,164,51,69,94,94,105,105,105],"floor_reached":12,"playtime":223,"items_purged":["Strike_B"],"score":97,"play_id":"9c46cfc5-12fa-4bee-842b-9c6cb3ba4e9d","local_time":"20210103161849","is_ascension_mode":true,"campfire_choices":[{"data":"Static Discharge","floor":6,"key":"SMITH"}],"circlet_count":0,"master_deck":["Strike_B","Strike_B","Defend_B","Defend_B","Defend_B","Defend_B","Zap","Dualcast","Conserve Battery","Streamline","Static Discharge+1","Ball Lightning","Redo","FTL","Static Discharge","Glacier"],"relics":["Busted Crown","Ancient Tea Set"],"acts_visited":["Exordium"],"potions_floor_usage":[12],"damage_taken":[{"damage":1,"enemies":"2 Louse","floor":1,"turns":2},{"damage":6,"enemies":"Small Slimes","floor":2,"turns":4},{"damage":4,"enemies":"Jaw Worm","floor":3,"turns":4},{"damage":9,"enemies":"Blue Slaver","floor":4,"turns":4},{"damage":14,"enemies":"Exordium Thugs","floor":8,"turns":4},{"damage":14,"enemies":"Red Slaver","floor":11,"turns":2},{"damage":20,"enemies":"Lagavulin","floor":12,"turns":4}],"seed_played":"-5056717779847594731","potions_obtained":[{"floor":4,"key":"Energy Potion"},{"floor":8,"key":"DuplicationPotion"}],"is_trial":false,"path_per_floor":["M","M","M","M","?","R","$","M","T","?","M","E"],"character_chosen":"DEFECT","items_purchased":["FTL"],"campfire_rested":0,"item_purchase_floors":[7],"current_hp_per_floor":[67,61,57,48,48,48,48,34,34,34,20,0,0],"gold":105,"neow_bonus":"BOSS_RELIC","is_daily":false,"chose_seed":false,"campfire_upgraded":1,"win_rate":0.0,"timestamp":1609658329,"path_taken":["M","M","M","M","?","R","$","M","T","?","M","E"],"items_purchased_type":["Card"],"build_version":"2020-12-22","purchased_purges":1,"victory":false,"max_hp_per_floor":[75,75,75,75,75,75,75,75,75,75,75,75,75],"card_choices":[{"not_picked":[],"picked":"Conserve Battery","floor":1},{"not_picked":[],"picked":"Streamline","floor":2},{"not_picked":[],"picked":"Static Discharge","floor":3},{"not_picked":[],"picked":"Ball Lightning","floor":4},{"not_picked":[],"picked":"Static Discharge","floor":8},{"not_picked":[],"picked":"Glacier","floor":11}],"player_experience":546077,"relics_obtained":[{"floor":9,"key":"Ancient Tea Set"}],"event_choices":[{"damage_healed":0,"gold_gain":0,"cards_transformed":["Strike_B"],"player_choice":"Change","damage_taken":0,"max_hp_gain":0,"max_hp_loss":0,"event_name":"Living Wall","floor":5,"gold_loss":0,"cards_obtained":["Redo"]},{"damage_healed":0,"gold_gain":0,"player_choice":"Ignored","damage_taken":0,"max_hp_gain":0,"max_hp_loss":0,"event_name":"Liars Game","floor":10,"gold_loss":0}],"is_beta":false,"boss_relics":[],"items_purged_floors":[7],"is_endless":false,"potions_floor_spawned":[4,8],"killed_by":"Lagavulin","ascension_level":7}}