{"host":"xjyie0ctswsml60g","time":1609633564,"event":{"mods":["AchievementEnabler","BaseMod","Colored Map","Minty Spire (QoL Compilation)","Quick Restart","SuperFastMode"],"gold_per_floor":[119,133,146,146,146,181,181,192,219,235,235,235],"floor_reached":0,"playtime":0,"items_purged":[],"score":0,"play_id":"5707f195-bdc7-419e-b12a-6fdb6ab2ef67","local_time":"20210103022604","is_ascension_mode":false,"campfire_choices":[{"floor":7,"key":"RECALL"}],"circlet_count":0,"master_deck":["Strike_P","Strike_P","Strike_P","Defend_P","Defend_P","Defend_P","Defend_P","Eruption","Vigilance","Swivel","PathToVictory","Meditate","ThirdEye","CrushJoints","ConjureBlade"],"relics":["PureWater","Strawberry"],"acts_visited":["Exordium"],"potions_floor_usage":[6,6],"damage_taken":[{"damage":0.0,"enemies":"Cultist","floor":1.0,"turns":3.0},{"damage":0.0,"enemies":"Small Slimes","floor":2.0,"turns":3.0},{"damage":0.0,"enemies":"2 Louse","floor":3.0,"turns":2.0},{"damage":12,"enemies":"Gremlin Nob","floor":6,"turns":4},{"damage":18,"enemies":"Lots of Slimes","floor":8,"turns":7},{"damage":6,"enemies":"3 Louse","floor":10,"turns":5},{"damage":0,"enemies":"3 Sentries","floor":11,"turns":1}],"seed_played":"-7868984505802854595","potions_obtained":[{"floor":1.0,"key":"AttackPotion"},{"floor":2.0,"key":"ColorlessPotion"},{"floor":8,"key":"BottledMiracle"}],"is_trial":false,"path_per_floor":["M","M","M","?","?","E","R","M","T","M","E"],"character_chosen":"WATCHER","items_purchased":[],"campfire_rested":0,"item_purchase_floors":[],"current_hp_per_floor":[72,72,72,77,77,72,72,54,54,48,48,48],"gold":235,"neow_bonus":"REMOVE_CARD","is_daily":false,"chose_seed":false,"campfire_upgraded":0,"win_rate":0.0,"timestamp":1609633564,"path_taken":["M","?","?","?","?","E","R","M","T","?","E"],"items_purchased_type":[],"build_version":"2020-12-22","purchased_purges":0,"victory":false,"max_hp_per_floor":[72,72,72,77,77,84,84,84,84,84,84,84],"card_choices":[{"not_picked":["Fasting2","Consecrate"],"picked":"Swivel","floor":1.0},{"not_picked":["Crescendo","Pray"],"picked":"PathToVictory","floor":2.0},{"not_picked":["FlyingSleeves","Fasting2"],"picked":"Meditate","floor":3.0},{"not_picked":["FollowUp","Vengeance"],"picked":"ThirdEye","floor":6},{"not_picked":["ThirdEye","FlyingSleeves"],"picked":"CrushJoints","floor":8},{"not_picked":["Perseverance","ReachHeaven"],"picked":"ConjureBlade","floor":10}],"player_experience":493067,"relics_obtained":[{"floor":6,"key":"Strawberry"}],"event_choices":[{"damage_healed":0.0,"max_hp_gain":5.0,"max_hp_loss":0.0,"gold_gain":0.0,"event_name":"Big Fish","player_choice":"Donut","floor":4.0,"gold_loss":0.0,"damage_taken":0.0},{"damage_healed":0.0,"max_hp_gain":0.0,"max_hp_loss":0.0,"gold_gain":0.0,"event_name":"NoteForYourself","player_choice":"Ignored","floor":5.0,"gold_loss":0.0,"damage_taken":0.0}],"is_beta":false,"boss_relics":[],"items_purged_floors":[],"is_endless":false,"potions_floor_spawned":[1,2,8],"killed_by":"3 Sentries","ascension_level":0}}