{"host":"8hy8aczuekhxmmq8","time":1609660210,"event":{"mods":["Act Like it!","BaseMod","Colored Map","Colored Powertips","DeckTracker","Gensokyo","Marisa£¨Ùöéë¡¡Øª×âÞÞ£©","Minty Spire (QoL Compilation)","Quick Restart","StSLib","SuperFastMode"],"gold_per_floor":[114,114,146,146,146,178,178,204,229,229,275,275,292,318,318,429,429,457,707,707,342,149,149,195,223,223,223,73,372,372,410,410,410,410],"floor_reached":33,"playtime":1066,"items_purged":["Strike_MRS"],"score":354,"play_id":"c9bfe3f2-062e-4c7f-96de-9be9824d4ae6","local_time":"20210103165010","is_ascension_mode":true,"campfire_choices":[{"data":"FairyDestructionRay","floor":7,"key":"SMITH"},{"data":"SprinkleStarSeal","floor":10,"key":"SMITH"},{"data":"SuperNova","floor":12,"key":"SMITH"},{"data":"DragonMeteor","floor":15,"key":"SMITH"},{"data":"UpSweep","floor":23,"key":"SMITH"},{"data":"Apotheosis","floor":32,"key":"SMITH"}],"circlet_count":0,"master_deck":["Strike_MRS","Defend_MRS+1","Defend_MRS","Defend_MRS","Defend_MRS+1","UpSweep+1","WitchOfGreed","FairyDestructionRay+1","MasterSpark","SuperNova+1","SprinkleStarSeal+1","WitchLeyline","DeepEcoloBomb","DragonMeteor+1","MagicChant+1","Gensokyo:DepletedGenerator","Apotheosis+1","PropBag"],"relics":["MiniHakkero","NeowsBlessing","Happy Flower","Meat on the Bone","War Paint","Bag of Preparation","Empty Cage","Juzu Bracelet","Nunchaku","Vajra","Toy Ornithopter","The Courier","Bag of Marbles","Gremlin Horn","Gensokyo:DayTheSeaSplit","Shuriken"],"acts_visited":["Exordium","Gensokyo:Gensokyo"],"potions_floor_usage":[8,11,11,11,13,18,18,24,29,29,29,31,33],"damage_taken":[{"damage":0,"enemies":"Gensokyo:Gryphon","floor":1,"turns":1},{"damage":4,"enemies":"Gensokyo:3_Fairies","floor":3,"turns":2},{"damage":0,"enemies":"Gensokyo:Mamizou","floor":6,"turns":1},{"damage":3,"enemies":"Gensokyo:2_Kodama","floor":8,"turns":3},{"damage":23,"enemies":"Gensokyo:Aya","floor":11,"turns":6},{"damage":7,"enemies":"Gensokyo:Gryphon_and_Rabbit","floor":13,"turns":3},{"damage":11,"enemies":"Gensokyo:CorruptedTreant","floor":14,"turns":3},{"damage":29,"enemies":"Gensokyo:Yukari","floor":16,"turns":7},{"damage":14,"enemies":"Gensokyo:3_Dogs","floor":18,"turns":4},{"damage":43,"enemies":"Gensokyo:Reisen","floor":24,"turns":9},{"damage":18,"enemies":"Gensokyo:CosmicMonolith","floor":25,"turns":5},{"damage":26,"enemies":"Gensokyo:Tenshi","floor":29,"turns":5},{"damage":18,"enemies":"Gensokyo:Wraith","floor":31,"turns":3},{"damage":43,"enemies":"Gensokyo:Eternal_Rivals","floor":33,"turns":6}],"seed_played":"7260239994883869320","potions_obtained":[{"floor":1,"key":"BlessingOfTheForge"},{"floor":3,"key":"ColorlessPotion"},{"floor":3,"key":"Swift Potion"},{"floor":8,"key":"Fruit Juice"},{"floor":8,"key":"Explosive Potion"},{"floor":11,"key":"Fire Potion"},{"floor":14,"key":"Strength Potion"},{"floor":16,"key":"Swift Potion"},{"floor":16,"key":"PowerPotion"},{"floor":18,"key":"LiquidBronze"},{"floor":24,"key":"SpeedPotion"},{"floor":25,"key":"CultistPotion"},{"floor":29,"key":"Fire Potion"},{"floor":31,"key":"AttackPotion"}],"is_trial":false,"path_per_floor":["M","?","M","?","T","E","R","M","T","R","E","R","M","M","R","B",null,"M","?","?","$","COS","R","E","M","T","?","$","E","?","M","R","B"],"character_chosen":"MARISA","items_purchased":["Juzu Bracelet","Nunchaku","Apotheosis"],"campfire_rested":0,"item_purchase_floors":[21,21,28],"current_hp_per_floor":[75,75,71,71,71,71,71,73,73,73,50,50,43,44,44,27,80,66,66,66,66,66,66,35,29,29,29,29,30,30,29,29,0,0],"gold":410,"neow_bonus":"THREE_ENEMY_KILL","is_daily":false,"chose_seed":false,"campfire_upgraded":6,"win_rate":0.0,"timestamp":1609660210,"path_taken":["M","?","M","?","?","E","R","M","T","R","E","R","M","M","R","BOSS","M","?","?","?","COS","R","E","M","T","?","$","E","?","M","R","BOSS"],"items_purchased_type":["Relic","Relic","Card"],"build_version":"2020-12-22","purchased_purges":1,"victory":false,"max_hp_per_floor":[75,75,75,75,75,75,75,80,80,80,80,80,80,80,80,80,80,80,76,76,76,76,76,76,76,76,76,76,76,76,76,76,76,76],"card_choices":[{"not_picked":["GalacticHalo","EnergyFlow"],"picked":"WitchOfGreed","floor":1},{"not_picked":["PowerUp","MysteriousBeam"],"picked":"FairyDestructionRay","floor":3},{"not_picked":["MeteoricShower","SuperPerseids"],"picked":"SuperNova","floor":6},{"not_picked":["GrandCross","GravityBeat"],"picked":"SprinkleStarSeal","floor":8},{"not_picked":["EventHorizon","LuminesStrike"],"picked":"WitchLeyline","floor":11},{"not_picked":["EnergyRecoil","Acceleration"],"picked":"DeepEcoloBomb","floor":13},{"not_picked":["SuperPerseids","DeepEcoloBomb"],"picked":"DragonMeteor","floor":14},{"not_picked":["MysteriousBeam+1","ShootTheMoon"],"picked":"MagicChant+1","floor":18},{"not_picked":["SprinkleStarSeal+1","GravityBeat+1","OpenUniverse+1"],"picked":"SKIP","floor":24},{"not_picked":["EnergyRecoil+1","GalacticHalo","BlazeAway+1"],"picked":"SKIP","floor":24},{"not_picked":["GravityBeat+1","Singularity","Occultation"],"picked":"SKIP","floor":25},{"not_picked":["WitchOfGreed","6A"],"picked":"PropBag","floor":29},{"not_picked":["ShootingEcho+1","DarkSpark","GalacticHalo"],"picked":"SKIP","floor":31}],"player_experience":62891,"relics_obtained":[{"floor":6,"key":"Meat on the Bone"},{"floor":9,"key":"War Paint"},{"floor":11,"key":"Bag of Preparation"},{"floor":24,"key":"Vajra"},{"floor":26,"key":"The Courier"},{"floor":29,"key":"Gremlin Horn"}],"event_choices":[],"is_beta":false,"boss_relics":[{"not_picked":["Runic Dome","Busted Crown"],"picked":"Empty Cage"}],"items_purged_floors":[21],"is_endless":false,"potions_floor_spawned":[1,3,6,8,16,25],"killed_by":"Gensokyo:Eternal_Rivals","ascension_level":1}}