{"host":"lpcxcvdszk9zyesf","time":1609702807,"event":{"mods":["BaseMod","Better Third Choice","BetterRewards","Minty Spire (QoL Compilation)","Rare Cards Sparkle","Relic Stats","Say the Spire","Spicy Shops","StSLib"],"gold_per_floor":[110,125,101,177,190,190,190,190,190,190,203,203,0,32,32,131,131,131],"floor_reached":17,"playtime":718,"items_purged":["Strike_B"],"score":278,"play_id":"63b48a2a-d565-47dd-80ae-beee5b331a07","local_time":"20210104034007","is_ascension_mode":false,"campfire_choices":[{"floor":6.0,"key":"REST"},{"data":"Fusion","floor":8.0,"key":"SMITH"},{"floor":15.0,"key":"REST"}],"circlet_count":0,"master_deck":["Strike_B","Strike_B","Defend_B","Defend_B","Defend_B","Defend_B","Zap","Dualcast","Conserve Battery","Double Energy","Capacitor","Reinforced Body","Fusion+1","Gash","Force Field","Burn","Heatsinks","Madness","Loop","Amplify"],"relics":["Cracked Core","betterThird:SlimedRelic","Question Card","Juzu Bracelet","Akabeko","Incense Burner","PreservedInsect","Nuclear Battery"],"acts_visited":["Exordium","TheCity"],"potions_floor_usage":[16],"damage_taken":[{"damage":2.0,"enemies":"Jaw Worm","floor":1.0,"turns":4.0},{"damage":7.0,"enemies":"Small Slimes","floor":2.0,"turns":4.0},{"damage":4.0,"enemies":"Cultist","floor":5.0,"turns":4.0},{"damage":5.0,"enemies":"Looter","floor":11.0,"turns":4.0},{"damage":44.0,"enemies":"3 Sentries","floor":14.0,"turns":13.0},{"damage":10,"enemies":"Hexaghost","floor":16,"turns":13}],"seed_played":"-7727908613263214119","potions_obtained":[{"floor":2.0,"key":"Weak Potion"},{"floor":11.0,"key":"EssenceOfSteel"},{"floor":14.0,"key":"EssenceOfDarkness"}],"is_trial":false,"path_per_floor":["M","M","?","T","M","R","?","R","T","?","M","?","$","E","R","B",null],"character_chosen":"DEFECT","items_purchased":["Conserve Battery","Double Energy","Capacitor","Heatsinks","Incense Burner","Madness"],"campfire_rested":2,"item_purchase_floors":[0,0,0,13,13,13],"current_hp_per_floor":[73,66,55,55,51,73,73,73,73,66,61,61,61,17,39,29,75,75],"gold":131,"neow_bonus":"","is_daily":false,"chose_seed":false,"campfire_upgraded":1,"win_rate":0.0,"timestamp":1609702807,"path_taken":["M","M","?","?","M","R","?","R","T","?","M","?","?","E","R","BOSS"],"items_purchased_type":["Card","Card","Card","Card","Relic","Card"],"build_version":"2020-12-22","purchased_purges":1,"victory":false,"max_hp_per_floor":[75,75,75,75,75,75,75,75,75,75,75,75,75,75,75,75,75,75],"relic_stats":{"counters":[16,83],"PreservedInsect":0,"Juzu Bracelet":1,"Question Card":4,"obtain_stats":[{"PreservedInsect":14,"Juzu Bracelet":9,"Incense Burner":13,"Question Card":4,"Akabeko":10,"Nuclear Battery":17,"Peace Pipe":20,"Ornamental Fan":9,"MutagenicStrength":22,"betterThird:SlimedRelic":3,"Cracked Core":0,"StrikeDummy":12,"Toy Ornithopter":12,"Runic Pyramid":17},{"PreservedInsect":15,"Juzu Bracelet":13,"Incense Burner":14,"Question Card":12,"Akabeko":13,"Nuclear Battery":16,"Peace Pipe":8,"Ornamental Fan":3,"MutagenicStrength":9,"betterThird:SlimedRelic":12,"Cracked Core":0,"StrikeDummy":4,"Toy Ornithopter":4,"Runic Pyramid":6},{"PreservedInsect":70,"Juzu Bracelet":53,"Incense Burner":57,"Question Card":49,"Akabeko":53,"Nuclear Battery":83,"Peace Pipe":32,"Ornamental Fan":11,"MutagenicStrength":37,"betterThird:SlimedRelic":49,"Cracked Core":0,"StrikeDummy":13,"Toy Ornithopter":13,"Runic Pyramid":24}]},"card_choices":[{"not_picked":["FTL","Beam Cell"],"picked":"Reinforced Body","floor":1.0},{"not_picked":["Redo","Conserve Battery"],"picked":"Fusion","floor":2.0},{"not_picked":["Beam Cell","Hologram","Reinforced Body","Leap"],"picked":"SKIP","floor":5.0},{"not_picked":["Stack","Gash","Sweeping Beam"],"picked":"Force Field","floor":11.0},{"not_picked":["Tempest","Gash","BootSequence"],"picked":"Loop","floor":14.0},{"not_picked":["Fission","Biased Cognition","Creative AI"],"picked":"Amplify","floor":16}],"player_experience":305816,"relics_obtained":[{"floor":4.0,"key":"Question Card"},{"floor":9.0,"key":"Juzu Bracelet"},{"floor":14.0,"key":"PreservedInsect"}],"event_choices":[{"damage_healed":0.0,"max_hp_gain":0.0,"max_hp_loss":0.0,"gold_gain":0.0,"event_name":"betterThird:BetterGoop","player_choice":"Slimed","floor":3.0,"gold_loss":24.0,"damage_taken":11.0},{"damage_healed":0.0,"max_hp_gain":0.0,"max_hp_loss":0.0,"gold_gain":0.0,"cards_transformed":["Strike_B"],"event_name":"Transmorgrifier","player_choice":"Transformed","floor":7.0,"gold_loss":0.0,"damage_taken":0.0,"cards_obtained":["Gash"]},{"damage_healed":0.0,"max_hp_gain":0.0,"max_hp_loss":0.0,"gold_gain":0.0,"event_name":"betterThird:BetterScrap","player_choice":"Relic ","floor":10.0,"gold_loss":0.0,"damage_taken":7.0,"cards_obtained":["All Out Attack"]},{"damage_healed":61.0,"max_hp_gain":0.0,"max_hp_loss":75.0,"gold_gain":0.0,"event_name":"betterThird:BetterShining","player_choice":"Embrace Burn","floor":12.0,"gold_loss":0.0,"damage_taken":0.0}],"is_beta":false,"boss_relics":[{"not_picked":["Philosopher\u0027s Stone","Calling Bell"],"picked":"Nuclear Battery"}],"items_purged_floors":[0],"is_endless":false,"potions_floor_spawned":[2,11,14],"ascension_level":0}}