{"host":"gkp57zoegrd3f2ij","time":1609706308,"event":{"mods":["BaseMod","Colored Map","Colored Powertips","Downfall","Minty Spire (QoL Compilation)","StSLib"],"gold_per_floor":[114,132,132,132,42,42,52,72,119,172,172,203,215,230,230,333,333,258,258,41,0,0,0,0,0,0,0,0,0,0,0,0,0,0,0,0,0,0,0,0,0,0,0,0,0,0,0,0,0,0,0],"floor_reached":50,"playtime":3265,"items_purged":["Strike_B"],"score":552,"play_id":"dfd74bf6-bc1f-4575-8d03-3677721a6c7a","local_time":"20210103213828","is_ascension_mode":true,"campfire_choices":[{"data":"expansioncontent:CaCaw","floor":6,"key":"SMITH"},{"data":"Glacier","floor":11,"key":"SMITH"},{"floor":15,"key":"REST"},{"data":"Defragment","floor":23,"key":"SMITH"},{"data":"Zap","floor":25,"key":"SMITH"},{"data":"Self Repair","floor":27,"key":"SMITH"},{"data":"Electrodynamics","floor":30,"key":"SMITH"},{"data":"Sunder","floor":32,"key":"SMITH"},{"data":"Steam","floor":40,"key":"SMITH"},{"floor":49,"key":"REST"}],"circlet_count":0,"master_deck":["Defend_B","Defend_B","Defend_B","Defend_B","Zap+1","Dualcast","Glacier+1","Hologram","expansioncontent:CaCaw+1","Go for the Eyes","Self Repair","Conserve Battery","Self Repair+1","Ball Lightning","Steam+1","Defragment+1","Sunder+1","Electrodynamics+1","Slimebound:Tackle+1","Slimebound:Tackle+1","Auto Shields","Glacier+1","Madness","Madness","Seek","FTL+1"],"relics":["Cracked Core","CaptainsWheel","Dream Catcher","Regal Pillow","Orichalcum","Ectoplasm","White Beast Statue","Lantern","The Courier","Tiny Chest","Philosopher\u0027s Stone","Red Mask","Mummified Hand","Sundial","Anchor"],"acts_visited":["Exordium","TheCity","TheBeyond"],"potions_floor_usage":[16,28,31,33,41,50,50,50,50,50,50],"damage_taken":[{"damage":0,"enemies":"Cultist","floor":1,"turns":3},{"damage":0,"enemies":"Small Slimes","floor":2,"turns":2},{"damage":1,"enemies":"Jaw Worm","floor":7,"turns":4},{"damage":4,"enemies":"Red Slaver","floor":8,"turns":4},{"damage":4,"enemies":"Lagavulin","floor":12,"turns":9},{"damage":11,"enemies":"Exordium Thugs","floor":13,"turns":6},{"damage":2,"enemies":"Looter","floor":14,"turns":4},{"damage":23,"enemies":"The Guardian","floor":16,"turns":11},{"damage":0,"enemies":"2 Thieves","floor":18,"turns":5},{"damage":0,"enemies":"Spheric Guardian","floor":22,"turns":5},{"damage":9,"enemies":"Gremlin Leader","floor":24,"turns":10},{"damage":25,"enemies":"Slavers","floor":28,"turns":6},{"damage":15,"enemies":"Book of Stabbing","floor":31,"turns":7},{"damage":57,"enemies":"Automaton","floor":33,"turns":12},{"damage":9,"enemies":"3 Shapes","floor":35,"turns":5},{"damage":0,"enemies":"Orb Walker","floor":37,"turns":4},{"damage":34,"enemies":"Nemesis","floor":41,"turns":9},{"damage":37,"enemies":"3 Darklings","floor":42,"turns":4},{"damage":52,"enemies":"Maw","floor":46,"turns":10},{"damage":5,"enemies":"Sphere and 2 Shapes","floor":47,"turns":8},{"damage":3,"enemies":"Jaw Worm Horde","floor":48,"turns":5},{"damage":99,"enemies":"Donu and Deca","floor":50,"turns":7}],"seed_played":"-3094225215466077413","potions_obtained":[{"floor":1,"key":"GamblersBrew"},{"floor":8,"key":"Block Potion"},{"floor":12,"key":"FairyPotion"},{"floor":13,"key":"BlessingOfTheForge"},{"floor":19,"key":"SpeedPotion"},{"floor":19,"key":"Block Potion"},{"floor":28,"key":"ColorlessPotion"},{"floor":31,"key":"Fruit Juice"},{"floor":33,"key":"EntropicBrew"},{"floor":35,"key":"Weak Potion"},{"floor":41,"key":"DuplicationPotion"},{"floor":46,"key":"EssenceOfDarkness"}],"is_trial":false,"path_per_floor":["M","M","?","?","$","R","M","M","T","T","R","E","M","M","R","B",null,"M","?","$","?","M","R","E","R","T","R","E","?","R","E","R","B",null,"M","?","M","?","?","R","E","M","T","$","T","M","M","M","R","B"],"character_chosen":"DEFECT","items_purchased":["expansioncontent:CaCaw","Defragment","Sunder"],"campfire_rested":2,"item_purchase_floors":[5,20,20],"current_hp_per_floor":[54,54,54,59,59,59,58,54,54,54,54,50,46,51,80,71,80,80,80,80,80,80,80,80,80,80,80,72,72,72,79,79,22,85,85,85,85,74,74,74,57,37,37,37,37,39,51,65,85,0,0],"gold":0,"neow_bonus":"ONE_RARE_RELIC","is_daily":false,"chose_seed":false,"campfire_upgraded":8,"win_rate":0.0,"timestamp":1609706308,"path_taken":["M","M","?","?","?","R","?","M","T","?","R","E","M","M","R","BOSS","M","?","?","?","M","R","E","R","T","R","E","?","R","E","R","BOSS","M","?","M","?","?","R","E","M","T","$","?","M","?","M","R","BOSS"],"items_purchased_type":["Card","Card","Card"],"build_version":"2020-12-22","purchased_purges":1,"victory":false,"max_hp_per_floor":[75,75,75,80,80,80,80,80,80,80,80,80,80,80,80,80,80,80,80,80,80,80,80,80,80,80,80,80,80,80,85,85,85,85,85,85,85,85,85,85,85,85,85,85,85,85,85,85,85,85,85],"card_choices":[{"not_picked":["Darkness","Coolheaded"],"picked":"Glacier","floor":1},{"not_picked":["Compile Driver","Stack"],"picked":"Hologram","floor":2},{"not_picked":["Hologram","Glacier"],"picked":"Go for the Eyes","floor":7},{"not_picked":["Beam Cell","Double Energy","Stack"],"picked":"SKIP","floor":8},{"not_picked":["Darkness","Sweeping Beam"],"picked":"Self Repair","floor":12},{"not_picked":["Turbo","Reinforced Body"],"picked":"Conserve Battery","floor":13},{"not_picked":["BootSequence","Stack"],"picked":"Self Repair","floor":14},{"not_picked":["Aggregate","Stack"],"picked":"Ball Lightning","floor":15},{"not_picked":["Turbo","Hologram"],"picked":"Steam","floor":18},{"not_picked":["Gash","Darkness","Hello World"],"picked":"SKIP","floor":22},{"not_picked":["Fusion","Reprogram","Scrape"],"picked":"SKIP","floor":24},{"not_picked":["Redo+1","Static Discharge"],"picked":"Electrodynamics","floor":28},{"not_picked":["Conserve Battery+1","Leap"],"picked":"Auto Shields","floor":31},{"not_picked":["Stack+1","Go for the Eyes"],"picked":"Glacier+1","floor":35},{"not_picked":["Steam Power","Streamline","Sweeping Beam+1"],"picked":"SKIP","floor":37},{"not_picked":["Steam+1","Sweeping Beam+1"],"picked":"Seek","floor":41},{"not_picked":["Aggregate+1","Storm","Rebound"],"picked":"SKIP","floor":42},{"not_picked":["Beam Cell","Compile Driver+1","Redo"],"picked":"SKIP","floor":46},{"not_picked":["Hologram+1","Barrage+1","Reprogram"],"picked":"SKIP","floor":47},{"not_picked":["Lockon+1","Glacier","Auto Shields+1"],"picked":"SKIP","floor":48},{"not_picked":["Compile Driver","Rainbow"],"picked":"FTL+1","floor":49}],"player_experience":215732,"relics_obtained":[{"floor":9,"key":"Dream Catcher"},{"floor":10,"key":"Regal Pillow"},{"floor":12,"key":"Orichalcum"},{"floor":24,"key":"White Beast Statue"},{"floor":26,"key":"Lantern"},{"floor":28,"key":"The Courier"},{"floor":31,"key":"Tiny Chest"},{"floor":41,"key":"Mummified Hand"},{"floor":43,"key":"Sundial"},{"floor":45,"key":"Anchor"}],"event_choices":[{"damage_healed":0,"gold_gain":0,"player_choice":"Ignored","damage_taken":0,"max_hp_gain":0,"max_hp_loss":0,"event_name":"Shining Light","floor":3,"gold_loss":0},{"damage_healed":0,"gold_gain":0,"player_choice":"Donut","damage_taken":0,"max_hp_gain":5,"max_hp_loss":0,"event_name":"Big Fish","floor":4,"gold_loss":0},{"damage_healed":0,"gold_gain":0,"player_choice":"Got Potions","damage_taken":0,"max_hp_gain":0,"max_hp_loss":0,"event_name":"Lab","floor":19,"gold_loss":0},{"damage_healed":0,"gold_gain":0,"player_choice":"Paid Fearfully","damage_taken":0,"max_hp_gain":0,"max_hp_loss":0,"event_name":"Masked Bandits","floor":21,"gold_loss":41},{"damage_healed":0,"gold_gain":0,"player_choice":"Paid","damage_taken":0,"relics_obtained":["Red Mask"],"max_hp_gain":0,"max_hp_loss":0,"event_name":"Tomb of Lord Red Mask","floor":36,"gold_loss":0},{"damage_healed":0,"gold_gain":0,"player_choice":"Embrace Madness","damage_taken":11,"max_hp_gain":0,"max_hp_loss":0,"event_name":"Winding Halls","floor":38,"gold_loss":0,"cards_obtained":["Madness","Madness"]},{"cards_removed":["Slimebound:Tackle"],"damage_healed":0,"gold_gain":0,"player_choice":"Removed Attack","damage_taken":0,"max_hp_gain":0,"max_hp_loss":0,"event_name":"Falling","floor":39,"gold_loss":0}],"is_beta":false,"boss_relics":[{"not_picked":["Cursed Key","Nuclear Battery"],"picked":"Ectoplasm"},{"not_picked":["Black Star","Tiny House"],"picked":"Philosopher\u0027s Stone"}],"items_purged_floors":[20],"is_endless":false,"potions_floor_spawned":[1,8,12,13,28,31,33,35,37,41,42,46,47,48],"killed_by":"Donu and Deca","ascension_level":1}}