{"host":"novohdx135h0xyrr","time":1609700996,"event":{"mods":["BaseMod","Colored Map","Colored Powertips","Highlight Path","Minty Spire (QoL Compilation)"],"gold_per_floor":[118,118,128,145,164,164,164,195,195,220,41,41,41,56,56,56,56],"floor_reached":16,"playtime":1201,"items_purged":["Strike_R"],"score":132,"play_id":"ddb6cc62-29ac-4d37-8aee-d36b4812273a","local_time":"20210103110956","is_ascension_mode":true,"campfire_choices":[{"data":"Barricade","floor":6,"key":"SMITH"},{"floor":13,"key":"REST"},{"data":"Shrug It Off","floor":15,"key":"SMITH"}],"circlet_count":0,"master_deck":["Strike_R","Strike_R","Strike_R","Strike_R","Defend_R","Defend_R","Defend_R","Defend_R","Bash","Seeing Red+1","Body Slam","Barricade+1","Cleave","Ghostly Armor","Pommel Strike","Ghostly Armor","Shrug It Off+1"],"relics":["Burning Blood","Tiny Chest","Omamori","Mercury Hourglass","Golden Idol"],"acts_visited":["Exordium"],"potions_floor_usage":[8,8,10,10,10],"damage_taken":[{"damage":5,"enemies":"Small Slimes","floor":1,"turns":3},{"damage":1,"enemies":"Cultist","floor":3,"turns":3},{"damage":7,"enemies":"2 Louse","floor":4,"turns":3},{"damage":5,"enemies":"Exordium Wildlife","floor":5,"turns":3},{"damage":50,"enemies":"3 Sentries","floor":8,"turns":15},{"damage":32,"enemies":"Gremlin Nob","floor":10,"turns":4},{"damage":0,"enemies":"3 Louse","floor":14,"turns":2},{"damage":47,"enemies":"Hexaghost","floor":16,"turns":16}],"seed_played":"132418528396397645","potions_obtained":[{"floor":0,"key":"Ancient Potion"},{"floor":0,"key":"FearPotion"},{"floor":0,"key":"BlessingOfTheForge"},{"floor":3,"key":"SkillPotion"},{"floor":8,"key":"SteroidPotion"},{"floor":10,"key":"Fruit Juice"}],"is_trial":false,"path_per_floor":["M","?","M","M","M","R","?","E","T","E","$","?","R","M","R","B"],"character_chosen":"IRONCLAD","items_purchased":["Pommel Strike","Ghostly Armor"],"campfire_rested":1,"item_purchase_floors":[11,11],"current_hp_per_floor":[80,80,80,79,80,80,80,36,36,15,15,15,40,46,46,0,0],"gold":56,"neow_bonus":"THREE_SMALL_POTIONS","is_daily":false,"chose_seed":false,"campfire_upgraded":2,"win_rate":0.0,"timestamp":1609700996,"path_taken":["M","?","M","M","?","R","?","E","T","E","$","?","R","M","R","BOSS"],"items_purchased_type":["Card","Card"],"build_version":"2020-12-22","purchased_purges":1,"victory":false,"max_hp_per_floor":[80,80,80,80,80,80,80,80,80,85,85,85,85,85,85,85,85],"card_choices":[{"not_picked":["Shockwave","Flex"],"picked":"Seeing Red","floor":1},{"not_picked":["Anger","Rage","Reckless Charge"],"picked":"SKIP","floor":3},{"not_picked":["Sever Soul","Heavy Blade"],"picked":"Body Slam","floor":4},{"not_picked":["Twin Strike","Rampage"],"picked":"Barricade","floor":5},{"not_picked":["Clash","Anger"],"picked":"Cleave","floor":8},{"not_picked":["Iron Wave","Sever Soul"],"picked":"Ghostly Armor","floor":10},{"not_picked":["Iron Wave","Reckless Charge"],"picked":"Shrug It Off","floor":14}],"player_experience":196428,"relics_obtained":[{"floor":8,"key":"Tiny Chest"},{"floor":9,"key":"Omamori"},{"floor":10,"key":"Mercury Hourglass"}],"event_choices":[{"damage_healed":0,"gold_gain":0,"player_choice":"Forge","damage_taken":0,"max_hp_gain":0,"max_hp_loss":0,"event_name":"Accursed Blacksmith","floor":2,"gold_loss":0,"cards_upgraded":["Seeing Red"]},{"damage_healed":0,"gold_gain":0,"player_choice":"Ignored","damage_taken":0,"max_hp_gain":0,"max_hp_loss":0,"event_name":"Liars Game","floor":7,"gold_loss":0},{"damage_healed":0,"gold_gain":0,"player_choice":"Take Wound","damage_taken":0,"relics_obtained":["Golden Idol"],"max_hp_gain":0,"max_hp_loss":0,"event_name":"Golden Idol","floor":12,"gold_loss":0,"cards_obtained":["Injury"]}],"is_beta":false,"boss_relics":[],"items_purged_floors":[11],"is_endless":false,"potions_floor_spawned":[3,8,10],"killed_by":"Hexaghost","ascension_level":4}}