{"host":"6pgtslebjnyv5xmi","time":1609671561,"event":{"mods":["AchievementEnabler","BaseMod","Colored Map","Minty Spire (QoL Compilation)","Rare Cards Sparkle","StSLib","SuperFastMode","everything is the same but u backflip on backflip"],"gold_per_floor":[109,109,133,146,146,146,166,179,179,179,129,141,155,190,190,293,293,308,324,424,444,478,478,478,491,517,570,570,570,570,583,583,583,583],"floor_reached":33,"playtime":7560,"items_purged":[],"score":299,"play_id":"08a88b70-6ca9-49f8-a286-de4d60dcb13a","local_time":"20210103195921","is_ascension_mode":false,"campfire_choices":[{"data":"Feed","floor":6.0,"key":"SMITH"},{"data":"Evolve","floor":10.0,"key":"SMITH"},{"data":"Immolate","floor":15.0,"key":"SMITH"},{"data":"Body Slam","floor":23.0,"key":"SMITH"},{"data":"Entrench","floor":29.0,"key":"SMITH"},{"data":"Whirlwind","floor":32,"key":"SMITH"}],"circlet_count":0,"master_deck":["Bash","Feed+1","Evolve+1","Dual Wield","Carnage","Immolate+1","Reaper+1","Carnage+1","Power Through","Impervious","Body Slam+1","Cleave","Entrench+1","Whirlwind+1","Uppercut","Flex+1","Battle Trance"],"relics":["Burning Blood","Strawberry","Lantern","Red Skull","Ornamental Fan","Shuriken","Pandora\u0027s Box","Oddly Smooth Stone","Whetstone","HornCleat"],"acts_visited":["Exordium","TheCity"],"potions_floor_usage":[],"damage_taken":[{"damage":19.0,"enemies":"Jaw Worm","floor":1.0,"turns":4.0},{"damage":6.0,"enemies":"Cultist","floor":4.0,"turns":4.0},{"damage":4.0,"enemies":"2 Louse","floor":7.0,"turns":3.0},{"damage":21.0,"enemies":"Red Slaver","floor":8.0,"turns":5.0},{"damage":10.0,"enemies":"Exordium Wildlife","floor":12.0,"turns":5.0},{"damage":13.0,"enemies":"Blue Slaver","floor":13.0,"turns":4.0},{"damage":22.0,"enemies":"Lagavulin","floor":14.0,"turns":5.0},{"damage":59.0,"enemies":"Hexaghost","floor":16.0,"turns":7.0},{"damage":43.0,"enemies":"Shell Parasite","floor":18.0,"turns":5.0},{"damage":10.0,"enemies":"3 Byrds","floor":19.0,"turns":4.0},{"damage":32.0,"enemies":"Snecko","floor":21.0,"turns":5.0},{"damage":3.0,"enemies":"Centurion and Healer","floor":22.0,"turns":3.0},{"damage":49.0,"enemies":"Cultist and Chosen","floor":25.0,"turns":5.0},{"damage":3,"enemies":"Snake Plant","floor":31,"turns":3},{"damage":77,"enemies":"Champ","floor":33,"turns":8}],"seed_played":"-3845952300817738078","potions_obtained":[{"floor":1.0,"key":"BloodPotion"},{"floor":7.0,"key":"ColorlessPotion"},{"floor":12.0,"key":"SteroidPotion"},{"floor":14.0,"key":"PowerPotion"},{"floor":18.0,"key":"SneckoOil"},{"floor":19.0,"key":"ColorlessPotion"},{"floor":21.0,"key":"SkillPotion"}],"is_trial":false,"path_per_floor":["M","?","T","M","T","R","M","M","T","R","?","M","M","E","R","B",null,"M","M","?","M","M","R","?","M","T","T","T","R","?","M","R","B"],"character_chosen":"IRONCLAD","items_purchased":[],"campfire_rested":0,"item_purchase_floors":[],"current_hp_per_floor":[70,77,77,80,80,80,90,75,75,75,75,75,93,81,81,32,117,80,86,86,72,84,84,84,49,49,49,49,49,49,63,63,0,0],"gold":583,"neow_bonus":"ONE_RANDOM_RARE_CARD","is_daily":false,"chose_seed":false,"campfire_upgraded":6,"win_rate":0.0,"timestamp":1609671561,"path_taken":["M","?","?","?","?","R","M","?","T","R","?","M","M","E","R","BOSS","M","M","?","?","M","R","?","?","T","?","?","R","?","M","R","BOSS"],"items_purchased_type":[],"build_version":"2020-12-22","purchased_purges":0,"victory":false,"max_hp_per_floor":[83,90,90,93,93,93,101,101,101,101,101,105,109,113,113,117,117,117,121,121,121,125,125,125,125,125,125,125,125,125,125,125,125,125],"card_choices":[{"not_picked":["Cleave","Rupture"],"picked":"Evolve","floor":1.0},{"not_picked":["Pommel Strike","Iron Wave"],"picked":"Dual Wield","floor":4.0},{"not_picked":["Headbutt","Dark Embrace","Heavy Blade"],"picked":"SKIP","floor":7.0},{"not_picked":["Dropkick","Body Slam","Iron Wave"],"picked":"SKIP","floor":8.0},{"not_picked":["Flame Barrier","Iron Wave","Searing Blow"],"picked":"SKIP","floor":12.0},{"not_picked":["Headbutt","Heavy Blade"],"picked":"Carnage","floor":13.0},{"not_picked":["Bloodletting","True Grit"],"picked":"Immolate","floor":14.0},{"not_picked":["Exhume","Impervious"],"picked":"Reaper","floor":16.0},{"not_picked":["Perfected Strike","Twin Strike","Body Slam"],"picked":"SKIP","floor":18.0},{"not_picked":["Headbutt+1","Bloodletting"],"picked":"Flex+1","floor":19.0},{"not_picked":["Iron Wave","Pummel"],"picked":"Battle Trance","floor":21.0},{"not_picked":["Warcry","Body Slam","Rupture"],"picked":"SKIP","floor":22.0},{"not_picked":["Heavy Blade","Perfected Strike+1","Infernal Blade"],"picked":"SKIP","floor":25.0},{"not_picked":["Iron Wave","Battle Trance","Headbutt"],"picked":"SKIP","floor":31}],"player_experience":661684,"relics_obtained":[{"floor":3.0,"key":"Lantern"},{"floor":5.0,"key":"Red Skull"},{"floor":9.0,"key":"Ornamental Fan"},{"floor":14.0,"key":"Shuriken"},{"floor":26.0,"key":"Oddly Smooth Stone"},{"floor":27.0,"key":"Whetstone"},{"floor":28.0,"key":"HornCleat"}],"event_choices":[{"damage_healed":0.0,"max_hp_gain":0.0,"max_hp_loss":0.0,"gold_gain":0.0,"event_name":"Big Fish","player_choice":"Box","floor":2.0,"gold_loss":0.0,"damage_taken":0.0,"relics_obtained":["Strawberry"],"cards_obtained":["Regret"]},{"cards_removed":["Strike_R"],"damage_healed":0.0,"max_hp_gain":0.0,"max_hp_loss":0.0,"gold_gain":0.0,"event_name":"The Cleric","player_choice":"Card Removal","floor":11.0,"gold_loss":50.0,"damage_taken":0.0},{"damage_healed":0.0,"max_hp_gain":0.0,"max_hp_loss":0.0,"gold_gain":100.0,"event_name":"Golden Shrine","player_choice":"Pray","floor":20.0,"gold_loss":0.0,"damage_taken":0.0},{"cards_removed":["Regret"],"damage_healed":0.0,"max_hp_gain":0.0,"max_hp_loss":0.0,"gold_gain":0.0,"event_name":"Purifier","player_choice":"Purged","floor":24.0,"gold_loss":0.0,"damage_taken":0.0},{"damage_healed":0,"gold_gain":0,"player_choice":"Ignored","damage_taken":0,"max_hp_gain":0,"max_hp_loss":0,"event_name":"Cursed Tome","floor":30,"gold_loss":0}],"is_beta":false,"boss_relics":[{"not_picked":["Black Star","Ectoplasm"],"picked":"Pandora\u0027s Box"}],"items_purged_floors":[],"is_endless":false,"potions_floor_spawned":[1,7,12,14,18,19,21],"killed_by":"Champ","ascension_level":0}}