{"host":"jl15pmpb41l0mhji","time":1609643431,"event":{"mods":["2.2 Compatiblity","AchievementEnabler","BaseMod","Better Altar","Better Match","Better Note","Better Sensory Stone","Better Skull","Better Third Choice","Better Vampires","Colored Map","Displayed Cursed Tome","Emptier Cage","Hermit","Highlight Path","Minty Spire (QoL Compilation)","Permanent Neow","Random Character Button","Relic Stats","StSLib","The Hierophant"],"gold_per_floor":[110,110,123,8,0,0,28,28,28,28,28,40,40,56,56,56,56],"floor_reached":16,"playtime":666,"items_purged":[],"score":228,"play_id":"3c18cec6-5b1e-42d2-8ac1-82c65e9d74da","local_time":"20210102211031","is_ascension_mode":true,"campfire_choices":[{"data":"Enlightenment","floor":6.0,"key":"SMITH"},{"data":"hierophant:PristineSoul","floor":8.0,"key":"SMITH"},{"data":"hierophant:PassingBell","floor":11.0,"key":"SMITH"},{"data":"hierophant:PristineSoul","floor":15,"key":"SMITH"}],"circlet_count":0,"master_deck":["AscendersBane","hierophant:Strike_Hierophant","hierophant:Strike_Hierophant","hierophant:Strike_Hierophant","hierophant:Punish","hierophant:Defend_Hierophant","hierophant:Defend_Hierophant","hierophant:Defend_Hierophant","hierophant:Defend_Hierophant","hierophant:ChurchCoffers","hierophant:SealAway","hierophant:PristineSoul+1","hierophant:PristineSoul+1","hierophant:PassingBell+1","Enlightenment+1","hierophant:Zeal","hierophant:MorningPrayer"],"relics":["hierophant:PropheticMaskRelic","NeowsBlessing","Pear","Blue Candle","The Courier"],"acts_visited":["Exordium"],"potions_floor_usage":[16],"damage_taken":[{"damage":0.0,"enemies":"Small Slimes","floor":1.0,"turns":1.0},{"damage":0.0,"enemies":"Cultist","floor":3.0,"turns":1.0},{"damage":0.0,"enemies":"Lagavulin","floor":7.0,"turns":1.0},{"damage":0.0,"enemies":"Jaw Worm","floor":12.0,"turns":3.0},{"damage":3,"enemies":"3 Louse","floor":14,"turns":3},{"damage":81,"enemies":"Hexaghost","floor":16,"turns":18}],"seed_played":"-9207116011977221289","potions_obtained":[{"floor":12,"key":"Fire Potion"}],"is_trial":false,"path_per_floor":["M","?","M","$","?","R","E","R","T","$","R","M","?","M","R","B"],"character_chosen":"HIEROPHANT","items_purchased":["hierophant:PristineSoul","hierophant:PassingBell"],"campfire_rested":0,"item_purchase_floors":[4,4],"current_hp_per_floor":[68,78,78,78,84,84,84,84,84,84,84,84,84,81,81,0,0],"gold":56,"neow_bonus":"THREE_ENEMY_KILL","is_daily":false,"chose_seed":false,"campfire_upgraded":4,"win_rate":0.0,"timestamp":1609643431,"path_taken":["M","?","?","$","?","R","E","R","T","?","R","M","?","M","R","BOSS"],"items_purchased_type":["Card","Card"],"build_version":"2020-12-22","purchased_purges":0,"victory":false,"max_hp_per_floor":[75,85,85,85,91,91,91,91,91,91,91,91,91,91,91,91,91],"relic_stats":{"counters":[6,27],"Blue Candle":[0],"obtain_stats":[{"Pear":2,"NeowsBlessing":0,"hierophant:PropheticMaskRelic":0,"Blue Candle":7,"The Courier":9},{"Pear":1,"NeowsBlessing":0,"hierophant:PropheticMaskRelic":0,"Blue Candle":3,"The Courier":3},{"Pear":1,"NeowsBlessing":0,"hierophant:PropheticMaskRelic":0,"Blue Candle":3,"The Courier":3}]},"card_choices":[{"not_picked":["hierophant:OrnateBuckler","hierophant:Shelter"],"picked":"hierophant:SealAway","floor":1.0},{"not_picked":["hierophant:Dazzle","hierophant:AuricBeam"],"picked":"hierophant:PristineSoul","floor":3.0},{"not_picked":["hierophant:Bribe","hierophant:FieryStrike"],"picked":"hierophant:Zeal","floor":7.0},{"not_picked":["hierophant:Glossolalia","hierophant:OrnateBuckler"],"picked":"hierophant:MorningPrayer","floor":12},{"not_picked":["hierophant:Upheaval","hierophant:Purify","hierophant:AuricBeam"],"picked":"SKIP","floor":14}],"player_experience":1664711,"relics_obtained":[{"floor":2.0,"key":"Pear"},{"floor":7.0,"key":"Blue Candle"},{"floor":9.0,"key":"The Courier"}],"event_choices":[{"damage_healed":0.0,"max_hp_gain":0.0,"max_hp_loss":0.0,"gold_gain":0.0,"event_name":"Wheel of Change","player_choice":"Relic","floor":2.0,"gold_loss":0.0,"damage_taken":0.0},{"damage_healed":0.0,"max_hp_gain":0.0,"max_hp_loss":0.0,"gold_gain":0.0,"event_name":"betterThird:BetterSerpent","player_choice":"RENOUNCE","floor":5.0,"gold_loss":8.0,"damage_taken":8.0,"cards_obtained":["Enlightenment"]},{"cards_removed":["hierophant:Strike_Hierophant"],"damage_healed":0,"gold_gain":0,"player_choice":"Forget","damage_taken":0,"max_hp_gain":0,"max_hp_loss":0,"event_name":"Living Wall","floor":13,"gold_loss":0}],"is_beta":false,"boss_relics":[],"items_purged_floors":[],"is_endless":false,"potions_floor_spawned":[12],"killed_by":"Hexaghost","ascension_level":13}}