{"host":"0dsi8ju7ih3zb7n8","time":1609665005,"event":{"mods":["2.2 Compatiblity","Act Like it!","BaseMod","Downfall","Hermit","Minty Spire (QoL Compilation)","Robot Space Explorer","Spicy Shops","StSLib","The Marked"],"gold_per_floor":[113,113,113,131,406,406,435,435,435,20,59,94,110,152,152,256,256,283,283,104,129,129,169,207,207,207,543,543,42,42,42,42,152,152,181,39,39,39,98,132,167,167,193,220,220,237,237,272,272,272],"floor_reached":51,"playtime":2322,"items_purged":["Normality"],"score":984,"play_id":"12321f94-1252-47d1-9fdd-3508b895bc44","local_time":"20210103101005","daily_mods":["SealedDeck","Heirloom","Flight"],"is_ascension_mode":false,"campfire_choices":[{"floor":6.0,"key":"REST"},{"floor":8.0,"key":"REST"},{"data":"1","floor":15.0,"key":"LIFT"},{"data":"2","floor":25.0,"key":"LIFT"},{"data":"3","floor":32.0,"key":"LIFT"},{"data":"theMarked:Challenge","floor":42.0,"key":"SMITH"},{"data":"theMarked:RogueSparks","floor":45.0,"key":"SMITH"},{"data":"theMarked:Vacuum","floor":47,"key":"SMITH"},{"data":"theMarked:MysticalArsenal","floor":49,"key":"SMITH"}],"circlet_count":0,"master_deck":["theMarked:RogueSparks+1","theMarked:SwordAndMagic","theMarked:BanishingStrike","theMarked:Aftermath","theMarked:HeightenedSenses","theMarked:ElectricStrings","theMarked:GodGivenPower","theMarked:GodGivenPower","theMarked:BanishingWave","theMarked:MysticalArsenal+1","theMarked:Improvise","theMarked:TwofoldDefense","theMarked:KeepCalmAndFightOn","theMarked:Vacuum+1","theMarked:Indomitable","theMarked:WastefulDefense","theMarked:Challenge+1","theMarked:PowerFlow","theMarked:HeritageOfTheMarked","theMarked:Opportunist","theMarked:GodGivenPower+1","theMarked:MaelstromOfLightning","theMarked:ReduceFriction+1","theMarked:TakeOffHeels+1","theMarked:Panic+1","theMarked:HeritageOfTheMarked+1","theMarked:RogueSparks+1","theMarked:DeterminationOfTheMarked+1","theMarked:Seal+1","Apotheosis+1","Discovery+1","Discovery+1","theMarked:EmpowerWeapon+1"],"relics":["theMarked:ArtifactOfAir","Bird Faced Urn","Matryoshka","MealTicket","CeramicFish","Girya","theMarked:Gun","Sling","HornCleat","Art of War","Strawberry","theMarked:Eyepatch","theMarked:DemonDagger","Letter Opener","Bottled Lightning","Centennial Puzzle","Frozen Egg 2","Old Coin","Mummified Hand","Toxic Egg 2","Anchor","Philosopher\u0027s Stone","theMarked:VonisonLock","Incense Burner","Gremlin Horn","InkBottle","Orichalcum","Potion Belt"],"acts_visited":["Exordium","TheCity","TheBeyond"],"potions_floor_usage":[50,50],"damage_taken":[{"damage":7.0,"enemies":"Small Slimes","floor":1.0,"turns":3.0},{"damage":19.0,"enemies":"Jaw Worm","floor":4.0,"turns":4.0},{"damage":34.0,"enemies":"3 Sentries","floor":7.0,"turns":5.0},{"damage":13.0,"enemies":"Lagavulin","floor":11.0,"turns":5.0},{"damage":13.0,"enemies":"3 Sentries","floor":12.0,"turns":4.0},{"damage":0.0,"enemies":"Cultist","floor":13.0,"turns":3.0},{"damage":11.0,"enemies":"Lagavulin","floor":14.0,"turns":6.0},{"damage":21.0,"enemies":"Hexaghost","floor":16.0,"turns":7.0},{"damage":5.0,"enemies":"Chosen","floor":18.0,"turns":4.0},{"damage":20.0,"enemies":"Spheric Guardian","floor":21.0,"turns":4.0},{"damage":18.0,"enemies":"Gremlin Leader","floor":23.0,"turns":4.0},{"damage":20.0,"enemies":"Slavers","floor":24.0,"turns":5.0},{"damage":27.0,"enemies":"Book of Stabbing","floor":27.0,"turns":4.0},{"damage":16.0,"enemies":"Automaton","floor":33.0,"turns":6.0},{"damage":0.0,"enemies":"Orb Walker","floor":35.0,"turns":3.0},{"damage":0.0,"enemies":"Mind Bloom Boss Battle","floor":39.0,"turns":4.0},{"damage":0.0,"enemies":"Reptomancer","floor":40.0,"turns":3.0},{"damage":0.0,"enemies":"Giant Head","floor":41.0,"turns":5.0},{"damage":8,"enemies":"3 Shapes","floor":46,"turns":2},{"damage":0,"enemies":"Reptomancer","floor":48,"turns":2},{"damage":55,"enemies":"Awakened One","floor":50,"turns":7}],"seed_played":"-5827289904206333771","potions_obtained":[{"floor":4.0,"key":"Slimebound:ThreeZeroPotion"},{"floor":11.0,"key":"Block Potion"},{"floor":13.0,"key":"Block Potion"},{"floor":14.0,"key":"theMarked:ChargePotion"},{"floor":18.0,"key":"SkillPotion"},{"floor":23.0,"key":"FairyPotion"},{"floor":31.0,"key":"Block Potion"},{"floor":48,"key":"SteroidPotion"}],"is_trial":true,"path_per_floor":["M","?","?","M","?","R","E","R","T","$","E","E","M","E","R","B",null,"M","?","$","M","?","E","E","R","T","E","?","$","?","?","R","B",null,"M","$","?","$","?","E","E","R","T","?","R","M","R","E","R","B",null],"character_chosen":"THE_DEFAULT","items_purchased":["theMarked:Gun","Sling","theMarked:DemonDagger","theMarked:HeritageOfTheMarked","Mummified Hand","Toxic Egg 2","Anchor","theMarked:VonisonLock","theMarked:HeritageOfTheMarked+1"],"campfire_rested":2,"item_purchase_floors":[10,10,20,20,29,29,29,36,36],"current_hp_per_floor":[63,30,35,22,22,44,16,38,38,53,48,39,43,47,47,32,82,82,82,82,62,62,46,32,32,32,15,42,57,57,57,57,55,82,82,82,78,78,78,78,78,78,78,68,68,74,74,78,78,31],"gold":272,"neow_bonus":"","is_daily":false,"chose_seed":false,"campfire_upgraded":4,"win_rate":0.0,"timestamp":1609665005,"path_taken":["M","?","?","?","?","R","E","R","T","?","E","E","?","E","R","BOSS","M","?","$","?","?","E","E","R","T","E","?","?","?","?","R","BOSS","M","?","?","?","?","E","E","R","T","?","R","?","R","E","R","BOSS"],"items_purchased_type":["Relic","Relic","Relic","Card","Relic","Relic","Relic","Relic","Card"],"build_version":"2020-12-22","purchased_purges":1,"victory":true,"max_hp_per_floor":[70,70,75,75,75,75,75,75,75,75,75,75,75,82,82,82,82,82,82,82,82,82,82,82,82,82,82,82,82,82,82,82,82,82,82,82,78,78,78,78,78,78,78,78,78,78,78,78,78,78],"card_choices":[{"not_picked":["theMarked:SwordAndMagic","theMarked:ChainLightning"],"picked":"theMarked:Improvise","floor":1.0},{"not_picked":["theMarked:WastefulDefense","theMarked:SwordAndMagic"],"picked":"theMarked:TwofoldDefense","floor":4.0},{"not_picked":["theMarked:ShockingTouch","theMarked:PowerFlow"],"picked":"theMarked:KeepCalmAndFightOn","floor":7.0},{"not_picked":["theMarked:BanishingStrike","theMarked:Electrify"],"picked":"theMarked:Vacuum","floor":11.0},{"not_picked":["theMarked:Improvise","theMarked:Parkour"],"picked":"theMarked:Indomitable","floor":12.0},{"not_picked":["theMarked:Parkour","theMarked:Aftermath","theMarked:Static"],"picked":"SKIP","floor":13.0},{"not_picked":["theMarked:Improvise","theMarked:SwordAndMagic"],"picked":"theMarked:WastefulDefense","floor":14.0},{"not_picked":["theMarked:ThrowWeapon","theMarked:MagicAdept"],"picked":"theMarked:Challenge","floor":16.0},{"not_picked":["theMarked:BanishingWave","theMarked:ResourceFulStrike"],"picked":"theMarked:PowerFlow","floor":18.0},{"not_picked":["theMarked:ElectricStrings","theMarked:PowerFlow"],"picked":"theMarked:Opportunist","floor":21.0},{"not_picked":["theMarked:SelfDefenseTraining","theMarked:ShockingTouch"],"picked":"theMarked:GodGivenPower+1","floor":23.0},{"not_picked":["theMarked:TunnelVision","theMarked:EmpowerWeapon"],"picked":"theMarked:MaelstromOfLightning","floor":24.0},{"not_picked":["theMarked:Frustration","theMarked:RepellingDischarge+1"],"picked":"theMarked:ReduceFriction+1","floor":27.0},{"not_picked":["theMarked:DispelDoubt","theMarked:SoldierForm+1"],"picked":"theMarked:TakeOffHeels+1","floor":33.0},{"not_picked":["theMarked:Overthink+1","theMarked:WardOff+1"],"picked":"theMarked:Panic+1","floor":35.0},{"not_picked":["theMarked:BanishingWave+1","theMarked:Parkour+1"],"picked":"theMarked:RogueSparks+1","floor":39.0},{"not_picked":["theMarked:Indomitable+1","theMarked:Opportunist+1"],"picked":"theMarked:DeterminationOfTheMarked+1","floor":40.0},{"not_picked":["theMarked:Parkour+1","theMarked:ChainLightning+1"],"picked":"theMarked:Seal+1","floor":41.0},{"not_picked":["Mayhem+1","Master of Strategy+1"],"picked":"Apotheosis+1","floor":44.0},{"not_picked":["expansioncontent:DonusPower+1","Metamorphosis+1"],"picked":"Discovery+1","floor":44.0},{"not_picked":["expansioncontent:StudyTheSpire+1","expansioncontent:LastStand+1"],"picked":"Discovery+1","floor":44.0},{"not_picked":["theMarked:Improvise+1","theMarked:BanishingStrike+1","theMarked:HeightenedSenses+1"],"picked":"SKIP","floor":46},{"not_picked":["theMarked:ElectricStrings+1","theMarked:LightningStrikesTwice+1"],"picked":"theMarked:EmpowerWeapon+1","floor":48}],"player_experience":814379,"relics_obtained":[{"floor":7.0,"key":"MealTicket"},{"floor":9.0,"key":"CeramicFish"},{"floor":9.0,"key":"Girya"},{"floor":11.0,"key":"HornCleat"},{"floor":12.0,"key":"Art of War"},{"floor":14.0,"key":"Strawberry"},{"floor":23.0,"key":"Letter Opener"},{"floor":24.0,"key":"Bottled Lightning"},{"floor":26.0,"key":"Centennial Puzzle"},{"floor":26.0,"key":"Frozen Egg 2"},{"floor":27.0,"key":"Old Coin"},{"floor":39.0,"key":"Incense Burner"},{"floor":40.0,"key":"Gremlin Horn"},{"floor":41.0,"key":"InkBottle"},{"floor":43.0,"key":"Orichalcum"},{"floor":48,"key":"Potion Belt"}],"event_choices":[{"damage_healed":0.0,"max_hp_gain":0.0,"max_hp_loss":0.0,"gold_gain":0.0,"event_name":"Scrap Ooze","player_choice":"Success","floor":2.0,"gold_loss":0.0,"damage_taken":33.0,"relics_obtained":["Matryoshka"]},{"damage_healed":0.0,"max_hp_gain":5.0,"max_hp_loss":0.0,"gold_gain":0.0,"event_name":"Big Fish","player_choice":"Donut","floor":3.0,"gold_loss":0.0,"damage_taken":0.0},{"damage_healed":0.0,"max_hp_gain":0.0,"max_hp_loss":0.0,"gold_gain":275.0,"event_name":"Golden Shrine","player_choice":"Desecrate","floor":5.0,"gold_loss":0.0,"damage_taken":0.0,"cards_obtained":["Regret"]},{"cards_removed":["Regret"],"damage_healed":0.0,"max_hp_gain":0.0,"max_hp_loss":0.0,"gold_gain":0.0,"event_name":"Fountain of Cleansing","player_choice":"Removed Curses","floor":19.0,"gold_loss":0.0,"damage_taken":0.0},{"damage_healed":0.0,"max_hp_gain":0.0,"max_hp_loss":0.0,"gold_gain":0.0,"event_name":"Vampires","player_choice":"Ignored","floor":22.0,"gold_loss":0.0,"damage_taken":0.0},{"damage_healed":27.0,"max_hp_gain":0.0,"max_hp_loss":0.0,"gold_gain":0.0,"event_name":"The Library","player_choice":"Heal","floor":28.0,"gold_loss":0.0,"damage_taken":0.0},{"damage_healed":0.0,"max_hp_gain":0.0,"max_hp_loss":0.0,"gold_gain":0.0,"event_name":"Lab","player_choice":"Got Potions","floor":31.0,"gold_loss":0.0,"damage_taken":0.0},{"damage_healed":0.0,"max_hp_gain":0.0,"max_hp_loss":4.0,"gold_gain":0.0,"event_name":"Winding Halls","player_choice":"Max HP","floor":37.0,"gold_loss":0.0,"damage_taken":0.0},{"damage_healed":0.0,"max_hp_gain":0.0,"max_hp_loss":0.0,"gold_gain":0.0,"event_name":"MindBloom","player_choice":"Fight","floor":39.0,"gold_loss":0.0,"damage_taken":0.0},{"damage_healed":0.0,"max_hp_gain":0.0,"max_hp_loss":0.0,"gold_gain":0.0,"event_name":"SensoryStone","player_choice":"Memory 3","floor":44.0,"gold_loss":0.0,"damage_taken":10.0}],"is_beta":false,"boss_relics":[{"not_picked":["Runic Pyramid","Empty Cage"],"picked":"theMarked:Eyepatch"},{"not_picked":["Astrolabe","SlaversCollar"],"picked":"Philosopher\u0027s Stone"}],"items_purged_floors":[29],"is_endless":false,"potions_floor_spawned":[4,11,13,14,18,23,33,39,40,46,48],"ascension_level":0}}