{"host":"tpbmol9dayg75a5s","time":1609696543,"event":{"mods":["BaseMod","Bestiary","Block Reminder","Colored Powertips","Downfall","Minty Spire (QoL Compilation)","Relic Stats","Replay The Spire","StSLib"],"gold_per_floor":[113,113,127,142,67,67,103,116,116,62,62,136,162,185,185,185,185],"floor_reached":16,"playtime":922,"items_purged":["Injury"],"score":190,"play_id":"fbfc5c40-9700-4727-97aa-3fe1c60964d8","local_time":"20210103145543","is_ascension_mode":true,"campfire_choices":[{"data":"Neutralize","floor":6,"key":"SMITH"},{"floor":11,"key":"REST"},{"floor":15,"key":"REST"}],"circlet_count":0,"master_deck":["AscendersBane","Strike_G","Strike_G","Strike_G","Strike_G","Defend_G","Defend_G","Defend_G","Defend_G","Survivor","Neutralize+1","Unload","ReplayTheSpireMod:Speed Training","Slice","Footwork","Deadly Poison","Poisoned Stab","All Out Attack","Quick Slash"],"relics":["Ring of the Snake","Golden Idol","Question Card","Ice Cream","Oddly Smooth Stone"],"acts_visited":["Exordium"],"potions_floor_usage":[7,16],"damage_taken":[{"damage":0,"enemies":"2 Louse","floor":1,"turns":3},{"damage":4,"enemies":"Jaw Worm","floor":3,"turns":5},{"damage":0,"enemies":"Small Slimes","floor":4,"turns":5},{"damage":53,"enemies":"Lagavulin","floor":7,"turns":8},{"damage":0,"enemies":"2 Fungi Beasts","floor":8,"turns":3},{"damage":10,"enemies":"3 Louse","floor":14,"turns":4},{"damage":40,"enemies":"Fading Forest","floor":16,"turns":9}],"seed_played":"-3149785908232011866","potions_obtained":[{"floor":3,"key":"ColorlessPotion"},{"floor":7,"key":"hexamod:EctoCoolerPotion"}],"is_trial":false,"path_per_floor":["M","?","M","M","$","R","E","M","T","$","R","?","T","M","R","B"],"character_chosen":"THE_SILENT","items_purchased":["champ:CounterPotion"],"campfire_rested":2,"item_purchase_floors":[10],"current_hp_per_floor":[59,59,55,55,55,55,2,2,2,2,20,20,20,10,28,0,0],"gold":185,"neow_bonus":"TRANSFORM_TWO_CARDS","is_daily":false,"chose_seed":false,"campfire_upgraded":1,"win_rate":0.0,"timestamp":1609696543,"path_taken":["M","?","M","M","$","R","E","M","T","$","R","?","?","M","R","BOSS"],"items_purchased_type":["Potion"],"build_version":"2020-12-22","purchased_purges":1,"victory":false,"max_hp_per_floor":[60,60,60,60,60,60,60,60,60,60,60,60,60,60,60,60,60],"relic_stats":{"counters":[7,37],"Golden Idol":21,"Question Card":2,"obtain_stats":[{"Ice Cream":9,"Golden Idol":2,"Oddly Smooth Stone":13,"Question Card":7,"Ring of the Snake":0},{"Ice Cream":5,"Golden Idol":1,"Oddly Smooth Stone":5,"Question Card":4,"Ring of the Snake":0},{"Ice Cream":24,"Golden Idol":3,"Oddly Smooth Stone":24,"Question Card":21,"Ring of the Snake":0}],"Ring of the Snake":[14]},"card_choices":[{"not_picked":["Sucker Punch","Outmaneuver"],"picked":"Slice","floor":1},{"not_picked":["Backflip","Skewer"],"picked":"Footwork","floor":3},{"not_picked":["Eviscerate","Riddle With Holes"],"picked":"Deadly Poison","floor":4},{"not_picked":["A Thousand Cuts","Hidden Blade"],"picked":"Poisoned Stab","floor":7},{"not_picked":["Poisoned Stab","Masterful Stab","Prepared"],"picked":"All Out Attack","floor":8},{"not_picked":["Backflip","Skewer","Dagger Spray"],"picked":"Quick Slash","floor":14}],"player_experience":998110,"relics_obtained":[{"floor":7,"key":"Question Card"},{"floor":9,"key":"Ice Cream"},{"floor":13,"key":"Oddly Smooth Stone"}],"event_choices":[{"damage_healed":0,"gold_gain":0,"player_choice":"Take Wound","damage_taken":0,"relics_obtained":["Golden Idol"],"max_hp_gain":0,"max_hp_loss":0,"event_name":"Golden Idol","floor":2,"gold_loss":0,"cards_obtained":["Injury"]},{"damage_healed":0,"gold_gain":74,"player_choice":"Gained Gold","damage_taken":0,"max_hp_gain":0,"max_hp_loss":0,"event_name":"Golden Wing","floor":12,"gold_loss":0}],"is_beta":false,"boss_relics":[],"items_purged_floors":[5],"is_endless":false,"potions_floor_spawned":[3,7,14],"killed_by":"Fading Forest","ascension_level":18}}