{"host":"1rf9pknejqhzkc4o","time":1609635174,"event":{"mods":["BaseMod","Better Altar","Better Match","Better Note","Better Sensory Stone","Better Skull","Better Third Choice","Colored Map","Colored Powertips","Communication Mod","Minty Spire (QoL Compilation)","Quick Restart","RNG Fix","Rare Cards Sparkle","Relic Stats","StSLib"],"gold_per_floor":[119,119,119,84,160,160,200,224,271,115,136,136,66,96,96,222,222,238,238,76,76,22,61,61,61,61],"floor_reached":25,"playtime":585,"items_purged":[],"score":213,"play_id":"dfc3b7cd-a083-4553-a17b-cce4d7380fc1","local_time":"20210103035254","is_ascension_mode":false,"campfire_choices":[{"data":"Sunder","floor":6.0,"key":"SMITH"},{"floor":12.0,"key":"REST"},{"floor":15.0,"key":"REST"},{"floor":24,"key":"REST"}],"circlet_count":0,"master_deck":["Strike_B","Strike_B","Strike_B","Strike_B","Defend_B","Defend_B","Defend_B","Defend_B","Zap","Dualcast","Sunder+1","Redo","Ball Lightning","Lockon","Static Discharge","Echo Form+1","Beam Cell+1","Static Discharge","Reboot","Ball Lightning","Tempest"],"relics":["Cracked Core","Pen Nib","Strawberry","Golden Idol","White Beast Statue","Ancient Tea Set","Juzu Bracelet","Ornamental Fan","Inserter","Thread and Needle"],"acts_visited":["Exordium","TheCity"],"potions_floor_usage":[16,16,16,23,23,25],"damage_taken":[{"damage":2.0,"enemies":"Small Slimes","floor":1.0,"turns":3.0},{"damage":45.0,"enemies":"Lagavulin","floor":7.0,"turns":8.0},{"damage":3.0,"enemies":"Jaw Worm","floor":8.0,"turns":4.0},{"damage":0.0,"enemies":"Cultist","floor":11.0,"turns":4.0},{"damage":18,"enemies":"Hexaghost","floor":16,"turns":7},{"damage":27,"enemies":"Chosen","floor":18,"turns":5},{"damage":34,"enemies":"Book of Stabbing","floor":23,"turns":4},{"damage":49,"enemies":"Slavers","floor":25,"turns":3}],"seed_played":"-8454444164951856943","potions_obtained":[{"floor":7.0,"key":"ColorlessPotion"},{"floor":8.0,"key":"SkillPotion"},{"floor":11.0,"key":"SpeedPotion"},{"floor":16,"key":"Block Potion"},{"floor":18,"key":"Explosive Potion"},{"floor":23,"key":"Strength Potion"}],"is_trial":false,"path_per_floor":["M","T","?","?","?","R","E","M","T","$","M","R","$","?","R","B",null,"M","?","$","?","$","E","R","E"],"character_chosen":"DEFECT","items_purchased":["Juzu Bracelet","Static Discharge","Reboot","Ball Lightning"],"campfire_rested":3,"item_purchase_floors":[10,13,20,22],"current_hp_per_floor":[73,80,60,80,80,80,35,32,32,32,32,56,56,56,80,62,82,55,55,55,55,55,21,45,0,0],"gold":61,"neow_bonus":"RANDOM_COMMON_RELIC","is_daily":false,"chose_seed":false,"campfire_upgraded":1,"win_rate":0.0,"timestamp":1609635174,"path_taken":["M","?","?","?","?","R","E","?","T","$","M","R","?","?","R","BOSS","M","?","$","?","$","E","R","E"],"items_purchased_type":["Relic","Card","Card","Card"],"build_version":"2020-12-22","purchased_purges":0,"victory":false,"max_hp_per_floor":[75,82,82,82,82,82,82,82,82,82,82,82,82,82,82,82,82,82,82,82,82,82,82,82,82,82],"relic_stats":{"Inserter":[6],"counters":[8,38],"Golden Idol":53,"Ornamental Fan":[0],"Pen Nib":[4],"Juzu Bracelet":1,"obtain_stats":[{"Inserter":17,"Golden Idol":3,"Ornamental Fan":14,"Strawberry":2,"Thread and Needle":23,"Pen Nib":0,"Juzu Bracelet":10,"Cracked Core":0,"Ancient Tea Set":9,"White Beast Statue":7},{"Inserter":5,"Golden Idol":1,"Ornamental Fan":4,"Strawberry":1,"Thread and Needle":7,"Pen Nib":0,"Juzu Bracelet":3,"Cracked Core":0,"Ancient Tea Set":3,"White Beast Statue":2},{"Inserter":26,"Golden Idol":3,"Ornamental Fan":19,"Strawberry":3,"Thread and Needle":35,"Pen Nib":0,"Juzu Bracelet":15,"Cracked Core":0,"Ancient Tea Set":15,"White Beast Statue":11}]},"card_choices":[{"not_picked":["Streamline","Darkness"],"picked":"Sunder","floor":1.0},{"not_picked":["FTL","Compile Driver"],"picked":"Redo","floor":7.0},{"not_picked":["Gash","Recycle"],"picked":"Ball Lightning","floor":8.0},{"not_picked":["Sunder","Fusion"],"picked":"Lockon","floor":11.0},{"not_picked":["Amplify","Thunder Strike"],"picked":"Echo Form","floor":16},{"not_picked":["Hologram","Fusion"],"picked":"Beam Cell+1","floor":18},{"not_picked":["Coolheaded","Turbo"],"picked":"Tempest","floor":23}],"player_experience":161195,"relics_obtained":[{"floor":2.0,"key":"Strawberry"},{"floor":7.0,"key":"White Beast Statue"},{"floor":9.0,"key":"Ancient Tea Set"},{"floor":23,"key":"Thread and Needle"}],"event_choices":[{"damage_healed":0.0,"max_hp_gain":0.0,"max_hp_loss":0.0,"gold_gain":0.0,"event_name":"Golden Idol","player_choice":"Take Damage","floor":3.0,"gold_loss":0.0,"damage_taken":20.0,"relics_obtained":["Golden Idol"]},{"damage_healed":20.0,"max_hp_gain":0.0,"max_hp_loss":0.0,"gold_gain":0.0,"event_name":"The Cleric","player_choice":"Healed","floor":4.0,"gold_loss":35.0,"damage_taken":0.0},{"damage_healed":0.0,"max_hp_gain":0.0,"max_hp_loss":0.0,"gold_gain":76.0,"event_name":"Golden Wing","player_choice":"Gained Gold","floor":5.0,"gold_loss":0.0,"damage_taken":0.0},{"damage_healed":0.0,"max_hp_gain":0.0,"max_hp_loss":0.0,"gold_gain":30.0,"event_name":"Dead Adventurer","player_choice":"Searched \u00273\u0027 times","floor":14.0,"gold_loss":0.0,"damage_taken":0.0,"relics_obtained":["Ornamental Fan"]},{"damage_healed":0,"gold_gain":0,"player_choice":"Copied","damage_taken":0,"max_hp_gain":0,"max_hp_loss":0,"event_name":"Duplicator","floor":19,"gold_loss":0,"cards_obtained":["Static Discharge"]},{"damage_healed":0,"gold_gain":0,"player_choice":"Forge","damage_taken":0,"max_hp_gain":0,"max_hp_loss":0,"event_name":"Accursed Blacksmith","floor":21,"gold_loss":0,"cards_upgraded":["Echo Form"]}],"is_beta":false,"boss_relics":[{"not_picked":["Ectoplasm","Philosopher\u0027s Stone"],"picked":"Inserter"}],"items_purged_floors":[],"is_endless":false,"potions_floor_spawned":[7,8,11,16,18,23],"killed_by":"Slavers","ascension_level":0}}