{"host":"kpklgwyuz86bov3e","time":1609714578,"event":{"mods":["Aspiration","BaseMod","Better Third Choice","BetterRewards","Colored Map","Colored Powertips","Conspire","Energized Spire","GifTheSpireLib","Halation","Highlight Path","Hubris","Infinite Spire","Jedi Mod","Melee Mod","Minty Spire (QoL Compilation)","Permanent Neow","Relic Sorter","Replay The Spire","Shop Mod","Spicy Shops","Spikes Relics","StSLib","Stuff the Spire","The Blue Laboratory","The Construct","The Jungle","Waifu the Spire","slay the spire mod where everything is the same but ironclad has a cowboy hat","vexMod"],"gold_per_floor":[112,112,127,145,145,145,115,115,192,218,218,193,46,60,60,165,165,177,2,2,15,31,31,31,31],"floor_reached":24,"playtime":1315,"items_purged":["construct:DefenseMode","construct:Strike_Gold"],"score":219,"play_id":"1dfcf5ab-ec3e-46ab-a1ab-b1427b39af41","local_time":"20210103175618","is_ascension_mode":false,"campfire_choices":[{"data":"construct:Autoturret","floor":6,"key":"SMITH"},{"data":"construct:Autoturret+1","floor":8,"key":"SMITH"},{"data":"construct:LaserCore","floor":11,"key":"SMITH"},{"data":"construct:LaserCore+1","floor":15,"key":"SMITH"},{"data":"construct:PointDefense+1","floor":23,"key":"SMITH"}],"circlet_count":0,"master_deck":["construct:Strike_Gold","construct:Strike_Gold","construct:Strike_Gold","construct:Defend_Gold","construct:Defend_Gold","construct:AttackMode","construct:Autoturret+2","construct:VentSteam","construct:LaserCore+2","construct:Impenetrable","construct:Autoturret","construct:ClockworkEgg","construct:HeavyBolt+1","construct:PowerUp+1","construct:PointDefense+2","construct:OmegaCannon+1","StuffTheSpire:Deluminance","StuffTheSpire:Deluminance","StuffTheSpire:Deluminance","StuffTheSpire:Deluminance","StuffTheSpire:Deluminance","construct:ForceCore+1"],"relics":["construct:ClockworkPhoenix","hubris:Reverence","NeowsBlessing","halation:PromiseList","infinitespire:FocusingShard","Bag of Preparation","Astrolabe","StuffTheSpire:BlackoutCurse"],"acts_visited":["Exordium","TheCity"],"potions_floor_usage":[18,24,24,24],"damage_taken":[{"damage":0,"enemies":"2 Louse","floor":1,"turns":2},{"damage":0,"enemies":"Cultist","floor":3,"turns":1},{"damage":0,"enemies":"Small Slimes","floor":4,"turns":1},{"damage":0,"enemies":"Looter","floor":7,"turns":4},{"damage":25,"enemies":"Gremlin Nob","floor":10,"turns":4},{"damage":1,"enemies":"2 Fungi Beasts","floor":14,"turns":3},{"damage":26,"enemies":"Slime Boss","floor":16,"turns":6},{"damage":19,"enemies":"Shell Parasite","floor":18,"turns":4},{"damage":34,"enemies":"Spheric Guardian","floor":21,"turns":5},{"damage":3,"enemies":"Snecko","floor":22,"turns":5},{"damage":30,"enemies":"Book of Stabbing","floor":24,"turns":4}],"seed_played":"-9080418822134948935","potions_obtained":[{"floor":1,"key":"PowerPotion"},{"floor":4,"key":"blueLaboratory:PhilterOfMotion"},{"floor":10,"key":"LiquidMemories"},{"floor":18,"key":"Milkshake"},{"floor":21,"key":"blueLaboratory:LouseDecoction"}],"is_trial":false,"path_per_floor":["M","?","M","M","?","R","M","R","T","E","R","?","$","M","R_BF","B",null,"M","$","?","M","M","R","E"],"character_chosen":"THE_CONSTRUCT_MOD","items_purchased":["Bag of Preparation"],"campfire_rested":0,"item_purchase_floors":[13],"current_hp_per_floor":[85,85,85,85,85,85,85,85,85,60,60,60,60,59,59,33,85,66,66,66,32,29,29,0,0],"gold":31,"neow_bonus":"THREE_ENEMY_KILL","is_daily":false,"chose_seed":false,"campfire_upgraded":5,"win_rate":0.0,"timestamp":1609714578,"path_taken":["M","?","M","M","?","R","?","R","T","E","R","?","$","M","R_BF","BOSS","M","$","?","M","M","R","E"],"items_purchased_type":["Relic"],"build_version":"2020-12-22","purchased_purges":2,"victory":false,"max_hp_per_floor":[85,85,85,85,85,85,85,85,85,85,85,85,85,85,85,85,85,85,85,85,85,85,85,85,85],"card_choices":[{"not_picked":["construct:Overcharge","construct:Forcefield"],"picked":"construct:Autoturret","floor":1},{"not_picked":["construct:UnbalancingBlast","construct:ShiftStrike"],"picked":"construct:VentSteam","floor":3},{"not_picked":["construct:Overcharge","construct:FocusedBeam","construct:ClusterMines"],"picked":"SKIP","floor":4},{"not_picked":["construct:Versatility","construct:ScopeCore"],"picked":"construct:LaserCore","floor":7},{"not_picked":["construct:HastyRepair","construct:HeavyBolt"],"picked":"construct:Impenetrable","floor":10},{"not_picked":["construct:Versatility","construct:FocusedBeam"],"picked":"construct:Autoturret","floor":14},{"not_picked":["construct:SiegeForm","construct:BatteryCore"],"picked":"construct:ClockworkEgg","floor":16},{"not_picked":["construct:Reinforce+1","construct:ShiftGuard"],"picked":"construct:OmegaCannon+1","floor":18},{"not_picked":["construct:Forcefield","construct:Analyze","construct:Boost"],"picked":"SKIP","floor":21},{"not_picked":["construct:Synchronize+1","construct:Forcefield"],"picked":"construct:ForceCore+1","floor":22}],"player_experience":370453,"relics_obtained":[{"floor":2,"key":"halation:PromiseList"},{"floor":9,"key":"hubris:Reverence"},{"floor":10,"key":"infinitespire:FocusingShard"}],"event_choices":[{"cards_removed":["construct:Strike_Gold"],"damage_healed":0,"gold_gain":0,"player_choice":"Offered Basic","damage_taken":0,"max_hp_gain":0,"max_hp_loss":0,"event_name":"Bonfire Elementals","floor":5,"gold_loss":0}],"is_beta":false,"boss_relics":[{"not_picked":["halation:PlatinumPhoenix","Fusion Hammer"],"picked":"Astrolabe"}],"items_purged_floors":[19,19],"is_endless":false,"potions_floor_spawned":[1,4,10,18,21],"killed_by":"Book of Stabbing","ascension_level":0}}