{"host":"bizh8s6kqxoug1aw","time":1609668101,"event":{"mods":["AchievementEnabler","BaseMod","Better Vampires","Colored Powertips","Downfall","Minty Spire (QoL Compilation)","MostiFishMod","Replay The Spire","StSLib"],"gold_per_floor":[116,127,127,127,140,140,165,777,777,777,807,807,833,845,845,949,949,967,57,57,57,667,667,685,703,703,703,733,1348,1348,1360,1360,1461,1461,2075,2055,468,1080,1698,1698,1176,1176,1200,1233,1233,426,426,103,305,905],"floor_reached":51,"playtime":3186,"items_purged":["Strike_B","Strike_B+1","Defend_B+1","Pain","Defend_B+1"],"score":1188,"play_id":"5e6680ad-113a-4b5d-b017-670d9412cd9f","local_time":"20210103180141","is_ascension_mode":false,"campfire_choices":[{"data":"Double Energy","floor":6,"key":"SMITH"},{"floor":15,"key":"REST"},{"data":"MostiFishMod:DeathFromBelow","floor":23,"key":"SMITH"},{"data":"Seek","floor":27,"key":"SMITH"},{"data":"Pot Of Greed","floor":30,"key":"SMITH"},{"data":"Pot Of Greed","floor":32,"key":"SMITH"},{"data":"Pot Of Greed","floor":40,"key":"SMITH"},{"data":"Enlightenment","floor":47,"key":"SMITH"}],"circlet_count":0,"master_deck":["Strike_B+2","Strike_B+2","Defend_B+2","Zap","Dualcast","Panic Button","Double Energy+1","MostiFishMod:DeathFromBelow+1","Conserve Battery","MostiFishMod:TalkingToTheRain+1","Coolheaded","Seek+1","MostiFishMod:FrostNova","MostiFishMod:WinterMarkForm","Darkness+1","Chrysalis","Double Energy+1","Darkness+1","MostiFishMod:SeaWaves+1","Pot Of Greed+1","Pot Of Greed+1","Conserve Battery","Pot Of Greed+1","Heatsinks","MostiFishMod:Overload","Tempest+1","FIFO Queue+1","Loop","Enlightenment+1"],"relics":["Cracked Core","DaveBox","BirthdayGift-Icosahedron","SynthV:TestCard","WarpedTongs","Replay:Rubber Ducky","Juzu Bracelet","ReplayTheSpireMod:Ring of Collecting","ReplayTheSpireMod:Ring of Exchange","Simple Rune","Pen Nib","FrostBlade","Divine Protection","Carrot","HandDrill","Grinning Jar","Strawberry","Coffee Dripper","Counterbalance","MealTicket","Tiny House","ReplayTheSpireMod:TigerMarble","Ancient Tea Set","Ring of Hypnosis","PreservedInsect","Gambling Chip","Mummified Hand","Golden Egg","Toolbox","Nunchaku","Prayer Wheel"],"acts_visited":["Exordium","TheCity","TheBeyond"],"potions_floor_usage":[16,50,50],"damage_taken":[{"damage":0,"enemies":"Small Slimes","floor":1,"turns":2},{"damage":0,"enemies":"2 Louse","floor":2,"turns":1},{"damage":2,"enemies":"Cultist","floor":5,"turns":2},{"damage":1,"enemies":"3 Sentries","floor":7,"turns":2},{"damage":9,"enemies":"Exordium Wildlife","floor":8,"turns":2},{"damage":22,"enemies":"Lagavulin","floor":11,"turns":4},{"damage":13,"enemies":"Replay:BlueRogue","floor":13,"turns":3},{"damage":0,"enemies":"3 Louse","floor":14,"turns":1},{"damage":9,"enemies":"Slime Boss","floor":16,"turns":3},{"damage":3,"enemies":"2 Thieves","floor":18,"turns":2},{"damage":0,"enemies":"Chosen","floor":22,"turns":2},{"damage":5,"enemies":"Shelled Parasite and Fungi","floor":24,"turns":3},{"damage":0,"enemies":"Snake Plant","floor":25,"turns":4},{"damage":0,"enemies":"Book of Stabbing","floor":28,"turns":5},{"damage":0,"enemies":"Chosen and Byrds","floor":29,"turns":2},{"damage":0,"enemies":"Centurion and Healer","floor":31,"turns":3},{"damage":3,"enemies":"Collector","floor":33,"turns":5},{"damage":0,"enemies":"3 Darklings","floor":35,"turns":2},{"damage":0,"enemies":"3 Shapes","floor":38,"turns":1},{"damage":12,"enemies":"3 Darklings","floor":39,"turns":2},{"damage":2,"enemies":"Nemesis","floor":44,"turns":3},{"damage":0,"enemies":"Donu and Deca","floor":50,"turns":2}],"seed_played":"426877043258541534","potions_obtained":[{"floor":2,"key":"Block Potion"},{"floor":5,"key":"SteroidPotion"},{"floor":8,"key":"Guardian:BlockOnCardUsePotion"},{"floor":13,"key":"PowerPotion"},{"floor":18,"key":"SpeedPotion"},{"floor":37,"key":"PotionOfCapacity"},{"floor":44,"key":"BlessingOfTheForge"}],"is_trial":false,"path_per_floor":["M","M","?","?","M","R","E","M","T","?","E","?","E","M","R","B",null,"M","$","?","?","M","R","M","M","T","R","E","M","R","M","R","B",null,"M","?","$","M","M","R","$","?","T","E","?","$","R","$","R","B",null],"character_chosen":"DEFECT","items_purchased":["Divine Protection","Carrot","HandDrill","Chrysalis","Counterbalance","MealTicket","Tiny House","LiquidMemories","ReplayTheSpireMod:TigerMarble","Enlightenment","Ancient Tea Set","Mummified Hand","Golden Egg","Toolbox","Nunchaku"],"campfire_rested":1,"item_purchase_floors":[19,19,19,19,37,37,37,37,41,41,41,46,46,46,48],"current_hp_per_floor":[82,82,82,82,81,81,81,73,73,73,52,36,24,25,49,41,82,80,80,80,80,81,81,77,78,78,78,86,87,87,88,88,86,89,89,89,94,94,83,83,94,94,94,93,89,89,89,89,89,89],"gold":905,"neow_bonus":"TEN_PERCENT_HP_BONUS","is_daily":false,"chose_seed":false,"campfire_upgraded":7,"win_rate":0.0,"timestamp":1609668101,"path_taken":["M","M","?","?","M","R","E","?","T","?","E","?","E","M","R","BOSS","M","$","?","?","M","R","M","M","T","R","E","M","R","M","R","BOSS","M","?","$","M","M","R","?","?","T","E","?","$","R","?","R","BOSS"],"items_purchased_type":["Relic","Relic","Relic","Card","Relic","Relic","Relic","Potion","Relic","Card","Relic","Relic","Relic","Relic","Relic"],"build_version":"2020-12-22","purchased_purges":5,"victory":true,"max_hp_per_floor":[82,82,82,82,82,82,82,82,82,82,82,82,82,82,82,82,82,82,82,82,82,82,82,82,82,82,82,89,89,89,89,89,89,89,89,89,94,94,94,94,94,94,94,94,89,89,89,89,89,89],"card_choices":[{"not_picked":["Barrage","Gash"],"picked":"Panic Button","floor":1},{"not_picked":["Barrage","Go for the Eyes","Sweeping Beam","Panic Button","ReplaySort"],"picked":"SKIP","floor":2},{"not_picked":["BootSequence","FIFO Queue","Cold Snap","Chill"],"picked":"Double Energy","floor":5},{"not_picked":["Cold Snap","MostiFishMod:LinkProtocol","ReplayGash","Rebound"],"picked":"MostiFishMod:DeathFromBelow","floor":7},{"not_picked":["Steam","Defragment","Doom and Gloom","ReplaySolidLightProjector"],"picked":"Conserve Battery","floor":8},{"not_picked":["BasicCrystalCard","Conserve Battery","Go for the Eyes","Undo"],"picked":"MostiFishMod:TalkingToTheRain","floor":11},{"not_picked":["Consume","Hologram","ReplaySolidLightProjector","Sweeping Beam","ReplayTheSpireMod:Calculation Training"],"picked":"SKIP","floor":13},{"not_picked":["Melter","Conserve Battery","Cold Snap","Sweeping Beam"],"picked":"Coolheaded","floor":14},{"not_picked":["MostiFishMod:Exploitation","MostiFishMod:IceShield","MostiFishMod:InterfaceCompatibility","Machine Learning"],"picked":"Seek","floor":16},{"not_picked":["Rebound","Panic Button","MostiFishMod:PushDownKick","Compile Driver"],"picked":"Darkness+1","floor":18},{"not_picked":["MostiFishMod:GatherIntelligence","Stack","Doom and Gloom","Sweeping Beam"],"picked":"Darkness+1","floor":22},{"not_picked":["MostiFishMod:FluxCapactior","ReplayTheSpireMod:Reroute Power+1","Barrage","Rebound","Auto Shields"],"picked":"SKIP","floor":24},{"not_picked":["Leap","Barrage","Ball Lightning+1","Scrape"],"picked":"MostiFishMod:SeaWaves","floor":25},{"not_picked":["MostiFishMod:FluxCapactior","Go for the Eyes","Sweeping Beam","MostiFishMod:PushDownKick","Rip and Tear"],"picked":"SKIP","floor":28},{"not_picked":["Glacier+1","Steam+1","Ball Lightning","FTL"],"picked":"Conserve Battery","floor":29},{"not_picked":["Gash","Streamline+1","Steam Power","Leap+1"],"picked":"Heatsinks","floor":31},{"not_picked":["MostiFishMod:Nova","MostiFishMod:ATRI","Machine Learning","Mirror Shield"],"picked":"MostiFishMod:Overload","floor":33},{"not_picked":["Leap","Gash+1","Redo","Barrage"],"picked":"Tempest+1","floor":35},{"not_picked":["MostiFishMod:Nova","Tempest","Gash","Go for the Eyes"],"picked":"FIFO Queue+1","floor":37},{"not_picked":["Reinforced Body+1","Scrape","Doom and Gloom","Conserve Battery+1","Stack"],"picked":"SKIP","floor":38},{"not_picked":["Doom and Gloom+1","Panic Button+1","Undo+1","Cold Snap+1"],"picked":"Loop","floor":39},{"not_picked":["Heatsinks","Barrage","Darkness+1","FIFO Queue"],"picked":"ReplayTheSpireMod:Fabricate Wheel","floor":44}],"player_experience":36324,"relics_obtained":[{"floor":1,"key":"SynthV:TestCard"},{"floor":7,"key":"Replay:Rubber Ducky"},{"floor":9,"key":"Juzu Bracelet"},{"floor":10,"key":"ReplayTheSpireMod:Ring of Collecting"},{"floor":10,"key":"ReplayTheSpireMod:Ring of Exchange"},{"floor":11,"key":"Simple Rune"},{"floor":13,"key":"Pen Nib"},{"floor":26,"key":"Grinning Jar"},{"floor":28,"key":"Strawberry"},{"floor":43,"key":"Ring of Hypnosis"},{"floor":43,"key":"PreservedInsect"},{"floor":44,"key":"Gambling Chip"}],"event_choices":[{"damage_healed":0,"gold_gain":0,"player_choice":"Rummage","damage_taken":0,"relics_obtained":["WarpedTongs"],"max_hp_gain":0,"max_hp_loss":0,"event_name":"Accursed Blacksmith","floor":4,"gold_loss":0,"cards_obtained":["Pain"]},{"damage_healed":0,"gold_gain":0,"player_choice":"Entered Light","damage_taken":16,"max_hp_gain":0,"max_hp_loss":0,"event_name":"Shining Light","floor":12,"gold_loss":0,"cards_upgraded":["Strike_B","MostiFishMod:TalkingToTheRain"]},{"damage_healed":0,"gold_gain":0,"player_choice":"Simplicity","damage_taken":0,"max_hp_gain":0,"max_hp_loss":0,"event_name":"Back to Basics","floor":20,"gold_loss":0,"cards_upgraded":["Strike_B","Strike_B","Strike_B","Defend_B","Defend_B","Defend_B"]},{"damage_healed":0,"gold_gain":0,"player_choice":"Copied","damage_taken":0,"max_hp_gain":0,"max_hp_loss":0,"event_name":"Duplicator","floor":21,"gold_loss":0,"cards_obtained":["Double Energy"]},{"damage_healed":0,"gold_gain":0,"player_choice":"Bought 1 Potion","damage_taken":0,"max_hp_gain":0,"max_hp_loss":0,"event_name":"The Woman in Blue","floor":36,"gold_loss":0},{"damage_healed":0,"gold_gain":0,"player_choice":"Ignored","damage_taken":0,"max_hp_gain":0,"max_hp_loss":0,"event_name":"Tomb of Lord Red Mask","floor":42,"gold_loss":0},{"damage_healed":0,"gold_gain":0,"player_choice":"Max HP","damage_taken":0,"max_hp_gain":0,"max_hp_loss":5,"event_name":"Winding Halls","floor":45,"gold_loss":0}],"is_beta":false,"boss_relics":[{"not_picked":["FrozenCore","Kintsugi"],"picked":"FrostBlade"},{"not_picked":["Ying","GuanYuAspect"],"picked":"Coffee Dripper"}],"items_purged_floors":[19,37,41,46,48],"is_endless":false,"potions_floor_spawned":[2,5,8,13,14,18,24,29,31,35,44],"ascension_level":0}}