{"host":"l2dnabsh5e0fsksb","time":1609682200,"event":{"mods":["2.2 Compatiblity","BaseMod","Downfall","Minty Spire (QoL Compilation)","Quick Restart","StSLib"],"gold_per_floor":[99,99,99,154,154,329,407,433,433,453,303,119,134,145,155,250,250,250,261,89,106,106,106,161,46,46,59,86,102,129,129,145,243,243,243,262,92,4,24,24,50,70,70,70,103,28,40,95,108,108,108,136,44,44,44,44,44],"floor_reached":55,"playtime":3237,"items_purged":["Doubt","Shame"],"score":888,"play_id":"bf829f1e-3db2-45bf-9995-5abc4f0e6ba8","local_time":"20210104002640","is_ascension_mode":false,"campfire_choices":[{"floor":1.0,"key":"RECALL"},{"data":"champ:Execute","floor":11,"key":"SMITH"},{"data":"champ:HeavySlash","floor":18,"key":"SMITH"},{"data":"champ:IronFortress","floor":26,"key":"SMITH"},{"data":"champ:PerfectForm","floor":35,"key":"SMITH"},{"data":"champ:IronFortress","floor":40,"key":"SMITH"},{"data":"champ:Duel","floor":43,"key":"SMITH"},{"floor":46,"key":"DIG"},{"floor":54,"key":"REST"}],"circlet_count":0,"master_deck":["champ:Strike","champ:Strike","champ:Strike","champ:Strike","champ:Defend","champ:Defend","champ:Defend","champ:Defend","champ:Execute+1","champ:Taunt","champ:GutPunch","champ:StanceDance","champ:BladeFlurry+1","champ:BerserkersShout","champ:GutPunch","champ:Encircle","champ:GladiatorStyle","champ:BringItOn","champ:BerserkerStyle","champ:SwordThrow","champ:Duel+1","champ:HeavySlash+1","CurseOfTheBell","champ:Lariat","champ:Backstep+1","champ:CalledShot+1","champ:IronFortress+1","champ:PerfectedStrike","champ:BerserkerStyle+1","champ:EnragedBash+1","champ:IronFortress+1","RitualDagger","champ:Backstep","champ:PerfectForm+1","champ:BringItOn+1","champ:PerfectedStrike+1","champ:ShieldWall+1","champ:AdrenalArmor+1","champ:ViciousMockery+1","champ:AdrenalArmor+1","champ:ViciousMockery","champ:Haymaker+1","champ:IronFortress","champ:Shatter"],"relics":["champ:ChampionCrown","downfall:HeartsMalice","downfall:ShatteredFragment","Pear","Turnip","downfall:HeartBlessingBlue","downfall:HeartBlessingRed","Calling Bell","champ:DefensiveTrainingManual","Shuriken","CaptainsWheel","Blood Vial","Letter Opener","champ:BerserkersGuideToSlaughter","Oddly Smooth Stone","Red Mask","Strawberry","SlaversCollar","Vajra","Bird Faced Urn","Lee\u0027s Waffle","Potion Belt","Shovel","downfall:HeartBlessingGreen","Bottled Flame","StoneCalendar","Bronze Scales"],"acts_visited":["Exordium","TheCity","TheBeyond","TheEnding"],"potions_floor_usage":[8,16,16,16,30,30,30,32,45,48,50,50,50,50,55,55,55],"damage_taken":[{"damage":0.0,"enemies":"Jaw Worm","floor":2.0,"turns":1.0},{"damage":0.0,"enemies":"3 Sentries","floor":4.0,"turns":1.0},{"damage":0.0,"enemies":"Small Slimes","floor":5.0,"turns":1.0},{"damage":37,"enemies":"Gremlin Nob","floor":8,"turns":4},{"damage":5,"enemies":"2 Louse","floor":10,"turns":3},{"damage":3,"enemies":"downfall:FleeingMerchant","floor":12,"turns":4},{"damage":15,"enemies":"Large Slime","floor":13,"turns":5},{"damage":11,"enemies":"2 Fungi Beasts","floor":14,"turns":3},{"damage":17,"enemies":"3 Louse","floor":15,"turns":3},{"damage":47,"enemies":"downfall:Ironclad","floor":16,"turns":4},{"damage":10,"enemies":"Spheric Guardian","floor":19,"turns":3},{"damage":6,"enemies":"downfall:FleeingMerchant","floor":20,"turns":4},{"damage":8,"enemies":"Shell Parasite","floor":21,"turns":4},{"damage":20,"enemies":"downfall:FleeingMerchant","floor":25,"turns":4},{"damage":0,"enemies":"Sentry and Sphere","floor":27,"turns":4},{"damage":10,"enemies":"Masked Bandits","floor":28,"turns":5},{"damage":7,"enemies":"Snecko","floor":29,"turns":4},{"damage":21,"enemies":"Slavers","floor":30,"turns":4},{"damage":20,"enemies":"Snake Plant","floor":32,"turns":4},{"damage":73,"enemies":"downfall:Watcher","floor":33,"turns":11},{"damage":55,"enemies":"3 Darklings","floor":36,"turns":8},{"damage":1,"enemies":"downfall:FleeingMerchant","floor":37,"turns":4},{"damage":0,"enemies":"downfall:FleeingMerchant","floor":38,"turns":2},{"damage":12,"enemies":"3 Shapes","floor":39,"turns":4},{"damage":20,"enemies":"Sphere and 2 Shapes","floor":42,"turns":5},{"damage":80,"enemies":"Reptomancer","floor":45,"turns":6},{"damage":35,"enemies":"Spire Growth","floor":47,"turns":6},{"damage":18,"enemies":"2 Orb Walkers","floor":48,"turns":5},{"damage":22,"enemies":"4 Shapes","floor":49,"turns":7},{"damage":27,"enemies":"downfall:Defect","floor":50,"turns":7},{"damage":133,"enemies":"downfall:CharBossMerchant","floor":52,"turns":10},{"damage":132,"enemies":"downfall:NeowBoss","floor":55,"turns":21}],"seed_played":"-6192326241311064817","potions_obtained":[{"floor":4.0,"key":"FearPotion"},{"floor":10,"key":"Strength Potion"},{"floor":14,"key":"champ:CounterPotion"},{"floor":15,"key":"LiquidBronze"},{"floor":27,"key":"champ:TechniquePotion"},{"floor":28,"key":"Explosive Potion"},{"floor":29,"key":"Energy Potion"},{"floor":30,"key":"Regen Potion"},{"floor":32,"key":"SpeedPotion"},{"floor":36,"key":"Block Potion"},{"floor":39,"key":"AttackPotion"},{"floor":44,"key":"champ:OpenerPotion"},{"floor":44,"key":"SkillPotion"},{"floor":44,"key":"SkillPotion"},{"floor":47,"key":"DistilledChaos"},{"floor":49,"key":"Regen Potion"},{"floor":52,"key":"BlessingOfTheForge"}],"is_trial":false,"path_per_floor":["R","M","?","?","M","?","T","E","?","M","R","$","M","M","M","B",null,"R","M","$","M","?","?","T","$","R","M","?","M","E","?","M","B",null,"R","M","?","$","M","R","T","M","R","?","E","R","M","?","M","B",null,"E","$","R","B"],"character_chosen":"THE_CHAMP","items_purchased":["champ:GladiatorStyle","champ:BringItOn","Blood Vial","Vajra","Bird Faced Urn","Lee\u0027s Waffle","Dexterity Potion","champ:Shatter"],"campfire_rested":1,"item_purchase_floors":[12,12,20,37,38,38,53,53],"current_hp_per_floor":[90,90,63,73,73,73,73,46,46,44,54,54,44,41,32,5,110,110,105,104,101,101,101,101,105,105,110,105,110,106,100,110,74,117,117,90,102,124,124,124,124,124,124,124,75,75,65,78,89,124,124,49,49,86,0,0,0],"gold":44,"neow_bonus":"THREE_ENEMY_KILL","is_daily":false,"chose_seed":false,"campfire_upgraded":6,"win_rate":0.0,"timestamp":1609682200,"path_taken":["R","M","?","?","M","?","T","E","?","M","R","$","M","M","M","BOSS","R","M","$","M","?","?","T","$","R","M","?","M","E","?","M","BOSS","R","M","?","$","M","R","T","M","R","?","E","R","?","?","M","BOSS","E","$","R","BOSS"],"items_purchased_type":["Card","Card","Relic","Relic","Relic","Relic","Potion","Card"],"build_version":"2020-12-22","purchased_purges":2,"victory":false,"max_hp_per_floor":[90,90,90,100,100,100,100,100,100,100,110,110,110,110,110,110,110,110,110,110,110,110,110,110,110,110,110,110,110,117,117,117,117,117,117,117,117,124,124,124,124,124,124,124,124,124,124,124,124,124,124,124,124,124,124,124,124],"card_choices":[{"not_picked":["champ:GladiatorsShout","champ:EnGarde"],"picked":"champ:GutPunch","floor":2.0},{"not_picked":["champ:RecklessLeap","champ:BerserkersShout"],"picked":"champ:StanceDance","floor":4.0},{"not_picked":["champ:Haymaker","champ:EnGarde"],"picked":"champ:BladeFlurry","floor":5.0},{"not_picked":["champ:BladeFlurry","champ:Backstep"],"picked":"champ:BerserkersShout","floor":8},{"not_picked":["champ:PerfectedStrike","champ:BladeFlurry"],"picked":"champ:GutPunch","floor":10},{"not_picked":["champ:DefensiveShout","champ:GladiatorsShout"],"picked":"champ:Encircle","floor":12},{"not_picked":["champ:CrookedStrike","champ:GutPunch"],"picked":"champ:BerserkerStyle","floor":13},{"not_picked":["champ:BladeFlurry","champ:Backstep"],"picked":"champ:SwordThrow","floor":14},{"not_picked":["champ:ViciousMockery","champ:HeartStrike"],"picked":"champ:Duel","floor":15},{"not_picked":["champ:SwordThrow","champ:ShieldSlam"],"picked":"champ:HeavySlash","floor":16},{"not_picked":["champ:Backstep","champ:GutPunch"],"picked":"champ:Lariat","floor":19},{"not_picked":["champ:DefensiveShout","champ:Improvising"],"picked":"champ:Backstep+1","floor":20},{"not_picked":["champ:TornadoPunch","champ:BladeFlurry+1"],"picked":"champ:CalledShot+1","floor":21},{"not_picked":["champ:BladeFlurry","champ:HeartStrike"],"picked":"champ:IronFortress","floor":25},{"not_picked":["champ:Circumvent","champ:Backstep"],"picked":"champ:PerfectedStrike","floor":27},{"not_picked":["champ:EndlessRage","champ:FalseCounter"],"picked":"champ:BerserkerStyle+1","floor":28},{"not_picked":["champ:Backstep","champ:GladiatorStyle"],"picked":"champ:EnragedBash+1","floor":29},{"not_picked":["champ:BerserkersShout","champ:EndlessRage"],"picked":"champ:IronFortress","floor":30},{"not_picked":["champ:GutPunch","champ:FanOfKnives"],"picked":"champ:Backstep","floor":32},{"not_picked":["champ:CrownThrow","champ:IgnorePain"],"picked":"champ:PerfectForm","floor":33},{"not_picked":["champ:Riposte","champ:Backstep+1"],"picked":"champ:BringItOn+1","floor":36},{"not_picked":["champ:Circumvent+1","champ:GladiatorsShout+1"],"picked":"champ:PerfectedStrike+1","floor":37},{"not_picked":["champ:EndlessRage","champ:AdrenalArmor"],"picked":"champ:ShieldWall+1","floor":38},{"not_picked":["champ:EndlessRage","champ:StanceDance"],"picked":"champ:AdrenalArmor+1","floor":39},{"not_picked":["champ:FocusedBerserking+1","champ:Backstep"],"picked":"champ:ViciousMockery+1","floor":42},{"not_picked":["champ:HeartStrike","champ:StrikeOfGenius","champ:RisingSlash"],"picked":"SKIP","floor":45},{"not_picked":["champ:Shatter+1","champ:EnragedBash"],"picked":"champ:AdrenalArmor+1","floor":47},{"not_picked":["champ:CalledShot","champ:FlashCut+1"],"picked":"champ:ViciousMockery","floor":48},{"not_picked":["champ:ArenaPreparation","champ:BringItOn+1"],"picked":"champ:Haymaker+1","floor":49},{"not_picked":["champ:BladeFlurry+1","champ:FightOn"],"picked":"champ:IronFortress","floor":52}],"player_experience":1723721,"relics_obtained":[{"floor":8,"key":"Turnip"},{"floor":17,"key":"champ:DefensiveTrainingManual"},{"floor":17,"key":"Shuriken"},{"floor":17,"key":"CaptainsWheel"},{"floor":24,"key":"Oddly Smooth Stone"},{"floor":28,"key":"Red Mask"},{"floor":30,"key":"Strawberry"},{"floor":41,"key":"Potion Belt"},{"floor":45,"key":"Shovel"},{"floor":46,"key":"Bottled Flame"},{"floor":48,"key":"StoneCalendar"},{"floor":52,"key":"Bronze Scales"}],"event_choices":[{"damage_healed":0,"gold_gain":0,"player_choice":"Grow","damage_taken":0,"max_hp_gain":0,"max_hp_loss":0,"event_name":"Living Wall","floor":9,"gold_loss":0,"cards_upgraded":["champ:BladeFlurry"]},{"damage_healed":0,"gold_gain":0,"player_choice":"Stole Relic","damage_taken":0,"relics_obtained":["Letter Opener"],"max_hp_gain":0,"max_hp_loss":0,"event_name":"Addict","floor":22,"gold_loss":0,"cards_obtained":["Shame"]},{"damage_healed":0,"gold_gain":0,"player_choice":"Fought Bandits","damage_taken":0,"max_hp_gain":0,"max_hp_loss":0,"event_name":"Masked Bandits","floor":28,"gold_loss":0},{"damage_healed":0,"gold_gain":0,"player_choice":"Got Potions","damage_taken":0,"max_hp_gain":0,"max_hp_loss":0,"event_name":"Lab","floor":44,"gold_loss":0},{"damage_healed":0,"gold_gain":0,"player_choice":"Fight","damage_taken":0,"max_hp_gain":0,"max_hp_loss":0,"event_name":"Mysterious Sphere","floor":48,"gold_loss":0}],"is_beta":false,"boss_relics":[{"not_picked":["Snecko Eye","Astrolabe"],"picked":"Calling Bell"},{"not_picked":["Sozu","Velvet Choker"],"picked":"SlaversCollar"}],"items_purged_floors":[12,25],"is_endless":false,"potions_floor_spawned":[4,10,14,15,27,28,29,30,32,36,39,47,49,52],"killed_by":"downfall:NeowBoss","ascension_level":0}}