{"host":"1kq2ingo3j45gyyp","time":1609639806,"event":{"mods":["BaseMod","Better Note","Better Third Choice","Downfall","Minty Spire (QoL Compilation)","StSLib"],"gold_per_floor":[349,361,361,361,8,183,183,108,118,132,20,39,39,39,58,161,161,86,105,117,117,54,71,71,71,71,85,116,116,116,116],"floor_reached":29,"playtime":1150,"items_purged":[],"score":258,"play_id":"2001c658-a6e1-44a3-ab34-9d38a49f7bc4","local_time":"20210102211006","is_ascension_mode":false,"campfire_choices":[{"floor":1,"key":"RECALL"},{"data":"hexamod:Float","floor":8,"key":"SMITH"},{"data":"hexamod:CatchUp","floor":13,"key":"SMITH"},{"data":"hexamod:HexaLevel","floor":18,"key":"SMITH"},{"floor":26,"key":"REST"}],"circlet_count":0,"master_deck":["hexamod:Strike","hexamod:Strike","hexamod:Strike","hexamod:Defend","hexamod:Defend","hexamod:Defend","hexamod:Defend+1","hexamod:Sear+1","hexamod:Float+1","hexamod:BacktrackSmack","hexamod:FastForward","hexamod:CatchUp+1","Doubt","hexamod:SpectersWail","hexamod:HauntingEcho","hexamod:FastForward","hexamod:ThermalTransfer","hexamod:RainOfEmbers","hexamod:AdvancingGuard","hexamod:HexaLevel+1","CurseOfTheBell","hexamod:FastForward+1","hexamod:GhostOfSpirePresent","hexamod:ChargedBarrage","hexamod:InspiringFlames","hexamod:FastForward","hexamod:Hexaguard+1","hexamod:HauntingEcho","hexamod:SpectersWail"],"relics":["hexamod:SpiritBrand","hexamod:InflammatoryLetter","Medical Kit","War Paint","Bottled Flame","downfall:HeartBlessingRed","Calling Bell","Dream Catcher","Sundial","Lizard Tail","downfall:HeartBlessingBlue","Blue Candle","Bottled Lightning","Bag of Marbles"],"acts_visited":["Exordium","TheCity"],"potions_floor_usage":[28],"damage_taken":[{"damage":0,"enemies":"Jaw Worm","floor":2,"turns":3},{"damage":4,"enemies":"downfall:FleeingMerchant","floor":5,"turns":4},{"damage":0,"enemies":"Small Slimes","floor":9,"turns":2},{"damage":0,"enemies":"2 Louse","floor":10,"turns":2},{"damage":4,"enemies":"downfall:FleeingMerchant","floor":11,"turns":4},{"damage":0,"enemies":"Exordium Wildlife","floor":12,"turns":3},{"damage":0,"enemies":"2 Fungi Beasts","floor":15,"turns":2},{"damage":22,"enemies":"downfall:Watcher","floor":16,"turns":7},{"damage":51,"enemies":"3 Byrds","floor":19,"turns":8},{"damage":5,"enemies":"Chosen","floor":20,"turns":4},{"damage":9,"enemies":"downfall:FleeingMerchant","floor":22,"turns":4},{"damage":15,"enemies":"Snake Plant","floor":23,"turns":6},{"damage":7,"enemies":"Snecko","floor":27,"turns":6},{"damage":40,"enemies":"Gremlin Leader","floor":28,"turns":7},{"damage":33,"enemies":"Shelled Parasite and Fungi","floor":29,"turns":4}],"seed_played":"2972025797914347047","potions_obtained":[{"floor":2,"key":"LiquidMemories"},{"floor":15,"key":"Dexterity Potion"},{"floor":16,"key":"hexamod:InfernoChargePotion"},{"floor":20,"key":"Strength Potion"},{"floor":23,"key":"Regen Potion"},{"floor":28,"key":"Block Potion"}],"is_trial":false,"path_per_floor":["R","M","?","?","$","?","T","R","M","M","$","M","R","T","M","B",null,"R","M","M","?","$","M","T","T","R","M","E","M"],"character_chosen":"THE_SPIRIT","items_purchased":["hexamod:CatchUp","Medical Kit","War Paint","hexamod:FastForward","hexamod:ThermalTransfer","hexamod:InspiringFlames"],"campfire_rested":1,"item_purchase_floors":[5,5,5,11,11,22],"current_hp_per_floor":[49,49,49,49,45,45,45,45,45,45,41,41,41,41,41,19,70,80,29,24,24,15,40,40,40,64,57,32,0,0,0],"gold":116,"neow_bonus":"TWO_FIFTY_GOLD","is_daily":false,"chose_seed":false,"campfire_upgraded":3,"win_rate":0.0,"timestamp":1609639806,"path_taken":["R","M","?","?","$","?","T","R","M","M","$","M","R","?","M","BOSS","R","M","M","?","$","M","T","?","R","M","E","M"],"items_purchased_type":["Card","Relic","Relic","Card","Card","Card"],"build_version":"2020-12-22","purchased_purges":0,"victory":false,"max_hp_per_floor":[70,70,70,70,70,70,70,70,70,70,70,70,70,70,70,70,70,80,80,80,80,80,80,80,80,80,80,80,80,80,80],"card_choices":[{"not_picked":["hexamod:NecessarySacrifice","hexamod:NightmareGuise"],"picked":"hexamod:BacktrackSmack","floor":2},{"not_picked":["hexamod:SpectralAdrenaline","hexamod:NightmareGuise"],"picked":"hexamod:FastForward","floor":5},{"not_picked":["hexamod:Hexaguard","hexamod:ShieldOfDarkness"],"picked":"hexamod:SpectersWail","floor":9},{"not_picked":["hexamod:FlamesFromBeyond","hexamod:NightmareGuise"],"picked":"hexamod:HauntingEcho","floor":10},{"not_picked":["hexamod:BurningTouch","hexamod:GhostShield"],"picked":"hexamod:Incineration","floor":11},{"not_picked":["hexamod:FourthSeal","hexamod:TurnItUp"],"picked":"hexamod:RainOfEmbers","floor":12},{"not_picked":["hexamod:Firestarter","hexamod:BacktrackSmack"],"picked":"hexamod:AdvancingGuard","floor":15},{"not_picked":["hexamod:TimeOfNeed","hexamod:GiftsFromTheDead"],"picked":"hexamod:HexaLevel","floor":16},{"not_picked":["hexamod:SoulSteal","hexamod:RainOfEmbers"],"picked":"hexamod:FastForward+1","floor":19},{"not_picked":["hexamod:BurningTouch","hexamod:GhostLash","hexamod:FlamesFromBeyond"],"picked":"SKIP","floor":20},{"not_picked":["hexamod:SwordOfDarkness","hexamod:VolcanoVisage"],"picked":"hexamod:ChargedBarrage","floor":22},{"not_picked":["hexamod:ThermalTransfer","hexamod:PowerFromBeyond"],"picked":"hexamod:FastForward","floor":23},{"not_picked":["hexamod:BurningTouch","hexamod:HeatCrush+1"],"picked":"hexamod:Hexaguard+1","floor":26},{"not_picked":["hexamod:RetreatToShadows","hexamod:DynamicBlow"],"picked":"hexamod:HauntingEcho","floor":27},{"not_picked":["hexamod:HauntingEcho","hexamod:EtherealExpedition"],"picked":"hexamod:SpectersWail","floor":28}],"player_experience":832315,"relics_obtained":[{"floor":7,"key":"Bottled Flame"},{"floor":17,"key":"Dream Catcher"},{"floor":17,"key":"Sundial"},{"floor":17,"key":"Lizard Tail"},{"floor":24,"key":"Blue Candle"},{"floor":25,"key":"Bottled Lightning"},{"floor":28,"key":"Bag of Marbles"}],"event_choices":[{"damage_healed":0,"gold_gain":0,"cards_transformed":["hexamod:Incineration"],"player_choice":"Transformed","damage_taken":0,"max_hp_gain":0,"max_hp_loss":0,"event_name":"Transmorgrifier","floor":21,"gold_loss":0,"cards_obtained":["hexamod:GhostOfSpirePresent"]}],"is_beta":false,"boss_relics":[{"not_picked":["Busted Crown","Velvet Choker"],"picked":"Calling Bell"}],"items_purged_floors":[],"is_endless":false,"potions_floor_spawned":[2,15,16,20,23,28],"killed_by":"Shelled Parasite and Fungi","ascension_level":0}}