{"host":"bizh8s6kqxoug1aw","time":1609670899,"event":{"mods":["AchievementEnabler","BaseMod","Better Vampires","Colored Powertips","Downfall","Minty Spire (QoL Compilation)","MostiFishMod","Replay The Spire","StSLib"],"gold_per_floor":[116,41,216,234,249,249,284,284,308,342,357,106,121,141,141,237,237,255,255,255,265,265,265,298,298,298,298,102,17,45,58,58,162,-1238,-1222,-1222,-1172,-1172,-1172,-1102,-1102,-1102,-1102,-1041,-946,-882,-859,-843,-843,-843],"floor_reached":51,"playtime":2231,"items_purged":["Defend_G","Defend_G"],"score":1296,"play_id":"91dffb1f-9a2b-4ef6-95df-ea76188033d0","local_time":"20210103184819","is_ascension_mode":false,"campfire_choices":[{"data":"ReplayTheSpireMod:The Works","floor":6,"key":"SMITH"},{"data":"Infinite Blades","floor":15,"key":"SMITH"},{"data":"MostiFishMod:SephirahHod","floor":23,"key":"SMITH"},{"data":"Glass Knife","floor":25,"key":"SMITH"},{"data":"Infinite Blades","floor":32,"key":"SMITH"},{"floor":42,"key":"REST"},{"floor":49,"key":"REST"}],"circlet_count":0,"master_deck":["Strike_G","Strike_G","Strike_G","Strike_G","Strike_G","Defend_G","Defend_G","Defend_G","Survivor","Neutralize","ReplayTheSpireMod:The Works+1","Doubt","Backflip","Slice","Escape Plan","Hallucinations","Panacea","Backstab","Atom Bomb","Infinite Blades+1","Glass Knife+1","MostiFishMod:SephirahHod+1","Escape Plan+1","Underhanded Strike+1","Distraction+1","Backstab","expansioncontent:StudyTheSpire","Infinite Blades+1","Glass Knife","Flying Knee","Escape Plan+1","Panache","Discovery","MostiFishMod:OneDayCity","Doubt","ReplayTheSpireMod:The Works+1","Outmaneuver+1","Calculated Gamble+1","Tools of the Trade","Slice"],"relics":["Ring of the Snake","DaveBox","FeatherPendant","SynthV:TestCard","SynthV:C4","Blood Vial","Iron Hammer","Nunchaku","MostiFishMod:Hod","MealTicket","Mercury Hourglass","WingedGreaves","Toy Ornithopter","Mirror","SynthV:MejaisSoulstealer","Thread and Needle","ReplayTheSpireMod:Ring of Exchange","ReplayTheSpireMod:Ring of Challenge","ArrowTower","Incense Burner","Gambling Chip","ReplayTheSpireMod:TigerMarble","Oddly Smooth Stone"],"acts_visited":["Exordium","TheCity","TheBeyond"],"potions_floor_usage":[7,10,50,50,50],"damage_taken":[{"damage":0,"enemies":"Jaw Worm","floor":1,"turns":2},{"damage":0,"enemies":"Small Slimes","floor":4,"turns":2},{"damage":0,"enemies":"Cultist","floor":5,"turns":3},{"damage":0,"enemies":"Gremlin Nob","floor":7,"turns":3},{"damage":1,"enemies":"Lagavulin","floor":10,"turns":4},{"damage":0,"enemies":"Looter","floor":11,"turns":1},{"damage":0,"enemies":"2 Fungi Beasts","floor":13,"turns":1},{"damage":0,"enemies":"Blue Slaver","floor":14,"turns":1},{"damage":0,"enemies":"Hexaghost","floor":16,"turns":6},{"damage":0,"enemies":"3 Byrds","floor":18,"turns":2},{"damage":0,"enemies":"Chosen","floor":21,"turns":1},{"damage":0,"enemies":"Slavers","floor":24,"turns":2},{"damage":0,"enemies":"Book of Stabbing","floor":30,"turns":1},{"damage":0,"enemies":"Centurion and Healer","floor":31,"turns":1},{"damage":0,"enemies":"Pondfish","floor":33,"turns":6},{"damage":0,"enemies":"3 Darklings","floor":35,"turns":2},{"damage":0,"enemies":"2 Orb Walkers","floor":37,"turns":1},{"damage":37,"enemies":"Nemesis","floor":40,"turns":3},{"damage":0,"enemies":"3 Shapes","floor":44,"turns":1},{"damage":0,"enemies":"Mind Bloom Boss Battle","floor":45,"turns":2},{"damage":0,"enemies":"Jaw Worm Horde","floor":46,"turns":1},{"damage":12,"enemies":"4 Shapes","floor":48,"turns":1},{"damage":56,"enemies":"Time Eater","floor":50,"turns":5}],"seed_played":"-396933178727546457","potions_obtained":[{"floor":1,"key":"Block Potion"},{"floor":5,"key":"ColorlessPotion"},{"floor":11,"key":"SteroidPotion"},{"floor":13,"key":"BlessingOfTheForge"},{"floor":21,"key":"Poison Potion"},{"floor":30,"key":"Swift Potion"},{"floor":31,"key":"Milkshake"}],"is_trial":false,"path_per_floor":["M","$","?","M","M","R","E","?","T","E","M","$","M","M","R","B",null,"M","?","?","M","?","R","E","R","T","?","$","?","E","M","R","B",null,"M","?","?","?","?","E","$","R","T","M","?","M","T","M","R","B",null],"character_chosen":"THE_SILENT","items_purchased":["Nunchaku","expansioncontent:StudyTheSpire"],"campfire_rested":2,"item_purchase_floors":[12,28],"current_hp_per_floor":[77,77,77,77,77,77,77,77,77,76,77,77,77,77,77,77,77,77,77,77,77,77,77,77,77,77,77,77,77,77,77,77,77,77,77,77,77,67,67,32,47,70,70,72,74,76,76,65,77,21],"gold":-843,"neow_bonus":"TEN_PERCENT_HP_BONUS","is_daily":false,"chose_seed":false,"campfire_upgraded":5,"win_rate":0.0,"timestamp":1609670899,"path_taken":["M","$","?","M","M","R","E","?","T","E","?","$","M","M","R","BOSS","M","?","?","M","?","R","E","R","T","?","$","?","E","M","R","BOSS","M","?","?","?","?","E","?","R","T","?","?","M","?","?","R","BOSS"],"items_purchased_type":["Relic","Card"],"build_version":"2020-12-22","purchased_purges":2,"victory":true,"max_hp_per_floor":[77,77,77,77,77,77,77,77,77,77,77,77,77,77,77,77,77,77,77,77,77,77,77,77,77,77,77,77,77,77,77,77,77,77,77,77,77,77,77,77,77,77,77,77,77,77,77,77,77,77],"card_choices":[{"not_picked":["Distraction","Backflip"],"picked":"ReplayTheSpireMod:The Works","floor":1},{"not_picked":["Outmaneuver","Quick Slash","ReplayTheSpireMod:Speed Training","Sucker Punch"],"picked":"Backflip","floor":4},{"not_picked":["Sneak Up","ReplayTheSpireMod:Speed Training","Deadly Poison","PiercingWail"],"picked":"Slice","floor":5},{"not_picked":["Riddle With Holes","Dodge and Roll","ReplayTheSpireMod:Scrap Shanks","Backflip"],"picked":"Escape Plan","floor":7},{"not_picked":["Choke","Flying Knee","Caltrops","Footwork"],"picked":"Backstab","floor":10},{"not_picked":["Sneak Up","Calculated Gamble","Poisoned Stab","Sucker Punch"],"picked":"Outmaneuver","floor":11},{"not_picked":["PiercingWail","Flying Knee","Dagger Spray","MostiFishMod:PerfectParry"],"picked":"Atom Bomb","floor":13},{"not_picked":["Quick Slash","Backflip","Acrobatics","Poisoned Stab"],"picked":"Infinite Blades","floor":14},{"not_picked":["Atom Bomb","Unload","MostiFishMod:ShivMaster","MostiFishMod:Neurotoxin"],"picked":"Glass Knife","floor":16},{"not_picked":["Backflip+1","Blur","Dagger Throw","Quick Slash"],"picked":"Escape Plan+1","floor":18},{"not_picked":["PiercingWail","Skewer+1","Deadly Poison","Dagger Throw"],"picked":"Underhanded Strike+1","floor":21},{"not_picked":["Poisoned Stab","Prepared","MostiFishMod:Listen","Deadly Poison"],"picked":"Distraction+1","floor":24},{"not_picked":["Caltrops","Dagger Throw+1","MostiFishMod:PerfectParry","Sneak Up"],"picked":"Infinite Blades","floor":30},{"not_picked":["Dagger Spray","Flechettes","Blade Dance","Poisoned Stab","Eviscerate"],"picked":"SKIP","floor":31},{"not_picked":["Malaise","MostiFishMod:SpreadingSpore","ReplayTheSpireMod:Necrosis","MostiFishMod:ShivMaster"],"picked":"Glass Knife","floor":33},{"not_picked":["MostiFishMod:FrostNova+1","Acrobatics+1","Sucker Punch+1","Reflex+1"],"picked":"Flying Knee","floor":35},{"not_picked":["Dagger Spray","Backflip+1","Dagger Throw","MostiFishMod:InvigoratingSolution+1"],"picked":"Escape Plan+1","floor":37},{"not_picked":["Mayhem","MostiFishMod:ButterFly","Madness","Dark Shackles"],"picked":"Panache","floor":38},{"not_picked":["Flash of Steel","Dark Shackles","Replay:SS_hec_2","expansioncontent:AwakenDeath"],"picked":"Discovery","floor":38},{"not_picked":["expansioncontent:DefensiveMode","expansioncontent:GoopSpray","Replay:SS_forest_2","ReplayTheSpireMod:Necrogeddon"],"picked":"MostiFishMod:OneDayCity","floor":38},{"not_picked":["Dagger Throw","Tactician","MostiFishMod:PerfectParry+1","Deflect"],"picked":"ReplayTheSpireMod:The Works+1","floor":40},{"not_picked":["Dagger Spray","PiercingWail","Dodge and Roll+1","Envenom"],"picked":"Outmaneuver+1","floor":44},{"not_picked":["Poisoned Stab+1","Slice+1","Sucker Punch+1","All Out Attack+1"],"picked":"Calculated Gamble+1","floor":45},{"not_picked":["Slice+1","Blade Dance","Backflip","Quick Slash+1"],"picked":"Tools of the Trade","floor":46},{"not_picked":["Flying Knee","Crippling Poison","Predator","Quick Slash+1"],"picked":"Slice","floor":48}],"player_experience":40030,"relics_obtained":[{"floor":1,"key":"SynthV:TestCard"},{"floor":7,"key":"SynthV:C4"},{"floor":9,"key":"Blood Vial"},{"floor":10,"key":"Iron Hammer"},{"floor":24,"key":"Mercury Hourglass"},{"floor":26,"key":"WingedGreaves"},{"floor":30,"key":"Mirror"},{"floor":37,"key":"Thread and Needle"},{"floor":39,"key":"ReplayTheSpireMod:Ring of Exchange"},{"floor":39,"key":"ReplayTheSpireMod:Ring of Challenge"},{"floor":40,"key":"ArrowTower"},{"floor":43,"key":"Incense Burner"},{"floor":45,"key":"Gambling Chip"},{"floor":46,"key":"ReplayTheSpireMod:TigerMarble"},{"floor":47,"key":"Oddly Smooth Stone"}],"event_choices":[{"damage_healed":0,"gold_gain":175,"player_choice":"AGREE","damage_taken":0,"max_hp_gain":0,"max_hp_loss":0,"event_name":"Liars Game","floor":3,"gold_loss":0,"cards_obtained":["Doubt"]},{"damage_healed":0,"gold_gain":0,"player_choice":"2 cards matched","damage_taken":0,"max_hp_gain":0,"max_hp_loss":0,"event_name":"Match and Keep!","floor":8,"gold_loss":0,"cards_obtained":["Hallucinations","Panacea"]},{"damage_healed":0,"gold_gain":0,"player_choice":"Ignored","damage_taken":0,"max_hp_gain":0,"max_hp_loss":0,"event_name":"Vampires","floor":19,"gold_loss":0},{"damage_healed":0,"gold_gain":0,"player_choice":"Read","damage_taken":0,"max_hp_gain":0,"max_hp_loss":0,"event_name":"The Library","floor":27,"gold_loss":0,"cards_obtained":["Backstab"]},{"damage_healed":0,"gold_gain":0,"player_choice":"Obtained Relic","damage_taken":0,"relics_obtained":["Toy Ornithopter"],"max_hp_gain":0,"max_hp_loss":0,"event_name":"Addict","floor":29,"gold_loss":85},{"cards_removed":["Outmaneuver"],"damage_healed":0,"gold_gain":0,"player_choice":"Removed Skill","damage_taken":0,"max_hp_gain":0,"max_hp_loss":0,"event_name":"Falling","floor":36,"gold_loss":0},{"damage_healed":0,"gold_gain":0,"player_choice":"Fight","damage_taken":0,"max_hp_gain":0,"max_hp_loss":0,"event_name":"Mysterious Sphere","floor":37,"gold_loss":0},{"damage_healed":0,"gold_gain":0,"player_choice":"Memory 3","damage_taken":10,"max_hp_gain":0,"max_hp_loss":0,"event_name":"SensoryStone","floor":38,"gold_loss":0},{"damage_healed":0,"gold_gain":0,"player_choice":"Fight","damage_taken":0,"max_hp_gain":0,"max_hp_loss":0,"event_name":"MindBloom","floor":45,"gold_loss":0}],"is_beta":false,"boss_relics":[{"not_picked":["Ring of Chaos","Busted Crown"],"picked":"MostiFishMod:Hod"},{"not_picked":["SacredBark","Replay:Grab Bag"],"picked":"SynthV:MejaisSoulstealer"}],"items_purged_floors":[2,12],"is_endless":false,"potions_floor_spawned":[1,5,11,13,21,30,31,33,35,45,48],"ascension_level":0}}