{"host":"64h6jdpsiwrne03s","time":1609691311,"event":{"mods":["Act Like it!","BaseMod","Bestiary","Colored Powertips","Gensokyo","Marisa£®ÏF”Í°°ƒß¿Ì…≥£©","Minty Spire (QoL Compilation)","Reimu£®≤©¿ˆ¡È√Œ£©","Remilia£®¿Ÿ√◊¿Ú—«£©","RumiaBox-¬∂√◊Ê´µƒ…Ò√ÿ∫–◊”","StSLib","The Servant 0.9.4","Youmu£®ªÍ∆«—˝√Œ£©"],"gold_per_floor":[109,127,127,127,141,141,161,161,161,161,194,32,67,86,86,165,165,181,81,81,94,12,46,46,46,116,116,116,366,0,16,16,89,89,405,415,433,433,308,308,342,342,342,377,377,387,387,419,419,419,419,419,16,43,43,43],"floor_reached":55,"playtime":4062,"items_purged":["Pain","Strike_Lin:ReiMu","Strike_Lin:ReiMu"],"score":1368,"play_id":"cd9639d2-a978-4e70-8a11-be30b866aad1","local_time":"20210104002831","is_ascension_mode":true,"campfire_choices":[{"data":"TightArray:ReiMu","floor":6.0,"key":"SMITH"},{"floor":8.0,"key":"REST"},{"data":"FoulBorder2:ReiMu","floor":15.0,"key":"SMITH"},{"data":"Gensokyo:SlitMouthedWoman","floor":25.0,"key":"SMITH"},{"data":"DependentForm:ReiMu","floor":27.0,"key":"SMITH"},{"data":"NB:ReiMu","floor":32.0,"key":"SMITH"},{"floor":40,"key":"RECALL"},{"data":"1","floor":42,"key":"LIFT"},{"data":"2","floor":49,"key":"LIFT"},{"data":"3","floor":52,"key":"LIFT"}],"circlet_count":0,"master_deck":["AscendersBane","Defend_Lin:ReiMu","Defend_Lin:ReiMu","Defend_Lin:ReiMu","Defend_Lin:ReiMu+1","NB:ReiMu+1","Stagnation:ReiMu","TightArray:ReiMu+1","RainPray2:ReiMu+1","DependentForm:ReiMu+1","SubAcupoint:ReiMu+1","Gensokyo:SlitMouthedWoman+1","OctopathBindingBorder2:ReiMu+1","RainPray2:ReiMu+1","Shading:ReiMu","MikOfLucky:ReiMu+1","ShadowOfCrow2:ReiMu"],"relics":["FlyPower:ReiMu","MoreBug","Gensokyo:LunaticRedEyes","PureWhite:ReiMu","Pear","RedLine:ReiMu","Gensokyo:ChorusOfJoy","FossilizedHelix","Singing Bowl","CrownOfHeavens:ReiMu","Old Coin","Girya","Blood Vial","Bottled Tornado","Kunai","Oddly Smooth Stone","RuthlessExorcism:ReiMu","Centennial Puzzle"],"acts_visited":["Gensokyo:Gensokyo","Gensokyo:Gensokyoer","Gensokyo:Gensokyoest","TheEnding"],"potions_floor_usage":[55,55],"damage_taken":[{"damage":7.0,"enemies":"Gensokyo:2_Kodama","floor":1.0,"turns":6.0},{"damage":14.0,"enemies":"Gensokyo:3_Fairies","floor":2.0,"turns":9.0},{"damage":1.0,"enemies":"Gensokyo:Gryphon","floor":5.0,"turns":3.0},{"damage":0.0,"enemies":"Gensokyo:Kitsune","floor":7.0,"turns":3.0},{"damage":7.0,"enemies":"Gensokyo:Cirno","floor":11.0,"turns":8.0},{"damage":4.0,"enemies":"Gensokyo:Aya","floor":13.0,"turns":6.0},{"damage":0.0,"enemies":"Gensokyo:Python_and_Kodama","floor":14.0,"turns":4.0},{"damage":14.0,"enemies":"Gensokyo:Kokoro","floor":16.0,"turns":11.0},{"damage":0.0,"enemies":"Gensokyo:Chomper","floor":18.0,"turns":4.0},{"damage":9.0,"enemies":"Gensokyo:CosmicMonolith","floor":21.0,"turns":6.0},{"damage":14.0,"enemies":"Gensokyo:Reisen","floor":23.0,"turns":6.0},{"damage":4.0,"enemies":"Gensokyo:Mirror_and_Dog","floor":31.0,"turns":4.0},{"damage":24.0,"enemies":"Gensokyo:Eiki","floor":33.0,"turns":9.0},{"damage":0.0,"enemies":"Gensokyo:3_Boulders","floor":35.0,"turns":5.0},{"damage":0.0,"enemies":"Gensokyo:3_Bats","floor":36.0,"turns":5.0},{"damage":0,"enemies":"Gensokyo:Rafflesia","floor":37,"turns":7},{"damage":0,"enemies":"Gensokyo:Marisa","floor":41,"turns":7},{"damage":0,"enemies":"Gensokyo:Kasen","floor":44,"turns":8},{"damage":0,"enemies":"Gensokyo:AtlasGolem","floor":46,"turns":6},{"damage":0,"enemies":"Gensokyo:Doremy","floor":48,"turns":6},{"damage":6,"enemies":"Gensokyo:Shinki","floor":50,"turns":10},{"damage":56,"enemies":"Shield and Spear","floor":54,"turns":7},{"damage":24,"enemies":"The Heart","floor":55,"turns":2}],"seed_played":"-2583082757733460357","potions_obtained":[{"floor":2.0,"key":"Ancient Potion"},{"floor":13.0,"key":"PinkPotion:ReiMu"},{"floor":21.0,"key":"DistilledChaos"}],"is_trial":false,"path_per_floor":["M","M","?","?","M","R","M","R","T","?","E","$","E","M","R","B",null,"M","$","?","M","COS","E","?","R","T","R","?","?","?","M","R","B",null,"M","M","M","?","$","R","E","R","T","E","?","M","?","E","R","B",null,"R","$","E","B"],"character_chosen":"REIMU","items_purchased":["FoulBorder2:ReiMu","Oddly Smooth Stone","DuplicationPotion","RuthlessExorcism:ReiMu"],"campfire_rested":1,"item_purchase_floors":[12,53,53,53],"current_hp_per_floor":[32,18,18,18,17,17,17,35,35,50,47,47,54,54,54,67,69,69,69,69,60,60,46,46,46,46,46,46,46,46,42,42,34,52,54,59,61,61,61,61,63,63,63,64,52,56,56,60,60,64,67,67,67,16,0,0],"gold":43,"neow_bonus":"ONE_RARE_RELIC","is_daily":false,"chose_seed":false,"campfire_upgraded":5,"win_rate":0.0,"timestamp":1609691311,"path_taken":["M","?","?","?","M","R","?","R","T","?","E","$","E","M","R","BOSS","M","$","?","M","COS","E","?","R","T","R","?","?","?","M","R","BOSS","M","M","M","?","$","R","E","R","T","E","?","?","?","E","R","BOSS","R","$","E","BOSS"],"items_purchased_type":["Card","Relic","Potion","Relic"],"build_version":"2020-12-22","purchased_purges":3,"victory":false,"max_hp_per_floor":[60,60,60,60,60,60,60,60,60,60,60,60,70,70,70,70,70,70,70,70,70,70,70,62,62,62,62,62,58,58,58,58,58,58,60,62,64,64,64,64,64,64,64,64,64,66,66,68,68,68,68,68,68,70,70,70],"card_choices":[{"not_picked":["CareerPray:ReiMu","EmergencyTakeOff:ReiMu"],"picked":"TightArray:ReiMu","floor":1.0},{"not_picked":["Enchanting:ReiMu","MikOfLucky:ReiMu","Meditation:ReiMu"],"picked":"SKIP","floor":2.0},{"not_picked":["Gathering:ReiMu","AirManeuver:ReiMu","Intuition:ReiMu"],"picked":"SKIP","floor":5.0},{"not_picked":["SpreadBorder2:ReiMu","CollectionFlower2:ReiMu","AirStrike:ReiMu"],"picked":"SKIP","floor":7.0},{"not_picked":["SubcavityInstant:ReiMu","ManaGlint:ReiMu","AlertArray:ReiMu"],"picked":"SKIP","floor":11.0},{"not_picked":["Conquer:ReiMu","Enchanting:ReiMu"],"picked":"RainPray2:ReiMu","floor":13.0},{"not_picked":["Conquer:ReiMu","CleanRite:ReiMu","InherentArray:ReiMu"],"picked":"SKIP","floor":14.0},{"not_picked":["YinYang:ReiMu","CleanRite:ReiMu"],"picked":"DependentForm:ReiMu","floor":16.0},{"not_picked":["CollectionFlower2:ReiMu+1","AirStrike:ReiMu","SpiritualOutbreak2:ReiMu"],"picked":"SKIP","floor":18.0},{"not_picked":["DoubleButterfly:ReiMu","TightArray:ReiMu"],"picked":"SubAcupoint:ReiMu+1","floor":21.0},{"not_picked":["SafetyPray:ReiMu","OrbThrow:ReiMu","HakureiPhantom:ReiMu"],"picked":"SKIP","floor":23.0},{"not_picked":["Gensokyo:Apocalypse","Gensokyo:Doppelganger"],"picked":"Gensokyo:SlitMouthedWoman","floor":24.0},{"not_picked":["OctopathBindingBorder2:ReiMu","EmergencyTakeOff:ReiMu"],"picked":"RainPray2:ReiMu+1","floor":31.0},{"not_picked":["CleanRite:ReiMu","BlastKick2:ReiMu"],"picked":"Shading:ReiMu","floor":33.0},{"not_picked":["PrepareRite:ReiMu","SubcavityInstant:ReiMu","WonderfulDomain:ReiMu"],"picked":"Singing Bowl","floor":35.0},{"not_picked":["LovePray:ReiMu+1","Amulet:ReiMu","SpreadBorder2:ReiMu"],"picked":"Singing Bowl","floor":36.0},{"not_picked":["Meditation:ReiMu+1","CareerPray:ReiMu","DoubleButterfly:ReiMu"],"picked":"Singing Bowl","floor":37},{"not_picked":["TightArray:ReiMu","SafetyPray:ReiMu"],"picked":"MikOfLucky:ReiMu+1","floor":41},{"not_picked":["YinYangSange:ReiMu","Intuition:ReiMu"],"picked":"ShadowOfCrow2:ReiMu","floor":44},{"not_picked":["MountainWay:ReiMu+1","MikOfLucky:ReiMu","LovePray:ReiMu"],"picked":"Singing Bowl","floor":46},{"not_picked":["Authority:ReiMu","OrbThrow:ReiMu","Conquer:ReiMu+1"],"picked":"Singing Bowl","floor":48},{"not_picked":["YinYang:ReiMu","Enchanting:ReiMu","YinYangSign:ReiMu"],"picked":"Singing Bowl","floor":54}],"player_experience":380722,"relics_obtained":[{"floor":11.0,"key":"PureWhite:ReiMu"},{"floor":13.0,"key":"Pear"},{"floor":23.0,"key":"FossilizedHelix"},{"floor":26.0,"key":"Singing Bowl"},{"floor":41,"key":"Girya"},{"floor":43,"key":"Blood Vial"},{"floor":44,"key":"Bottled Tornado"},{"floor":48,"key":"Kunai"},{"floor":54,"key":"Centennial Puzzle"}],"event_choices":[],"is_beta":false,"boss_relics":[{"not_picked":["Sozu","SacredBark"],"picked":"RedLine:ReiMu"},{"not_picked":["Pandora\u0027s Box","Coffee Dripper"],"picked":"CrownOfHeavens:ReiMu"}],"items_purged_floors":[12,19,39],"is_endless":false,"potions_floor_spawned":[2,13,14,18,21,23,36,37,46],"killed_by":"The Heart","ascension_level":16}}