{"host":"d2y4rmbezebiv8aj","time":1609633068,"event":{"mods":["AchievementEnabler","BaseMod","BetterRewards","Colored Map","Colored Powertips","Custom Start","Highlight Path","Minty Spire (QoL Compilation)","Rare Cards Sparkle","Shop Mod","StSLib","SuperFastMode","Synergy Search"],"gold_per_floor":[114,134,147,158,170,205,205,235,260,272,272,272,285,316,316,439,439,462,477,496,496,512,512,553,574,648,668,259,259,259,164,164,290,290,315,7,7,7,20,61,61,74,97,97,130,154,169,188,188,188],"floor_reached":51,"playtime":2470,"items_purged":[],"score":874,"play_id":"29f54945-0492-43bd-9823-5b9ea0bdfb83","local_time":"20210103011748","is_ascension_mode":true,"campfire_choices":[{"data":"Endless Agony","floor":7,"key":"SMITH"},{"floor":15,"key":"REST"},{"floor":23,"key":"REST"},{"floor":30,"key":"REST"},{"floor":32,"key":"REST"},{"floor":41,"key":"REST"},{"floor":44,"key":"REST"},{"floor":49,"key":"REST"}],"circlet_count":0,"master_deck":["Strike_G+1","Strike_G+1","Strike_G+1","Strike_G+1","Strike_G+1","Defend_G+1","Defend_G+1","Defend_G+1","Defend_G+1","Defend_G+1","Neutralize","Dark Shackles+1","Terror","Dagger Throw","Poisoned Stab","Finisher","Endless Agony+1","Adrenaline","After Image","Crippling Poison","Injury","All Out Attack","Deflect","A Thousand Cuts","Deflect+1","PiercingWail+1","Cloak And Dagger+1","All Out Attack+1","Quick Slash","Sucker Punch","Infinite Blades+1","PiercingWail","Caltrops","Noxious Fumes","Outmaneuver","Envenom","Blade Dance+1","Flying Knee+1","Dagger Spray","Infinite Blades","Adrenaline","PiercingWail","A Thousand Cuts","Parasite","Outmaneuver+1","Backstab"],"relics":["Ring of the Snake","Toy Ornithopter","PreservedInsect","Golden Idol","Boot","SlaversCollar","Nloth\u0027s Gift","Bag of Marbles","Kunai","Vajra","Medical Kit","HoveringKite","Snake Skull","Orrery","The Courier","Ninja Scroll","Centennial Puzzle","Strawberry","Regal Pillow"],"acts_visited":["Exordium","TheCity","TheBeyond"],"potions_floor_usage":[6,6,14,16,22,22,27,27,40,50,50,50],"damage_taken":[{"damage":1,"enemies":"Jaw Worm","floor":1,"turns":6},{"damage":8,"enemies":"Small Slimes","floor":2,"turns":5},{"damage":0,"enemies":"Cultist","floor":3,"turns":3},{"damage":7,"enemies":"Large Slime","floor":4,"turns":9},{"damage":14,"enemies":"Exordium Thugs","floor":5,"turns":5},{"damage":8,"enemies":"Gremlin Nob","floor":6,"turns":3},{"damage":3,"enemies":"Lagavulin","floor":8,"turns":6},{"damage":0,"enemies":"Blue Slaver","floor":10,"turns":3},{"damage":6,"enemies":"Gremlin Gang","floor":13,"turns":9},{"damage":4,"enemies":"3 Sentries","floor":14,"turns":4},{"damage":23,"enemies":"The Guardian","floor":16,"turns":14},{"damage":4,"enemies":"3 Byrds","floor":18,"turns":5},{"damage":8,"enemies":"Shell Parasite","floor":19,"turns":4},{"damage":16,"enemies":"Snake Plant","floor":20,"turns":5},{"damage":48,"enemies":"Cultist and Chosen","floor":22,"turns":9},{"damage":3,"enemies":"Slavers","floor":24,"turns":4},{"damage":17,"enemies":"Snecko","floor":25,"turns":7},{"damage":0,"enemies":"Snake Plant","floor":27,"turns":1},{"damage":40,"enemies":"Collector","floor":33,"turns":12},{"damage":19,"enemies":"3 Shapes","floor":35,"turns":6},{"damage":44,"enemies":"3 Darklings","floor":39,"turns":8},{"damage":0,"enemies":"Giant Head","floor":40,"turns":5},{"damage":10,"enemies":"Jaw Worm Horde","floor":42,"turns":5},{"damage":15,"enemies":"Reptomancer","floor":45,"turns":3},{"damage":26,"enemies":"Writhing Mass","floor":47,"turns":7},{"damage":6,"enemies":"4 Shapes","floor":48,"turns":8},{"damage":6,"enemies":"Donu and Deca","floor":50,"turns":9}],"seed_played":"-4193272464429120451","potions_obtained":[{"floor":3,"key":"SteroidPotion"},{"floor":4,"key":"PowerPotion"},{"floor":5,"key":"SkillPotion"},{"floor":6,"key":"BlessingOfTheForge"},{"floor":10,"key":"Weak Potion"},{"floor":18,"key":"Explosive Potion"},{"floor":19,"key":"SkillPotion"},{"floor":25,"key":"PowerPotion"},{"floor":33,"key":"DuplicationPotion"},{"floor":35,"key":"PowerPotion"},{"floor":42,"key":"PowerPotion"},{"floor":48,"key":"EssenceOfSteel"}],"is_trial":false,"path_per_floor":["M","M","M","M","M","E","R","E","T","M","?","?","M","E","R","B",null,"M","M","M","?","M","R","E","M","T","M","$","?","R","$","R","B",null,"M","$","?","T","M","E","R","M","T","R","E","T","M","M","R","B",null],"character_chosen":"THE_SILENT","items_purchased":["Vajra","Medical Kit","PiercingWail","Caltrops","Noxious Fumes","Outmaneuver","Snake Skull","Orrery"],"campfire_rested":7,"item_purchase_floors":[28,28,28,28,31,31,36,36],"current_hp_per_floor":[69,61,61,54,40,32,32,29,29,29,29,15,9,10,31,13,70,66,58,42,42,4,25,22,5,5,15,15,15,36,36,57,17,70,51,51,51,51,7,12,33,23,23,44,36,36,10,4,42,51],"gold":188,"neow_bonus":"RANDOM_COLORLESS","is_daily":false,"chose_seed":false,"campfire_upgraded":1,"win_rate":0.0,"timestamp":1609633068,"path_taken":["M","M","M","M","M","E","R","E","T","M","?","?","?","E","R","BOSS","M","M","M","?","M","R","E","M","T","?","$","?","R","?","R","BOSS","M","$","?","?","M","E","R","M","T","R","E","?","M","M","R","BOSS"],"items_purchased_type":["Relic","Relic","Card","Card","Card","Card","Relic","Relic"],"build_version":"2020-12-22","purchased_purges":0,"victory":true,"max_hp_per_floor":[70,70,70,70,70,70,70,70,70,70,70,70,70,70,70,70,70,70,70,70,70,70,70,70,70,70,70,70,70,70,70,70,70,70,70,70,70,70,70,70,70,70,70,70,77,77,77,77,77,77],"card_choices":[{"not_picked":["Blind","Impatience"],"picked":"Dark Shackles","floor":0},{"not_picked":["Catalyst","Reflex"],"picked":"Terror","floor":1},{"not_picked":["Bane","Outmaneuver"],"picked":"Dagger Throw","floor":2},{"not_picked":["Bane","Dodge and Roll"],"picked":"Poisoned Stab","floor":3},{"not_picked":["Dodge and Roll","Blur"],"picked":"Finisher","floor":4},{"not_picked":["Finisher","Bouncing Flask"],"picked":"Endless Agony","floor":5},{"not_picked":["Deflect","Flying Knee"],"picked":"Adrenaline","floor":6},{"not_picked":["Crippling Poison","Backflip"],"picked":"After Image","floor":8},{"not_picked":["Backflip","Cloak And Dagger"],"picked":"Crippling Poison","floor":10},{"not_picked":["Heel Hook","Dagger Throw"],"picked":"All Out Attack","floor":13},{"not_picked":["Bane","Catalyst"],"picked":"Deflect","floor":14},{"not_picked":["Malaise","Doppelganger"],"picked":"A Thousand Cuts","floor":16},{"not_picked":["Dagger Throw+1","Bouncing Flask+1"],"picked":"Deflect+1","floor":18},{"not_picked":["Deadly Poison","Sucker Punch"],"picked":"PiercingWail+1","floor":19},{"not_picked":["Well Laid Plans","Outmaneuver"],"picked":"Cloak And Dagger+1","floor":20},{"not_picked":["Acrobatics","Adrenaline"],"picked":"All Out Attack+1","floor":22},{"not_picked":["Acrobatics","Dodge and Roll"],"picked":"Quick Slash","floor":24},{"not_picked":["Deflect","Quick Slash"],"picked":"Sucker Punch","floor":25},{"not_picked":["Glass Knife","Malaise"],"picked":"Infinite Blades+1","floor":27},{"not_picked":["Burst","Wraith Form v2"],"picked":"Envenom","floor":33},{"not_picked":["Dagger Spray+1","Slice"],"picked":"Blade Dance+1","floor":35},{"not_picked":["Quick Slash","Acrobatics+1"],"picked":"Flying Knee+1","floor":36},{"not_picked":["Acrobatics","Expertise"],"picked":"Dagger Spray","floor":36},{"not_picked":["Setup+1","Reflex"],"picked":"Infinite Blades","floor":39},{"not_picked":["Backflip","Die Die Die"],"picked":"Adrenaline","floor":40},{"not_picked":["Prepared+1","Deflect"],"picked":"PiercingWail","floor":42},{"not_picked":["Concentrate","Backflip+1"],"picked":"A Thousand Cuts","floor":45},{"not_picked":["PiercingWail","Backflip+1"],"picked":"Outmaneuver+1","floor":47},{"not_picked":["Prepared+1","Leg Sweep"],"picked":"Backstab","floor":48}],"player_experience":322175,"relics_obtained":[{"floor":6,"key":"Smiling Mask"},{"floor":8,"key":"Toy Ornithopter"},{"floor":9,"key":"PreservedInsect"},{"floor":14,"key":"Boot"},{"floor":24,"key":"Bag of Marbles"},{"floor":26,"key":"Kunai"},{"floor":38,"key":"The Courier"},{"floor":40,"key":"Ninja Scroll"},{"floor":43,"key":"Centennial Puzzle"},{"floor":45,"key":"Strawberry"},{"floor":46,"key":"Regal Pillow"}],"event_choices":[{"damage_healed":0,"gold_gain":0,"player_choice":"Take Wound","damage_taken":0,"relics_obtained":["Golden Idol"],"max_hp_gain":0,"max_hp_loss":0,"event_name":"Golden Idol","floor":11,"gold_loss":0,"cards_obtained":["Injury"]},{"damage_healed":0,"gold_gain":0,"player_choice":"Entered Light","damage_taken":14,"max_hp_gain":0,"max_hp_loss":0,"event_name":"Shining Light","floor":12,"gold_loss":0,"cards_upgraded":["Defend_G","Dark Shackles"]},{"damage_healed":0,"gold_gain":0,"player_choice":"Traded Relic","damage_taken":0,"relics_obtained":["Nloth\u0027s Gift"],"max_hp_gain":0,"max_hp_loss":0,"event_name":"N\u0027loth","floor":21,"relics_lost":["Smiling Mask"],"gold_loss":0},{"damage_healed":0,"gold_gain":0,"player_choice":"Simplicity","damage_taken":0,"max_hp_gain":0,"max_hp_loss":0,"event_name":"Back to Basics","floor":29,"gold_loss":0,"cards_upgraded":["Strike_G","Strike_G","Strike_G","Strike_G","Strike_G","Defend_G","Defend_G","Defend_G","Defend_G"]},{"cards_removed":["Survivor"],"damage_healed":0,"gold_gain":0,"player_choice":"Removed Skill","damage_taken":0,"max_hp_gain":0,"max_hp_loss":0,"event_name":"Falling","floor":37,"gold_loss":0}],"is_beta":false,"boss_relics":[{"not_picked":["Philosopher\u0027s Stone","Runic Pyramid"],"picked":"SlaversCollar"},{"not_picked":["Snecko Eye","Velvet Choker"],"picked":"HoveringKite"}],"items_purged_floors":[],"is_endless":false,"potions_floor_spawned":[3,4,5,6,10,18,19,20,25,33,35,42,48],"ascension_level":2}}