{"host":"bydnmyvf669xu6ab","time":1609703200,"event":{"mods":["Aspiration","BaseMod","Better Note","BetterRewards","Colored Map","Colored Powertips","Minty Spire (QoL Compilation)","Rare Cards Sparkle","Relic Stats","Shop Mod","StSLib","SuperFastMode","Virulent Crown"],"gold_per_floor":[115,163,238,238,257,257,288,307,386,400,400,425,425,445,445,546,546,557,557,512,527,527,527,562,582,582,594,594,610,610,610,610,713,713,730,740,474,492,492,492,522,522,522,556,556,906,917,917,917,917,917],"floor_reached":50,"playtime":3014,"items_purged":[],"score":788,"play_id":"58355105-2ea4-442c-8e84-a619f063f717","local_time":"20210103114640","is_ascension_mode":true,"campfire_choices":[{"floor":6,"key":"REST"},{"data":"Whirlwind","floor":11,"key":"SMITH"},{"floor":13,"key":"REST"},{"data":"Armaments","floor":15,"key":"SMITH"},{"data":"Barricade","floor":23,"key":"SMITH"},{"floor":28,"key":"RECALL"},{"data":"Fire Breathing","floor":32,"key":"SMITH"},{"data":"Metallicize","floor":40,"key":"SMITH"},{"floor":42,"key":"REST"},{"data":"Demon Form","floor":45,"key":"SMITH"},{"data":"Flame Barrier","floor":49,"key":"SMITH"}],"circlet_count":0,"master_deck":["Strike_R","Strike_R","Strike_R","Strike_R","Defend_R","Defend_R","Defend_R","Defend_R","Bash","Whirlwind+1","Flex","Rampage","Shrug It Off","Immolate","Shrug It Off","Spot Weakness","Armaments+1","Uppercut","Barricade+1","Sentinel+1","Enlightenment","Double Tap","Evolve+1","Rage","Fire Breathing+1","Body Slam","Bludgeon","Body Slam","Heavy Blade","Metallicize+1","Flame Barrier+1","Metallicize+1","Impervious","Demon Form+1","True Grit","Shrug It Off+1"],"relics":["Burning Blood","Membership Card","MealTicket","Question Card","Turnip","Tiny Chest","Self Forming Clay","ClockworkSouvenir","Vajra","Ancient Tea Set","Regal Pillow","Velvet Choker","Strawberry","Shuriken","aspiration:HiddenCompartment","Gremlin Horn","Runic Cube","Blood Vial","Meat on the Bone","Paper Frog","Nunchaku","Potion Belt","Old Coin"],"acts_visited":["Exordium","TheCity","TheBeyond"],"potions_floor_usage":[16,36,38,50,50],"damage_taken":[{"damage":1,"enemies":"Cultist","floor":1,"turns":3},{"damage":1,"enemies":"Jaw Worm","floor":5,"turns":3},{"damage":10,"enemies":"3 Sentries","floor":7,"turns":4},{"damage":0,"enemies":"2 Louse","floor":8,"turns":1},{"damage":0,"enemies":"Exordium Thugs","floor":10,"turns":5},{"damage":28,"enemies":"Lagavulin","floor":12,"turns":5},{"damage":0,"enemies":"Lots of Slimes","floor":14,"turns":1},{"damage":25,"enemies":"The Guardian","floor":16,"turns":9},{"damage":12,"enemies":"2 Thieves","floor":18,"turns":3},{"damage":0,"enemies":"Spheric Guardian","floor":21,"turns":6},{"damage":0,"enemies":"Slavers","floor":24,"turns":1},{"damage":23,"enemies":"Snake Plant","floor":25,"turns":5},{"damage":10,"enemies":"Cultist and Chosen","floor":27,"turns":5},{"damage":14,"enemies":"Sentry and Sphere","floor":29,"turns":5},{"damage":20,"enemies":"Champ","floor":33,"turns":13},{"damage":18,"enemies":"3 Shapes","floor":35,"turns":1},{"damage":2,"enemies":"Orb Walker","floor":36,"turns":2},{"damage":63,"enemies":"Transient","floor":38,"turns":5},{"damage":67,"enemies":"Giant Head","floor":41,"turns":10},{"damage":16,"enemies":"Reptomancer","floor":44,"turns":8},{"damage":0,"enemies":"Mind Bloom Boss Battle","floor":46,"turns":5},{"damage":17,"enemies":"Sphere and 2 Shapes","floor":47,"turns":5},{"damage":72,"enemies":"Awakened One","floor":50,"turns":10}],"seed_played":"-1010522528981162401","potions_obtained":[{"floor":1,"key":"LiquidBronze"},{"floor":14,"key":"Explosive Potion"},{"floor":16,"key":"Strength Potion"},{"floor":27,"key":"FairyPotion"},{"floor":33,"key":"EssenceOfSteel"},{"floor":38,"key":"FearPotion"},{"floor":44,"key":"Dexterity Potion"},{"floor":46,"key":"SteroidPotion"}],"is_trial":false,"path_per_floor":["M","T","?","?","M","R","E","M","T","M","R","E","R","M","R","B",null,"M","T","$","M","?","R","E","M","T","M","R","M","?","T","R","B",null,"M","M","$","M","?","R","E","R","T","E","R","?","M","?","R","B"],"character_chosen":"IRONCLAD","items_purchased":["Membership Card","MealTicket","Question Card","Turnip","Whirlwind","Flex","Tiny Chest","Self Forming Clay","ClockworkSouvenir","Rampage","Enlightenment","Blood Vial","Meat on the Bone","Metallicize","Flame Barrier"],"campfire_rested":3,"item_purchase_floors":[0,0,0,0,0,0,0,0,0,0,20,37,37,37,37],"current_hp_per_floor":[37,37,26,19,24,48,44,50,50,56,56,34,73,79,79,60,80,74,81,87,87,87,87,87,70,70,66,66,58,50,50,50,36,87,75,79,87,42,42,42,29,70,70,62,62,70,61,70,70,0,0],"gold":917,"neow_bonus":"","is_daily":false,"chose_seed":false,"campfire_upgraded":7,"win_rate":0.0,"timestamp":1609703200,"path_taken":["M","?","?","?","M","R","E","M","T","M","R","E","R","M","R","BOSS","M","?","$","?","?","R","E","M","T","M","R","M","?","?","R","BOSS","M","M","$","M","?","R","E","R","T","E","R","?","M","?","R","BOSS"],"items_purchased_type":["Relic","Relic","Relic","Relic","Card","Card","Relic","Relic","Relic","Card","Card","Relic","Relic","Card","Card"],"build_version":"2020-12-22","purchased_purges":0,"victory":false,"max_hp_per_floor":[80,80,80,80,80,80,80,80,80,80,80,80,80,80,80,80,80,80,87,87,87,87,87,87,87,87,87,87,87,87,87,87,87,87,87,87,87,87,87,87,87,87,87,87,87,87,87,87,87,87,87],"relic_stats":{"Regal Pillow":30,"Gremlin Horn":[15,16],"counters":[1190,6036],"Self Forming Clay":[132],"Question Card":22,"Burning Blood":535,"Blood Vial":10,"Nunchaku":[4],"Shuriken":[15],"MealTicket":14,"Tiny Chest":2,"Turnip":[35],"obtain_stats":[{"Whetstone":19,"Ginger":24,"Bottled Tornado":13,"Boot":9,"Sling":0,"Old Coin":43,"Blood Vial":4,"MealTicket":19,"Fusion Hammer":17,"Kunai":31,"aspiration:DSix":10,"Runic Cube":34,"MerchantsRug":20,"Pear":7,"Blue Candle":44,"Velvet Choker":17,"Eternal Feather":44,"Pen Nib":9,"SlaversCollar":17,"Bird Faced Urn":22,"MutagenicStrength":30,"Mark of Pain":34,"Unceasing Top":5,"Regal Pillow":0,"Lantern":24,"aspiration:Lifesprig":13,"Singing Bowl":26,"Magic Flower":0,"Bag of Preparation":38,"Cursed Key":17,"Ancient Tea Set":26,"Smiling Mask":9,"Burning Blood":0,"Shovel":38,"aspiration:AnachronicSnailShell":12,"Toolbox":0,"WingedGreaves":36,"InkBottle":11,"Paper Frog":45,"Potion Belt":38,"Self Forming Clay":26,"The Courier":12,"PreservedInsect":0,"Omamori":0,"MawBank":8,"Busted Crown":17,"Orrery":0,"Turnip":38,"Art of War":26,"Champion Belt":24,"Bottled Lightning":14,"Ice Cream":49,"Calipers":10,"Tiny House":34,"Gremlin Horn":29,"Vajra":30,"Sozu":17,"HornCleat":10,"DollysMirror":0,"Strawberry":10,"Philosopher\u0027s Stone":17,"Toxic Egg 2":19,"Happy Flower":22,"Oddly Smooth Stone":10,"Charon\u0027s Ashes":37,"aspiration:SeaSaltIceCream":25,"Letter Opener":40,"War Paint":26,"aspiration:HiddenCompartment":9,"Question Card":19,"Bottled Flame":24,"Shuriken":30,"Bronze Scales":28,"Black Star":17,"Nloth\u0027s Gift":20,"aspiration:HatOfInfinitePower":12,"Meat on the Bone":24,"Pocketwatch":29,"SacredBark":34,"Enchiridion":19,"Black Blood":17,"Mango":45,"Incense Burner":38,"Juzu Bracelet":40,"PrismaticShard":22,"ClockworkSouvenir":19,"Nunchaku":0,"Dream Catcher":9,"Mummified Hand":31,"Pantograph":26,"Gambling Chip":17,"Tiny Chest":0,"Red Skull":0,"aspiration:HummingbirdHeart":9,"aspiration:SecretTechniqueScroll":17,"Odd Mushroom":10,"Orichalcum":2,"Calling Bell":17,"Strange Spoon":0,"Anchor":0,"Bag of Marbles":20,"Coffee Dripper":17,"Membership Card":38,"aspiration:RitualDagger":17,"TungstenRod":42,"FossilizedHelix":10},{"Whetstone":964,"Ginger":1051,"Bottled Tornado":1144,"Boot":983,"Sling":1121,"Old Coin":975,"Blood Vial":1032,"MealTicket":1003,"Fusion Hammer":1049,"Kunai":970,"aspiration:DSix":1067,"Runic Cube":1182,"MerchantsRug":1148,"Pear":983,"Blue Candle":976,"Velvet Choker":1175,"Eternal Feather":976,"Pen Nib":936,"SlaversCollar":985,"Bird Faced Urn":951,"MutagenicStrength":1087,"Mark of Pain":971,"Unceasing Top":945,"Regal Pillow":956,"Lantern":1051,"aspiration:Lifesprig":1094,"Singing Bowl":1017,"Magic Flower":1073,"Bag of Preparation":973,"Cursed Key":941,"Ancient Tea Set":953,"Smiling Mask":1143,"Burning Blood":0,"Shovel":973,"aspiration:AnachronicSnailShell":949,"Toolbox":943,"WingedGreaves":1022,"InkBottle":1067,"Paper Frog":976,"Potion Belt":1022,"Self Forming Clay":966,"The Courier":961,"PreservedInsect":1043,"Omamori":979,"MawBank":960,"Busted Crown":1081,"Orrery":1007,"Turnip":973,"Art of War":1137,"Champion Belt":952,"Bottled Lightning":1048,"Ice Cream":978,"Calipers":937,"Tiny House":1020,"Gremlin Horn":968,"Vajra":1138,"Sozu":1131,"HornCleat":983,"DollysMirror":979,"Strawberry":983,"Philosopher\u0027s Stone":1013,"Toxic Egg 2":942,"Happy Flower":1051,"Oddly Smooth Stone":1010,"Charon\u0027s Ashes":1056,"aspiration:SeaSaltIceCream":1017,"Letter Opener":1058,"War Paint":1070,"aspiration:HiddenCompartment":1009,"Question Card":1014,"Bottled Flame":1100,"Shuriken":1019,"Bronze Scales":1017,"Black Star":963,"Nloth\u0027s Gift":986,"aspiration:HatOfInfinitePower":1011,"Meat on the Bone":966,"Pocketwatch":1119,"SacredBark":1157,"Enchiridion":951,"Black Blood":1002,"Mango":1060,"Incense Burner":973,"Juzu Bracelet":974,"PrismaticShard":1116,"ClockworkSouvenir":964,"Nunchaku":979,"Dream Catcher":1033,"Mummified Hand":970,"Pantograph":1051,"Gambling Chip":1096,"Tiny Chest":1167,"Red Skull":1029,"aspiration:HummingbirdHeart":960,"aspiration:SecretTechniqueScroll":950,"Odd Mushroom":1127,"Orichalcum":1140,"Calling Bell":1096,"Strange Spoon":956,"Anchor":992,"Bag of Marbles":1097,"Coffee Dripper":1146,"Membership Card":973,"aspiration:RitualDagger":1068,"TungstenRod":975,"FossilizedHelix":999},{"Whetstone":4842,"Ginger":5310,"Bottled Tornado":5813,"Boot":4940,"Sling":5699,"Old Coin":4895,"Blood Vial":5197,"MealTicket":5053,"Fusion Hammer":5300,"Kunai":4872,"aspiration:DSix":5389,"Runic Cube":5990,"MerchantsRug":5828,"Pear":4940,"Blue Candle":4903,"Velvet Choker":5952,"Eternal Feather":4903,"Pen Nib":4716,"SlaversCollar":4957,"Bird Faced Urn":4777,"MutagenicStrength":5515,"Mark of Pain":4879,"Unceasing Top":4749,"Regal Pillow":4807,"Lantern":5310,"aspiration:Lifesprig":5548,"Singing Bowl":5129,"Magic Flower":5436,"Bag of Preparation":4886,"Cursed Key":4734,"Ancient Tea Set":4790,"Smiling Mask":5810,"Burning Blood":0,"Shovel":4886,"aspiration:AnachronicSnailShell":4761,"Toolbox":4741,"WingedGreaves":5152,"InkBottle":5389,"Paper Frog":4903,"Potion Belt":5152,"Self Forming Clay":4851,"The Courier":4824,"PreservedInsect":5276,"Omamori":4922,"MawBank":4819,"Busted Crown":5473,"Orrery":5076,"Turnip":4886,"Art of War":5783,"Champion Belt":4786,"Bottled Lightning":5292,"Ice Cream":4914,"Calipers":4722,"Tiny House":5142,"Gremlin Horn":4863,"Vajra":5790,"Sozu":5752,"HornCleat":4940,"DollysMirror":4922,"Strawberry":4940,"Philosopher\u0027s Stone":5111,"Toxic Egg 2":4738,"Happy Flower":5310,"Oddly Smooth Stone":5090,"Charon\u0027s Ashes":5339,"aspiration:SeaSaltIceCream":5129,"Letter Opener":5349,"War Paint":5411,"aspiration:HiddenCompartment":5083,"Question Card":5113,"Bottled Flame":5588,"Shuriken":5135,"Bronze Scales":5129,"Black Star":4835,"Nloth\u0027s Gift":4962,"aspiration:HatOfInfinitePower":5094,"Meat on the Bone":4851,"Pocketwatch":5689,"SacredBark":5867,"Enchiridion":4777,"Black Blood":5048,"Mango":5360,"Incense Burner":4886,"Juzu Bracelet":4891,"PrismaticShard":5672,"ClockworkSouvenir":4842,"Nunchaku":4922,"Dream Catcher":5203,"Mummified Hand":4872,"Pantograph":5310,"Gambling Chip":5565,"Tiny Chest":5921,"Red Skull":5186,"aspiration:HummingbirdHeart":4819,"aspiration:SecretTechniqueScroll":4773,"Odd Mushroom":5724,"Orichalcum":5801,"Calling Bell":5565,"Strange Spoon":4807,"Anchor":5001,"Bag of Marbles":5570,"Coffee Dripper":5822,"Membership Card":4886,"aspiration:RitualDagger":5400,"TungstenRod":4895,"FossilizedHelix":5030}],"Runic Cube":[28],"Meat on the Bone":24},"card_choices":[{"not_picked":["Infernal Blade","Sword Boomerang","Body Slam"],"picked":"Shrug It Off","floor":1},{"not_picked":["Clash","Havoc","Burning Pact","Sword Boomerang"],"picked":"SKIP","floor":5},{"not_picked":["Pommel Strike","Double Tap","Headbutt"],"picked":"Immolate","floor":7},{"not_picked":["Ghostly Armor","Warcry","Infernal Blade"],"picked":"Shrug It Off","floor":8},{"not_picked":["Cleave","Hemokinesis","Evolve"],"picked":"Spot Weakness","floor":10},{"not_picked":["Dropkick","True Grit","Shrug It Off"],"picked":"Armaments","floor":12},{"not_picked":["Shrug It Off","Twin Strike","Wild Strike"],"picked":"Uppercut","floor":14},{"not_picked":["Limit Break","Corruption","Double Tap"],"picked":"Barricade","floor":16},{"not_picked":["Shockwave","Feel No Pain","Clothesline"],"picked":"Sentinel+1","floor":18},{"not_picked":["Sword Boomerang","Pommel Strike","Headbutt"],"picked":"Double Tap","floor":21},{"not_picked":["Ghostly Armor","Pommel Strike","Iron Wave"],"picked":"Evolve+1","floor":24},{"not_picked":["Feel No Pain","Havoc","Power Through"],"picked":"Rage","floor":25},{"not_picked":["Thunderclap+1","Clothesline+1","Havoc"],"picked":"Fire Breathing","floor":27},{"not_picked":["Clothesline","Second Wind+1","Pummel+1"],"picked":"Body Slam","floor":29},{"not_picked":["Barricade","Immolate","Exhume"],"picked":"Bludgeon","floor":33},{"not_picked":["Warcry","Twin Strike+1","Iron Wave"],"picked":"Body Slam","floor":35},{"not_picked":["Body Slam","Searing Blow+1","Intimidate"],"picked":"Heavy Blade","floor":36},{"not_picked":["Body Slam","Ghostly Armor","Anger+1"],"picked":"Metallicize+1","floor":38},{"not_picked":["Headbutt+1","Flex","Wild Strike+1"],"picked":"Impervious","floor":41},{"not_picked":["Heavy Blade","Brutality","Dual Wield+1"],"picked":"Demon Form","floor":44},{"not_picked":["Twin Strike","Shrug It Off","Hemokinesis+1"],"picked":"True Grit","floor":46},{"not_picked":["Clothesline","Heavy Blade+1","Iron Wave+1"],"picked":"Shrug It Off+1","floor":47}],"player_experience":2081113,"relics_obtained":[{"floor":2,"key":"Vajra"},{"floor":7,"key":"Ancient Tea Set"},{"floor":12,"key":"Regal Pillow"},{"floor":19,"key":"Strawberry"},{"floor":24,"key":"Shuriken"},{"floor":26,"key":"aspiration:HiddenCompartment"},{"floor":31,"key":"Gremlin Horn"},{"floor":41,"key":"Paper Frog"},{"floor":43,"key":"Nunchaku"},{"floor":44,"key":"Potion Belt"},{"floor":46,"key":"Old Coin"}],"event_choices":[{"damage_healed":0,"gold_gain":75,"player_choice":"Gather Gold","damage_taken":11,"max_hp_gain":0,"max_hp_loss":0,"event_name":"World of Goop","floor":3,"gold_loss":0},{"cards_removed":["Strike_R"],"damage_healed":0,"gold_gain":0,"player_choice":"Card Removal","damage_taken":7,"max_hp_gain":0,"max_hp_loss":0,"event_name":"Golden Wing","floor":4,"gold_loss":0},{"damage_healed":0,"gold_gain":0,"player_choice":"Ignored","damage_taken":0,"max_hp_gain":0,"max_hp_loss":0,"event_name":"betterNote:BetterNote","floor":22,"gold_loss":0,"cards_obtained":["Barricade"]},{"damage_healed":0,"gold_gain":0,"player_choice":"Damaged","damage_taken":8,"max_hp_gain":0,"max_hp_loss":0,"event_name":"Wheel of Change","floor":30,"gold_loss":0},{"damage_healed":0,"gold_gain":0,"player_choice":"Ignored","damage_taken":0,"max_hp_gain":0,"max_hp_loss":0,"event_name":"Tomb of Lord Red Mask","floor":39,"gold_loss":0},{"damage_healed":0,"gold_gain":0,"player_choice":"Fight","damage_taken":0,"max_hp_gain":0,"max_hp_loss":0,"event_name":"MindBloom","floor":46,"gold_loss":0}],"is_beta":false,"boss_relics":[{"not_picked":["Ectoplasm","aspiration:RunicSpoon"],"picked":"Velvet Choker"},{"not_picked":["aspiration:SecretTechniqueScroll","SacredBark"],"picked":"Runic Cube"}],"items_purged_floors":[],"is_endless":false,"potions_floor_spawned":[1,14,16,27,33,35,38,44,46],"killed_by":"Awakened One","ascension_level":1}}