{"host":"armnliea5o2aqs4b","time":1609687090,"event":{"mods":["BaseMod","Hubris","Infinite Spire","Minty Spire (QoL Compilation)","Quick Restart","StSLib"],"gold_per_floor":[114,114,114,133,36,70,70,87,87,97,97,114,64,96,96,194,194,208,208,388,86,101,101,101,101,126,126,41,41,41,41,41,41,41],"floor_reached":33,"playtime":662,"items_purged":[],"score":368,"play_id":"47e4e99b-f61e-411b-9c84-83cf3825a24d","local_time":"20210104021810","is_ascension_mode":true,"campfire_choices":[{"data":"Rampage","floor":7,"key":"SMITH"},{"data":"Rampage","floor":15,"key":"SMITH"},{"floor":23,"key":"REST"},{"floor":27,"key":"REST"},{"data":"Offering","floor":30,"key":"SMITH"},{"data":"Flex","floor":32,"key":"SMITH"}],"circlet_count":0,"master_deck":["Strike_R","Strike_R","Strike_R","Defend_R","Defend_R","Defend_R","Defend_R","Bash+1","Shrug It Off","Rampage+1","Seeing Red","Infernal Blade+1","Rampage+1","Offering+1","Flex+1","Necronomicurse"],"relics":["Burning Blood","NeowsBlessing","Paper Frog","Bag of Preparation","Ornamental Fan","infinitespire:Burning Sword","infinitespire:EmpoweringShard","Pear","PreservedInsect","Torii","Necronomicon","OrangePellets","hubris:CrackedHourglass"],"acts_visited":["Exordium","TheCity"],"potions_floor_usage":[16,16,24,33],"damage_taken":[{"damage":0,"enemies":"Small Slimes","floor":1,"turns":1},{"damage":0,"enemies":"2 Louse","floor":4,"turns":2},{"damage":0,"enemies":"Lagavulin","floor":6,"turns":1},{"damage":1,"enemies":"Cultist","floor":8,"turns":3},{"damage":5,"enemies":"Red Slaver","floor":10,"turns":3},{"damage":6,"enemies":"3 Louse","floor":12,"turns":3},{"damage":8,"enemies":"Gremlin Nob","floor":14,"turns":3},{"damage":43,"enemies":"Hexaghost","floor":16,"turns":6},{"damage":14,"enemies":"Shell Parasite","floor":18,"turns":3},{"damage":25,"enemies":"3 Byrds","floor":22,"turns":5},{"damage":26,"enemies":"Slavers","floor":24,"turns":2},{"damage":66,"enemies":"Champ","floor":33,"turns":6}],"seed_played":"1218954426297631068","potions_obtained":[{"floor":4,"key":"PowerPotion"},{"floor":6,"key":"FearPotion"},{"floor":10,"key":"Swift Potion"},{"floor":22,"key":"SmokeBomb"}],"is_trial":false,"path_per_floor":["M","?","?","M","$","E","R","M","T","M","?","M","?","E","R","B",null,"M","?","?","$","M","R","E","T","T","R","?","?","R","AVR","R","B"],"character_chosen":"IRONCLAD","items_purchased":["Shrug It Off","Rampage","infinitespire:EmpoweringShard","Flex"],"campfire_rested":2,"item_purchase_floors":[5,5,21,21],"current_hp_per_floor":[80,73,73,79,79,80,80,80,80,80,80,80,80,78,78,41,70,62,62,43,43,24,48,28,38,38,65,65,49,49,49,49,0,0],"gold":41,"neow_bonus":"THREE_ENEMY_KILL","is_daily":false,"chose_seed":false,"campfire_upgraded":4,"win_rate":0.0,"timestamp":1609687090,"path_taken":["M","?","?","?","?","E","R","M","T","M","?","M","?","E","R","BOSS","M","?","?","$","?","R","E","?","T","R","?","?","R","AVR","R","BOSS"],"items_purchased_type":["Card","Card","Relic","Card"],"build_version":"2020-12-22","purchased_purges":0,"victory":false,"max_hp_per_floor":[80,80,80,80,80,80,80,80,80,80,80,80,80,80,80,80,80,80,80,80,80,80,80,80,90,90,90,90,90,90,90,90,90,90],"card_choices":[{"not_picked":["Sword Boomerang","Wild Strike","Iron Wave"],"picked":"SKIP","floor":1},{"not_picked":["Havoc","Sword Boomerang","Warcry"],"picked":"SKIP","floor":4},{"not_picked":["Warcry","Combust"],"picked":"Seeing Red","floor":6},{"not_picked":["Headbutt","Dark Embrace","Burning Pact"],"picked":"SKIP","floor":8},{"not_picked":["Evolve","Immolate"],"picked":"Infernal Blade","floor":10},{"not_picked":["Sever Soul","Shrug It Off","Perfected Strike"],"picked":"SKIP","floor":12},{"not_picked":["Dropkick","Headbutt"],"picked":"Rampage","floor":14},{"not_picked":["Feed","Bludgeon"],"picked":"Offering","floor":16},{"not_picked":["Clash","Sentinel","Wild Strike"],"picked":"SKIP","floor":18},{"not_picked":["Iron Wave","Exhume","Clash"],"picked":"SKIP","floor":22}],"player_experience":161985,"relics_obtained":[{"floor":6,"key":"Paper Frog"},{"floor":9,"key":"Bag of Preparation"},{"floor":14,"key":"Ornamental Fan"},{"floor":25,"key":"Pear"},{"floor":26,"key":"PreservedInsect"},{"floor":29,"key":"Necronomicon"}],"event_choices":[{"cards_removed":["Strike_R"],"damage_healed":0,"gold_gain":0,"player_choice":"Card Removal","damage_taken":7,"max_hp_gain":0,"max_hp_loss":0,"event_name":"Golden Wing","floor":2,"gold_loss":0},{"damage_healed":0,"gold_gain":0,"player_choice":"Forge","damage_taken":0,"max_hp_gain":0,"max_hp_loss":0,"event_name":"Accursed Blacksmith","floor":3,"gold_loss":0,"cards_upgraded":["Bash"]},{"cards_removed":["Strike_R"],"damage_healed":0,"gold_gain":0,"player_choice":"Card Removal","damage_taken":0,"max_hp_gain":0,"max_hp_loss":0,"event_name":"The Cleric","floor":13,"gold_loss":50},{"damage_healed":0,"gold_gain":0,"player_choice":"Ignored","damage_taken":0,"max_hp_gain":0,"max_hp_loss":0,"event_name":"Ghosts","floor":19,"gold_loss":0},{"damage_healed":0,"gold_gain":180,"player_choice":"GOLD GOLD ","damage_taken":19,"max_hp_gain":0,"max_hp_loss":0,"event_name":"Knowing Skull","floor":20,"potions_obtained":[],"gold_loss":0,"cards_obtained":[]},{"damage_healed":0,"gold_gain":0,"player_choice":"Obtained Relic","damage_taken":0,"relics_obtained":["Torii"],"max_hp_gain":0,"max_hp_loss":0,"event_name":"Addict","floor":28,"gold_loss":85},{"damage_healed":0,"gold_gain":0,"player_choice":"Obtained Book","damage_taken":16,"max_hp_gain":0,"max_hp_loss":0,"event_name":"Cursed Tome","floor":29,"gold_loss":0}],"is_beta":false,"boss_relics":[{"not_picked":["Runic Pyramid","Mark of Pain"],"picked":"infinitespire:Burning Sword"}],"items_purged_floors":[],"is_endless":false,"potions_floor_spawned":[4,6,10,22],"killed_by":"Champ","ascension_level":5}}