{"host":"1cd1aqaox6jesai3","time":1609702556,"event":{"mods":["Act Like it!","Arknights The Spire","Astrologer","Bartender","BaseMod","Colored Powertips","Downfall","Googly Eyes","Hallownest","Infinite Spire","Mimic Mod","Minty Spire (QoL Compilation)","Replay The Spire","StSLib","The Bug Knight","The Construct","The Factory"],"gold_per_floor":[116,116,116,128,144,144,173,187,259,284,339,339,366,366,366,469,469,481,481,559,573,246,246,324,324,347,347,376,390,182,182,182,331,331,344,359,359,359,359],"floor_reached":38,"playtime":1579,"items_purged":["Spreading Infection"],"score":502,"play_id":"d18bf6fd-c853-4abd-9d80-8818679c6529","local_time":"20210103143556","is_ascension_mode":true,"campfire_choices":[{"data":"ats:Chain Hook","floor":6,"key":"SMITH"},{"floor":12,"key":"REST"},{"floor":15,"key":"REST"},{"floor":23,"key":"REST"},{"floor":25,"key":"REST"},{"floor":27,"key":"REST"},{"data":"ats:Demon Strength","floor":32,"key":"SMITH"}],"circlet_count":0,"master_deck":["ats:Strike C","ats:Strike G","ats:Strike S","ats:Strike V","ats:Armor Crushing Shot","ats:Defend","ats:Defend+1","ats:Defend","ats:Defend","ats:Emotion Absorption","ats:Demon Strength+1","ats:Chain Hook+1","ats:Sunburst","ats:Explosion Area Strengthen","ats:Revitalization","ats:Shell Defense","ats:Explosion Area Strengthen","ats:Wolf Pack","ats:Ambush+1","ats:Volcano","ats:Overload","ats:Explosion Area Strengthen","ats:Consecutive Shot Auto","ats:Sword Rain","ats:Demon Strength+1","ats:Song Of Battle","ats:Rapid Magazine","ats:Consecutive Shot Auto","ats:Roar Of Ursus+1","ats:Wolf Pack+1","ats:Poison Spread+1"],"relics":["ats:Sanity","NeowsBlessing","CultistMask","ats:Originium","HollowMod:QueensCombRelic","Replay:Accelerometer","Dream Catcher","construct:BoolHorns","construct:RocketBooster","ReplayTheSpireMod:Ring of Challenge","Ring of Fury","Philosopher\u0027s Stone","Red Mask","Replay:WaspNest","ats:Industrial Water Cannon","Regal Pillow","Golden Egg","construct:WeddingRing","SlaversCollar","ats:Assault"],"acts_visited":["Exordium","TheCity","TheBeyond"],"potions_floor_usage":[10,10,13,16,20,24,33,38],"damage_taken":[{"damage":0,"enemies":"2 Louse","floor":1,"turns":1},{"damage":0,"enemies":"Jaw Worm","floor":4,"turns":1},{"damage":0,"enemies":"Cultist","floor":5,"turns":1},{"damage":23,"enemies":"3 Sentries","floor":7,"turns":4},{"damage":0,"enemies":"Large Slime","floor":8,"turns":3},{"damage":36,"enemies":"Lagavulin","floor":10,"turns":6},{"damage":22,"enemies":"3 Sentries","floor":11,"turns":6},{"damage":29,"enemies":"Gremlin Nob","floor":13,"turns":5},{"damage":9,"enemies":"Fading Forest","floor":16,"turns":11},{"damage":6,"enemies":"Chosen","floor":18,"turns":4},{"damage":25,"enemies":"Masked Bandits","floor":20,"turns":3},{"damage":11,"enemies":"Spheric Guardian","floor":21,"turns":3},{"damage":25,"enemies":"Gremlin Leader","floor":24,"turns":3},{"damage":10,"enemies":"Slavers","floor":28,"turns":3},{"damage":8,"enemies":"Snake Plant","floor":29,"turns":3},{"damage":26,"enemies":"Collector","floor":33,"turns":9},{"damage":17,"enemies":"3 Darklings","floor":35,"turns":3},{"damage":20,"enemies":"Orb Walker","floor":36,"turns":4},{"damage":20,"enemies":"4 Shapes","floor":38,"turns":3}],"seed_played":"-3063988228719081011","potions_obtained":[{"floor":7,"key":"Energy Potion"},{"floor":8,"key":"LiquidMemories"},{"floor":11,"key":"Dexterity Potion"},{"floor":13,"key":"Cursed Concoction"},{"floor":16,"key":"BlessingOfTheForge"},{"floor":18,"key":"Death Potion"},{"floor":24,"key":"ats:Emergency Sanity Potion"},{"floor":33,"key":"BlessingOfTheForge"},{"floor":35,"key":"Swift Potion"},{"floor":36,"key":"Block Potion"}],"is_trial":false,"path_per_floor":["M","?","?","M","M","R","E","M","T","E","?","R","E","?","R","B",null,"M","?","?","M","$","R","E","R","T","R","E","M","$","?","R","B",null,"M","M","AVR","M"],"character_chosen":"DOCTOR_CLASS","items_purchased":["ats:Demon Strength","Replay:WaspNest","ats:Roar Of Ursus","PowerPotion"],"campfire_rested":5,"item_purchase_floors":[22,22,30,30],"current_hp_per_floor":[72,72,72,72,72,72,48,48,48,14,9,23,5,5,19,47,48,44,44,23,20,20,34,16,30,30,48,38,38,38,48,48,22,48,31,15,15,0,0],"gold":359,"neow_bonus":"THREE_ENEMY_KILL","is_daily":false,"chose_seed":false,"campfire_upgraded":2,"win_rate":0.0,"timestamp":1609702556,"path_taken":["M","?","?","M","?","R","E","M","T","E","?","R","E","?","R","BOSS","M","?","?","M","?","R","E","R","T","R","E","M","$","?","R","BOSS","M","M","AVR","M"],"items_purchased_type":["Card","Relic","Card","Potion"],"build_version":"2020-12-22","purchased_purges":1,"victory":false,"max_hp_per_floor":[72,72,72,72,72,72,48,48,48,48,48,48,48,48,48,48,48,48,48,48,48,48,48,48,48,48,48,48,48,48,48,48,48,48,48,48,48,48,48],"card_choices":[{"not_picked":["ats:Consecutive Shot Auto","ats:Encircling Forest"],"picked":"ats:Demon Strength","floor":1},{"not_picked":["ats:Curse Doll","ats:Assault Order"],"picked":"ats:Chain Hook","floor":4},{"not_picked":["ats:Childhood Dance","ats:Flexible Camouflage"],"picked":"ats:Sunburst","floor":5},{"not_picked":["ats:Shadow Raid","ats:Beaten Up"],"picked":"ats:Explosion Area Strengthen","floor":7},{"not_picked":["ats:Counter Healing Mode","ats:Curse Doll"],"picked":"ats:Revitalization","floor":8},{"not_picked":["ats:Guardian Obelisk","ats:True Silver Slash"],"picked":"ats:Shell Defense","floor":10},{"not_picked":["ats:Very Hot Blade","ats:Revitalization"],"picked":"ats:Explosion Area Strengthen","floor":12},{"not_picked":["ats:Powerful Strike","ats:Soul Absorption"],"picked":"ats:Wolf Pack","floor":13},{"not_picked":["ats:Closed Bolt Burst Fire","ats:Hammer On"],"picked":"ats:Ambush","floor":15},{"not_picked":["ats:Wolf Pack","ats:Nebulous Foxfire"],"picked":"ats:Volcano","floor":16},{"not_picked":["ats:Leaping Hammer","ats:Powerful Strike"],"picked":"ats:Overload","floor":18},{"not_picked":["ats:Mental Burst","ats:Ignite"],"picked":"ats:Consecutive Shot Auto","floor":20},{"not_picked":["ats:Hammer On","ats:Curse Doll"],"picked":"ats:Sword Rain","floor":21},{"not_picked":["ats:Demon Strength+1","ats:Consecutive Shot Auto"],"picked":"ats:Song Of Battle","floor":23},{"not_picked":["ats:Nebulous Foxfire","ats:Powerful Strike","ats:Apocalypse"],"picked":"SKIP","floor":24},{"not_picked":["ats:Hammer On","ats:Powerful Strike"],"picked":"ats:Rapid Magazine","floor":27},{"not_picked":["ats:Apocalypse","ats:Curse Doll","ats:Defend Order"],"picked":"SKIP","floor":28},{"not_picked":["ats:Curse Doll","ats:Beaten Up"],"picked":"ats:Consecutive Shot Auto","floor":29},{"not_picked":["ats:Calcification","ats:Durian"],"picked":"ats:Wolf Pack","floor":33},{"not_picked":["ats:Flexible Camouflage+1","ats:Curse Doll","ats:Ignite"],"picked":"SKIP","floor":35},{"not_picked":["ats:Healing Drone","ats:Shell Defense"],"picked":"ats:Poison Spread+1","floor":36}],"player_experience":159253,"relics_obtained":[{"floor":7,"key":"ats:Originium"},{"floor":7,"key":"HollowMod:QueensCombRelic"},{"floor":9,"key":"Replay:Accelerometer"},{"floor":10,"key":"ats:Originium"},{"floor":10,"key":"Dream Catcher"},{"floor":11,"key":"construct:BoolHorns"},{"floor":13,"key":"ats:Originium"},{"floor":13,"key":"construct:RocketBooster"},{"floor":14,"key":"ReplayTheSpireMod:Ring of Challenge"},{"floor":14,"key":"Ring of Fury"},{"floor":20,"key":"Red Mask"},{"floor":24,"key":"ats:Industrial Water Cannon"},{"floor":26,"key":"Regal Pillow"},{"floor":28,"key":"Golden Egg"}],"event_choices":[{"damage_healed":0,"gold_gain":0,"player_choice":"Grow","damage_taken":0,"max_hp_gain":0,"max_hp_loss":0,"event_name":"Living Wall","floor":2,"gold_loss":0,"cards_upgraded":["ats:Demon Strength"]},{"damage_healed":0,"gold_gain":0,"player_choice":"Trade","damage_taken":0,"relics_obtained":["CultistMask"],"max_hp_gain":0,"max_hp_loss":0,"event_name":"FaceTrader","floor":3,"gold_loss":0},{"damage_healed":0,"gold_gain":0,"player_choice":"Searched \u00271\u0027 times","damage_taken":0,"max_hp_gain":0,"max_hp_loss":0,"event_name":"Dead Adventurer","floor":11,"gold_loss":0},{"damage_healed":0,"gold_gain":0,"player_choice":"Read","damage_taken":0,"max_hp_gain":0,"max_hp_loss":0,"event_name":"The Library","floor":19,"gold_loss":0,"cards_obtained":["ats:Explosion Area Strengthen"]},{"damage_healed":0,"gold_gain":0,"player_choice":"Fought Bandits","damage_taken":0,"max_hp_gain":0,"max_hp_loss":0,"event_name":"Masked Bandits","floor":20,"gold_loss":0},{"damage_healed":10,"gold_gain":0,"player_choice":"Full Heal","damage_taken":0,"max_hp_gain":0,"max_hp_loss":0,"event_name":"Wheel of Change","floor":31,"gold_loss":0}],"is_beta":false,"boss_relics":[{"not_picked":["Replay:Wanted Poster","ChewingGum"],"picked":"Philosopher\u0027s Stone"},{"not_picked":["Astrolabe","Velvet Choker"],"picked":"construct:WeddingRing"}],"items_purged_floors":[37],"is_endless":false,"potions_floor_spawned":[7,8,11,13,16,18,24,33,35,36],"killed_by":"4 Shapes","ascension_level":1}}