{"host":"ayh4nqhr0ddw4ozv","time":1609638940,"event":{"mods":["BaseMod","Minty Spire (QoL Compilation)","Relic Stats","Robot Space Explorer","StSLib"],"gold_per_floor":[114,127,142,142,161,161,186,186,186,186,186,519,537,570,570,570,570],"floor_reached":16,"playtime":674,"items_purged":[],"score":216,"play_id":"4ed87031-c8da-4f5c-b99e-f61a6493cbd7","local_time":"20210102175540","is_ascension_mode":true,"campfire_choices":[{"data":"RobotSpaceExplorer:HighVoltage","floor":6,"key":"SMITH"},{"data":"RobotSpaceExplorer:SelfCleaning","floor":8,"key":"SMITH"},{"data":"RobotSpaceExplorer:Counterblock","floor":11,"key":"SMITH"},{"floor":15,"key":"REST"}],"circlet_count":0,"master_deck":["AscendersBane","RobotSpaceExplorer:Strike","RobotSpaceExplorer:Strike","RobotSpaceExplorer:Strike","RobotSpaceExplorer:Strike","RobotSpaceExplorer:Defend","RobotSpaceExplorer:Defend","RobotSpaceExplorer:Defend","RobotSpaceExplorer:Defend","RobotSpaceExplorer:Scan","RobotSpaceExplorer:MiniLasers","RobotSpaceExplorer:HighVoltage+1","RobotSpaceExplorer:SelfCleaning+1","RobotSpaceExplorer:Counterblock+1","RobotSpaceExplorer:Discharger","RobotSpaceExplorer:Electroshield"],"relics":["RobotSpaceExplorer:RoboCore","The Courier","Prayer Wheel","Old Coin","RobotSpaceExplorer:BottledGravity"],"acts_visited":["Exordium"],"potions_floor_usage":[7,7,10,12,14],"damage_taken":[{"damage":0,"enemies":"2 Louse","floor":1,"turns":1},{"damage":0,"enemies":"Jaw Worm","floor":2,"turns":2},{"damage":0,"enemies":"Cultist","floor":3,"turns":3},{"damage":0,"enemies":"2 Fungi Beasts","floor":5,"turns":3},{"damage":22,"enemies":"Lagavulin","floor":7,"turns":6},{"damage":6,"enemies":"3 Sentries","floor":12,"turns":7},{"damage":6,"enemies":"Gremlin Gang","floor":13,"turns":2},{"damage":23,"enemies":"Gremlin Nob","floor":14,"turns":4},{"damage":52,"enemies":"The Guardian","floor":16,"turns":14}],"seed_played":"3576623390268200504","potions_obtained":[{"floor":1,"key":"Strength Potion"},{"floor":3,"key":"Weak Potion"},{"floor":7,"key":"BlessingOfTheForge"},{"floor":10,"key":"Fruit Juice"},{"floor":10,"key":"PowerPotion"},{"floor":13,"key":"Weak Potion"}],"is_trial":false,"path_per_floor":["M","M","M","?","M","R","E","R","T","?","R","E","M","E","R","B"],"character_chosen":"RobotSpaceExplorer","items_purchased":[],"campfire_rested":1,"item_purchase_floors":[],"current_hp_per_floor":[64,64,64,64,64,64,42,42,42,47,47,41,35,12,34,0,0],"gold":570,"neow_bonus":"ONE_RANDOM_RARE_CARD","is_daily":false,"chose_seed":false,"campfire_upgraded":3,"win_rate":0.0,"timestamp":1609638940,"path_taken":["M","M","M","?","M","R","E","R","T","?","R","E","M","E","R","BOSS"],"items_purchased_type":[],"build_version":"2020-12-22","purchased_purges":0,"victory":false,"max_hp_per_floor":[71,71,71,71,71,71,71,71,71,76,76,76,76,76,76,76,76],"relic_stats":{"counters":[9,42],"Prayer Wheel":1,"obtain_stats":[{"RobotSpaceExplorer:BottledGravity":14,"RobotSpaceExplorer:RoboCore":0,"Prayer Wheel":9,"The Courier":7,"Old Coin":12},{"RobotSpaceExplorer:BottledGravity":8,"RobotSpaceExplorer:RoboCore":0,"Prayer Wheel":5,"The Courier":5,"Old Coin":6},{"RobotSpaceExplorer:BottledGravity":28,"RobotSpaceExplorer:RoboCore":0,"Prayer Wheel":15,"The Courier":15,"Old Coin":22}]},"card_choices":[{"not_picked":["RobotSpaceExplorer:ScrapToss","RobotSpaceExplorer:FrostMissile","RobotSpaceExplorer:LaserBurst"],"picked":"SKIP","floor":1},{"not_picked":["RobotSpaceExplorer:ScrapMissile","RobotSpaceExplorer:Jetpack"],"picked":"RobotSpaceExplorer:SelfCleaning","floor":2},{"not_picked":["RobotSpaceExplorer:SwiftStep","RobotSpaceExplorer:ShovelStrike"],"picked":"RobotSpaceExplorer:Counterblock","floor":3},{"not_picked":["RobotSpaceExplorer:ShovelStrike","RobotSpaceExplorer:Probe","RobotSpaceExplorer:MiniDrones"],"picked":"SKIP","floor":5},{"not_picked":["RobotSpaceExplorer:MakeshiftVolley","RobotSpaceExplorer:GlueShot","RobotSpaceExplorer:ScrapMissile"],"picked":"SKIP","floor":7},{"not_picked":["RobotSpaceExplorer:GlueShot","RobotSpaceExplorer:ShovelStrike","RobotSpaceExplorer:FranticSearch"],"picked":"SKIP","floor":12},{"not_picked":["RobotSpaceExplorer:ShockKick","RobotSpaceExplorer:GearShield"],"picked":"RobotSpaceExplorer:Discharger","floor":13},{"not_picked":["RobotSpaceExplorer:ScrapMissile","RobotSpaceExplorer:MetalStrike","RobotSpaceExplorer:Comet"],"picked":"SKIP","floor":13},{"not_picked":["RobotSpaceExplorer:MiniDrones","RobotSpaceExplorer:Smokescreen"],"picked":"RobotSpaceExplorer:Electroshield","floor":14}],"player_experience":279583,"relics_obtained":[{"floor":7,"key":"The Courier"},{"floor":9,"key":"Prayer Wheel"},{"floor":12,"key":"Old Coin"},{"floor":14,"key":"RobotSpaceExplorer:BottledGravity"}],"event_choices":[{"damage_healed":0,"gold_gain":0,"player_choice":"Ignored","damage_taken":0,"max_hp_gain":0,"max_hp_loss":0,"event_name":"Liars Game","floor":4,"gold_loss":0},{"damage_healed":0,"gold_gain":0,"player_choice":"Got Potions","damage_taken":0,"max_hp_gain":0,"max_hp_loss":0,"event_name":"Lab","floor":10,"gold_loss":0}],"is_beta":false,"boss_relics":[],"items_purged_floors":[],"is_endless":false,"potions_floor_spawned":[1,3,7,13],"killed_by":"The Guardian","ascension_level":16}}