{"host":"cbu6enf2xtq4r7r3","time":1609632472,"event":{"mods":["2.2 Compatiblity","AlwaysNeverKeys","BaseMod","Better Altar","Better Match","Better Note","Better Sensory Stone","Better Skull","Better Third Choice","Colored Map","Colored Powertips","Defuse TimeMaze Blight","Emptier Cage","Minty Spire (QoL Compilation)","Permanent Neow","Quick Restart","Random Character Button","Relic Sorter","Reorder Act Four","Shop Mod","StSLib"],"gold_per_floor":[219,229,249,249,259,292,292,308,335,362,115,115,155,4,4,103,103,127,241,241,261,279,279,313,313,313,313,348,23,23,36,36,144,171,196,205,223,123,123,123,157,157,193,208,237,237,271,291,291,291,291,22,22,50,50],"floor_reached":56,"playtime":2092,"items_purged":["Strike_G","Survivor","Slice"],"score":1415,"play_id":"25aae52c-7346-48c3-b965-f8933339af80","local_time":"20210103010752","is_ascension_mode":true,"campfire_choices":[{"data":"Neutralize","floor":7,"key":"SMITH"},{"data":"Noxious Fumes","floor":12,"key":"SMITH"},{"data":"Noxious Fumes","floor":15,"key":"SMITH"},{"data":"Dodge and Roll","floor":23,"key":"SMITH"},{"floor":27,"key":"REST"},{"data":"Deadly Poison","floor":30,"key":"SMITH"},{"data":"Dagger Spray","floor":32,"key":"SMITH"},{"data":"Noxious Fumes","floor":40,"key":"SMITH"},{"data":"Defend_G","floor":42,"key":"SMITH"},{"data":"Defend_G","floor":46,"key":"SMITH"},{"data":"Defend_G","floor":49,"key":"SMITH"},{"data":"Defend_G","floor":53,"key":"SMITH"}],"circlet_count":0,"master_deck":["Defend_G+1","Defend_G","Defend_G+1","Defend_G+1","Defend_G+1","Neutralize+1","Slice+1","Quick Slash+1","Dagger Spray+1","Deadly Poison+1","Noxious Fumes+1","Noxious Fumes+1","Dodge and Roll+1","Dodge and Roll+1","Adrenaline+1","Cloak And Dagger+1","Doppelganger+1","Endless Agony+1","Backflip+1","Noxious Fumes+1","Burst+1","Footwork+1","Leg Sweep+1"],"relics":["Bag of Marbles","CeramicFish","Bronze Scales","Akabeko","Tiny Chest","Oddly Smooth Stone","Cursed Key","Lantern","Nloth\u0027s Gift","Omamori","Ornamental Fan","Toxic Egg 2","Ninja Scroll","Bird Faced Urn","Astrolabe","Snake Skull","Eternal Feather","Whetstone","Blood Vial"],"acts_visited":["Exordium","TheCity","TheBeyond","TheEnding"],"potions_floor_usage":[6,8,10,16,24,33,33,55,55,55,55,55,55],"damage_taken":[{"damage":0,"enemies":"Jaw Worm","floor":1,"turns":2},{"damage":0,"enemies":"Cultist","floor":2,"turns":1},{"damage":0,"enemies":"2 Louse","floor":3,"turns":2},{"damage":2,"enemies":"Large Slime","floor":5,"turns":8},{"damage":24,"enemies":"3 Sentries","floor":6,"turns":9},{"damage":0,"enemies":"Blue Slaver","floor":8,"turns":1},{"damage":8,"enemies":"Lagavulin","floor":10,"turns":4},{"damage":1,"enemies":"3 Sentries","floor":13,"turns":5},{"damage":0,"enemies":"Slime Boss","floor":16,"turns":6},{"damage":0,"enemies":"Chosen","floor":18,"turns":3},{"damage":1,"enemies":"Shell Parasite","floor":21,"turns":4},{"damage":3,"enemies":"Centurion and Healer","floor":22,"turns":5},{"damage":11,"enemies":"Book of Stabbing","floor":24,"turns":5},{"damage":1,"enemies":"Gremlin Leader","floor":28,"turns":6},{"damage":0,"enemies":"Cultist and Chosen","floor":31,"turns":4},{"damage":53,"enemies":"Champ","floor":33,"turns":11},{"damage":0,"enemies":"3 Darklings","floor":35,"turns":4},{"damage":0,"enemies":"Orb Walker","floor":37,"turns":2},{"damage":9,"enemies":"Reptomancer","floor":41,"turns":6},{"damage":0,"enemies":"Jaw Worm Horde","floor":44,"turns":1},{"damage":5,"enemies":"4 Shapes","floor":45,"turns":1},{"damage":0,"enemies":"Giant Head","floor":47,"turns":7},{"damage":0,"enemies":"3 Darklings","floor":48,"turns":1},{"damage":43,"enemies":"Awakened One","floor":50,"turns":14},{"damage":1,"enemies":"Shield and Spear","floor":54,"turns":6},{"damage":35,"enemies":"The Heart","floor":55,"turns":10}],"seed_played":"8269272430955978263","potions_obtained":[{"floor":5,"key":"GamblersBrew"},{"floor":6,"key":"AttackPotion"},{"floor":8,"key":"CunningPotion"},{"floor":13,"key":"AttackPotion"},{"floor":22,"key":"DuplicationPotion"},{"floor":28,"key":"Strength Potion"},{"floor":31,"key":"Swift Potion"},{"floor":33,"key":"Dexterity Potion"},{"floor":35,"key":"EntropicBrew"},{"floor":44,"key":"DistilledChaos"}],"is_trial":false,"path_per_floor":["M","M","M","?","M","E","R","M","T","E","$","R","E","$","R","B",null,"M","?","?","M","M","R","E","T","T","R","E","$","R","M","R","B",null,"M","?","M","$","T","R","E","R","T","M","M","R","E","M","R","B",null,"$","R","E","B",null],"character_chosen":"THE_SILENT","items_purchased":["Noxious Fumes","Akabeko","Oddly Smooth Stone","Bird Faced Urn","Dodge and Roll+1","Whetstone"],"campfire_rested":1,"item_purchase_floors":[11,11,14,29,29,52],"current_hp_per_floor":[70,70,70,70,68,44,44,44,44,36,36,36,35,35,35,35,70,70,46,46,45,42,42,31,31,31,52,51,51,51,55,55,6,70,70,70,70,70,70,70,61,61,61,61,56,56,64,64,70,29,70,70,70,69,36],"gold":50,"neow_bonus":"HUNDRED_GOLD","is_daily":false,"chose_seed":false,"campfire_upgraded":11,"win_rate":0.0,"timestamp":1609632472,"path_taken":["M","M","M","?","M","E","R","M","T","E","?","R","E","$","R","BOSS","M","?","?","M","?","R","E","?","T","R","E","$","R","M","R","BOSS","M","?","?","$","?","R","E","R","T","M","M","R","E","M","R","BOSS","$","R","E","BOSS"],"items_purchased_type":["Card","Relic","Relic","Relic","Card","Relic"],"build_version":"2020-12-22","purchased_purges":3,"victory":true,"max_hp_per_floor":[70,70,70,70,70,70,70,70,70,70,70,70,70,70,70,70,70,70,70,70,70,70,70,70,70,70,70,70,70,70,70,70,70,70,70,70,70,70,70,70,70,70,70,70,70,70,70,70,70,70,70,70,70,70,70],"card_choices":[{"not_picked":["Deflect","Bane"],"picked":"Dagger Throw","floor":1},{"not_picked":["Blade Dance","Bane"],"picked":"Slice","floor":2},{"not_picked":["Heel Hook","Night Terror"],"picked":"Slice","floor":3},{"not_picked":["Reflex","Dodge and Roll"],"picked":"Quick Slash","floor":5},{"not_picked":["Calculated Gamble","Slice"],"picked":"Dagger Spray","floor":6},{"not_picked":["Slice","Underhanded Strike"],"picked":"Deadly Poison","floor":8},{"not_picked":["Slice","Quick Slash","Outmaneuver"],"picked":"SKIP","floor":10},{"not_picked":["Dagger Throw","Dagger Spray"],"picked":"Noxious Fumes","floor":13},{"not_picked":["Quick Slash+1","Prepared"],"picked":"Dodge and Roll","floor":18},{"not_picked":["Dagger Throw","Phantasmal Killer","Dagger Spray+1"],"picked":"SKIP","floor":21},{"not_picked":["Wraith Form v2","Bane","Infinite Blades"],"picked":"SKIP","floor":22},{"not_picked":["Grand Finale","Bouncing Flask","Slice"],"picked":"SKIP","floor":24},{"not_picked":["All Out Attack","Accuracy+1","Blade Dance+1"],"picked":"SKIP","floor":28},{"not_picked":["Quick Slash","Infinite Blades","Prepared+1"],"picked":"SKIP","floor":31},{"not_picked":["Venomology+1","Unload"],"picked":"Adrenaline+1","floor":33},{"not_picked":["Slice+1","Terror+1"],"picked":"Backflip+1","floor":35},{"not_picked":["Quick Slash+1","Flechettes+1","Blade Dance+1"],"picked":"SKIP","floor":37},{"not_picked":["Dodge and Roll+1","Quick Slash"],"picked":"Burst+1","floor":41},{"not_picked":["Acrobatics+1","Poisoned Stab","Underhanded Strike"],"picked":"SKIP","floor":44},{"not_picked":["Acrobatics+1","Poisoned Stab","Underhanded Strike"],"picked":"SKIP","floor":44},{"not_picked":["Flying Knee","Deflect+1"],"picked":"Footwork+1","floor":45},{"not_picked":["Doppelganger+1","Tools of the Trade","Acrobatics+1"],"picked":"SKIP","floor":47},{"not_picked":["Dagger Spray","Finisher"],"picked":"Leg Sweep+1","floor":48},{"not_picked":["Envenom","Bouncing Flask+1","Corpse Explosion+1"],"picked":"SKIP","floor":54}],"player_experience":63593,"relics_obtained":[{"floor":6,"key":"Bag of Marbles"},{"floor":9,"key":"CeramicFish"},{"floor":10,"key":"Bronze Scales"},{"floor":13,"key":"Tiny Chest"},{"floor":24,"key":"Omamori"},{"floor":25,"key":"Ornamental Fan"},{"floor":26,"key":"Toxic Egg 2"},{"floor":28,"key":"Ninja Scroll"},{"floor":41,"key":"Snake Skull"},{"floor":43,"key":"Ancient Tea Set"},{"floor":47,"key":"Eternal Feather"},{"floor":54,"key":"Blood Vial"}],"event_choices":[{"cards_removed":["Strike_G"],"damage_healed":0,"gold_gain":0,"player_choice":"Purged","damage_taken":0,"max_hp_gain":0,"max_hp_loss":0,"event_name":"Purifier","floor":4,"gold_loss":0},{"damage_healed":0,"gold_gain":114,"player_choice":"GO RE ","damage_taken":27,"relics_obtained":["Lantern"],"max_hp_gain":0,"max_hp_loss":0,"event_name":"betterSkull:BetterSkull","floor":19,"gold_loss":0,"cards_upgraded":[]},{"damage_healed":0,"gold_gain":0,"player_choice":"Traded Relic","damage_taken":0,"relics_obtained":["Nloth\u0027s Gift"],"max_hp_gain":0,"max_hp_loss":0,"event_name":"N\u0027loth","floor":20,"relics_lost":["Ring of the Snake"],"gold_loss":0},{"damage_healed":0,"gold_gain":0,"cards_transformed":["Dagger Throw"],"player_choice":"Transformed","damage_taken":0,"max_hp_gain":0,"max_hp_loss":0,"event_name":"Transmorgrifier","floor":36,"gold_loss":0,"cards_obtained":["Noxious Fumes"]}],"is_beta":false,"boss_relics":[{"not_picked":["Busted Crown","Empty Cage"],"picked":"Cursed Key"},{"not_picked":["Snecko Eye","Fusion Hammer"],"picked":"Astrolabe"}],"items_purged_floors":[11,38,52],"is_endless":false,"potions_floor_spawned":[5,6,8,13,22,28,31,33,35,44,48],"ascension_level":1}}