{"host":"p4v0hquynnreu717","time":1609690514,"event":{"mods":["BaseMod","Better Vampires","DeckTracker","Googly Eyes","Minty Spire (QoL Compilation)","Quick Restart","StSLib","SuperFastMode"],"gold_per_floor":[115,128,128,128,145,145,175,175,227,0,11,11,31,58,58,132,132,142,142,153,153,168,168,200,415,415,433,433,457,468,263,263,340,340,353,353,371,24,37,66,66,66,116,142,42,61,86,128,128,128],"floor_reached":51,"playtime":1408,"items_purged":["Strike_G","Defend_G","Defend_G","Defend_G"],"score":1221,"play_id":"022043ae-8b4f-4a5a-b49e-47db11eede68","local_time":"20210104001514","is_ascension_mode":true,"campfire_choices":[{"data":"Neutralize","floor":6.0,"key":"SMITH"},{"data":"Accuracy","floor":12.0,"key":"SMITH"},{"data":"Purity","floor":15.0,"key":"SMITH"},{"floor":23.0,"key":"REST"},{"data":"Terror","floor":28.0,"key":"SMITH"},{"data":"Blade Dance","floor":32.0,"key":"SMITH"},{"data":"Burst","floor":42.0,"key":"SMITH"},{"floor":49.0,"key":"REST"}],"circlet_count":0,"master_deck":["AscendersBane","Defend_G","Defend_G","Survivor","Neutralize+1","Masterful Stab","Terror+1","Blade Dance+1","Accuracy+1","Purity+1","Escape Plan","Crippling Poison","Grand Finale","Storm of Steel+1","Endless Agony+1","Leg Sweep+1","PiercingWail","Accuracy+1","Calculated Gamble","Wish","Acrobatics","Burst+1","Acrobatics","Second Wind"],"relics":["Ring of the Snake","NeowsBlessing","Oddly Smooth Stone","Anchor","Vajra","Art of War","Nloth\u0027s Gift","Smiling Mask","Old Coin","Singing Bowl","Blood Vial","PrismaticShard","Runic Pyramid","Sundial","MealTicket","Omamori","Strawberry","Boot"],"acts_visited":["Exordium","TheCity","TheBeyond"],"potions_floor_usage":[50],"damage_taken":[{"damage":0.0,"enemies":"Small Slimes","floor":1.0,"turns":1.0},{"damage":0.0,"enemies":"2 Louse","floor":2.0,"turns":1.0},{"damage":0.0,"enemies":"Cultist","floor":5.0,"turns":1.0},{"damage":12.0,"enemies":"Gremlin Nob","floor":7.0,"turns":3.0},{"damage":0.0,"enemies":"3 Louse","floor":11.0,"turns":4.0},{"damage":0.0,"enemies":"Gremlin Gang","floor":13.0,"turns":3.0},{"damage":4.0,"enemies":"3 Sentries","floor":14.0,"turns":7.0},{"damage":16.0,"enemies":"Hexaghost","floor":16.0,"turns":8.0},{"damage":6.0,"enemies":"Shell Parasite","floor":18.0,"turns":3.0},{"damage":13.0,"enemies":"Spheric Guardian","floor":20.0,"turns":4.0},{"damage":0.0,"enemies":"Snake Plant","floor":22.0,"turns":4.0},{"damage":10.0,"enemies":"Book of Stabbing","floor":24.0,"turns":6.0},{"damage":0.0,"enemies":"Centurion and Healer","floor":27.0,"turns":3.0},{"damage":0.0,"enemies":"Chosen and Byrds","floor":30.0,"turns":4.0},{"damage":20.0,"enemies":"Automaton","floor":33.0,"turns":6.0},{"damage":26.0,"enemies":"3 Darklings","floor":35.0,"turns":4.0},{"damage":0.0,"enemies":"Orb Walker","floor":37.0,"turns":1.0},{"damage":8.0,"enemies":"Writhing Mass","floor":39.0,"turns":4.0},{"damage":35.0,"enemies":"Reptomancer","floor":40.0,"turns":5.0},{"damage":17.0,"enemies":"Sphere and 2 Shapes","floor":46.0,"turns":4.0},{"damage":12.0,"enemies":"4 Shapes","floor":48.0,"turns":5.0},{"damage":46,"enemies":"Time Eater","floor":50,"turns":5}],"seed_played":"5734903513442308753","potions_obtained":[{"floor":1.0,"key":"Fire Potion"},{"floor":7.0,"key":"Weak Potion"},{"floor":11.0,"key":"PowerPotion"},{"floor":16.0,"key":"DistilledChaos"},{"floor":20.0,"key":"Swift Potion"},{"floor":27.0,"key":"AttackPotion"},{"floor":35.0,"key":"Fruit Juice"},{"floor":40.0,"key":"Poison Potion"}],"is_trial":false,"path_per_floor":["M","M","?","?","M","R","E","?","T","$","M","R","M","E","R","B",null,"M","?","M","?","M","R","E","?","T","M","R","T","M","$","R","B",null,"M","?","M","$","M","E","?","R","T","T","$","M","T","M","R","B",null],"character_chosen":"THE_SILENT","items_purchased":["Accuracy","Purity","PrismaticShard","Sundial","Strength Potion","Acrobatics"],"campfire_rested":2,"item_purchase_floors":[10,10,31,38,38,45],"current_hp_per_floor":[59,59,48,48,48,48,36,36,36,36,36,36,36,32,32,16,54,48,48,35,35,35,54,44,44,44,46,46,46,48,48,48,30,59,42,42,44,44,38,7,63,63,63,70,70,55,55,45,66,22],"gold":128,"neow_bonus":"THREE_ENEMY_KILL","is_daily":false,"chose_seed":false,"campfire_upgraded":6,"win_rate":0.0,"timestamp":1609690514,"path_taken":["M","M","?","?","?","R","E","?","T","$","?","R","M","E","R","BOSS","M","?","M","?","?","R","E","?","T","M","R","?","M","$","R","BOSS","M","?","M","$","M","E","?","R","T","?","?","?","?","?","R","BOSS"],"items_purchased_type":["Card","Card","Relic","Relic","Potion","Card"],"build_version":"2020-12-22","purchased_purges":4,"victory":true,"max_hp_per_floor":[66,66,66,66,66,66,66,66,66,66,66,66,66,66,66,66,66,66,66,66,66,66,66,66,66,66,68,68,68,68,68,68,68,68,75,75,75,75,75,77,63,63,63,70,70,72,72,72,72,72],"card_choices":[{"not_picked":["Finisher","Flying Knee"],"picked":"Masterful Stab","floor":1.0},{"not_picked":["PiercingWail","Skewer"],"picked":"Terror","floor":2.0},{"not_picked":["Quick Slash","Backflip"],"picked":"Blade Dance","floor":5.0},{"not_picked":["Heel Hook","Sucker Punch","Dagger Throw"],"picked":"SKIP","floor":7.0},{"not_picked":["Dagger Spray","Poisoned Stab"],"picked":"Escape Plan","floor":11.0},{"not_picked":["Poisoned Stab","Eviscerate","Outmaneuver"],"picked":"SKIP","floor":13.0},{"not_picked":["Flying Knee","Dodge and Roll"],"picked":"Crippling Poison","floor":14.0},{"not_picked":["Corpse Explosion","Unload"],"picked":"Grand Finale","floor":16.0},{"not_picked":["Deadly Poison","Choke"],"picked":"PiercingWail","floor":18.0},{"not_picked":["PiercingWail","Noxious Fumes"],"picked":"Accuracy+1","floor":20.0},{"not_picked":["Deflect","Quick Slash","Choke+1"],"picked":"SKIP","floor":22.0},{"not_picked":["Flying Knee","Underhanded Strike","Envenom"],"picked":"SKIP","floor":24.0},{"not_picked":["Bullet Time","Masterful Stab","PiercingWail"],"picked":"Singing Bowl","floor":27.0},{"not_picked":["Blade Dance","Dagger Throw"],"picked":"Calculated Gamble","floor":30.0},{"not_picked":["Reaper","Fiend Fire"],"picked":"Wish","floor":33.0},{"not_picked":["EmptyBody+1","WaveOfTheHand","Offering"],"picked":"Singing Bowl","floor":35.0},{"not_picked":["Turbo+1","Slice"],"picked":"Acrobatics","floor":37.0},{"not_picked":["Enlightenment","Magnetism"],"picked":"Burst","floor":39.0},{"not_picked":["Burning Pact","Body Slam","Distraction"],"picked":"Singing Bowl","floor":40.0},{"not_picked":["EmptyBody","Slice","Barrage"],"picked":"Singing Bowl","floor":46.0},{"not_picked":["Body Slam","Heatsinks"],"picked":"Second Wind","floor":48.0}],"player_experience":748168,"relics_obtained":[{"floor":7.0,"key":"Anchor"},{"floor":9.0,"key":"Vajra"},{"floor":14.0,"key":"Art of War"},{"floor":24.0,"key":"Smiling Mask"},{"floor":26.0,"key":"Singing Bowl"},{"floor":29.0,"key":"Blood Vial"},{"floor":40.0,"key":"MealTicket"},{"floor":43.0,"key":"Omamori"},{"floor":44.0,"key":"Strawberry"},{"floor":47.0,"key":"Boot"}],"event_choices":[{"damage_healed":0.0,"max_hp_gain":0.0,"max_hp_loss":0.0,"gold_gain":0.0,"event_name":"Scrap Ooze","player_choice":"Success","floor":3.0,"gold_loss":0.0,"damage_taken":11.0,"relics_obtained":["Oddly Smooth Stone"]},{"damage_healed":0.0,"max_hp_gain":0.0,"max_hp_loss":0.0,"gold_gain":0.0,"event_name":"Match and Keep!","player_choice":"0 cards matched","floor":4.0,"gold_loss":0.0,"damage_taken":0.0,"cards_obtained":[]},{"cards_removed":["Strike_G"],"damage_healed":0.0,"max_hp_gain":0.0,"max_hp_loss":0.0,"gold_gain":0.0,"event_name":"Bonfire Elementals","player_choice":"Offered Basic","floor":8.0,"gold_loss":0.0,"damage_taken":0.0},{"damage_healed":0.0,"max_hp_gain":0.0,"max_hp_loss":0.0,"gold_gain":0.0,"event_name":"Vampires","player_choice":"Ignored","floor":19.0,"gold_loss":0.0,"damage_taken":0.0},{"damage_healed":0.0,"max_hp_gain":0.0,"max_hp_loss":0.0,"gold_gain":0.0,"event_name":"N\u0027loth","player_choice":"Traded Relic","floor":21.0,"relics_lost":["Astrolabe"],"gold_loss":0.0,"damage_taken":0.0,"relics_obtained":["Nloth\u0027s Gift"]},{"damage_healed":0.0,"max_hp_gain":0.0,"max_hp_loss":0.0,"gold_gain":0.0,"event_name":"Addict","player_choice":"Obtained Relic","floor":25.0,"gold_loss":85.0,"damage_taken":0.0,"relics_obtained":["Old Coin"]},{"damage_healed":0.0,"max_hp_gain":0.0,"max_hp_loss":0.0,"gold_gain":0.0,"event_name":"Tomb of Lord Red Mask","player_choice":"Ignored","floor":36.0,"gold_loss":0.0,"damage_taken":0.0},{"damage_healed":63.0,"max_hp_gain":0.0,"max_hp_loss":14.0,"gold_gain":0.0,"event_name":"The Moai Head","player_choice":"Heal","floor":41.0,"gold_loss":0.0,"damage_taken":0.0}],"is_beta":false,"boss_relics":[{"not_picked":["Velvet Choker","Runic Dome"],"picked":"Astrolabe"},{"not_picked":["Busted Crown","Sozu"],"picked":"Runic Pyramid"}],"items_purged_floors":[10,31,38,45],"is_endless":false,"potions_floor_spawned":[1,7,11,16,20,24,27,33,35,40],"ascension_level":15}}