{"host":"2se5dq1do2gp0x9k","time":1609654574,"event":{"mods":["AchievementEnabler","BaseMod","Block Reminder","Colored Map","Colored Powertips","Minty Spire (QoL Compilation)","Relic Stats","StSLib","SuperFastMode"],"gold_per_floor":[111,22,22,42,42,42,56,56,81,106,106,116,128,47,47,148,148,117,127,52,62,62,62],"floor_reached":22,"playtime":1045,"items_purged":[],"score":365,"play_id":"8566ce60-2dd0-412b-8abb-297813d3ca91","local_time":"20210102221614","is_ascension_mode":true,"campfire_choices":[{"data":"Discovery","floor":6.0,"key":"SMITH"},{"data":"Eruption","floor":8.0,"key":"SMITH"},{"data":"ReachHeaven","floor":15.0,"key":"SMITH"}],"circlet_count":0,"master_deck":["Strike_P","Defend_P","Defend_P","Eruption+1","Vigilance","MasterReality","Perseverance","Discovery+1","ThirdEye","BowlingBash","Consecrate","ReachHeaven+1","Wireheading","ThirdEye","ThirdEye","Establishment","Omniscience+1","Vault+1","SignatureMove+1","JustLucky","JustLucky","SignatureMove"],"relics":["PureWater","Kunai","Blood Vial","The Courier","Astrolabe"],"acts_visited":["Exordium","TheCity"],"potions_floor_usage":[16,22],"damage_taken":[{"damage":0.0,"enemies":"Small Slimes","floor":1.0,"turns":3.0},{"damage":7.0,"enemies":"2 Louse","floor":4.0,"turns":4.0},{"damage":2.0,"enemies":"Jaw Worm","floor":7.0,"turns":6.0},{"damage":18.0,"enemies":"3 Sentries","floor":10.0,"turns":9.0},{"damage":10.0,"enemies":"Exordium Thugs","floor":12.0,"turns":5.0},{"damage":5.0,"enemies":"Blue Slaver","floor":13.0,"turns":6.0},{"damage":0,"enemies":"Slime Boss","floor":16,"turns":3},{"damage":37,"enemies":"2 Thieves","floor":18,"turns":5},{"damage":16,"enemies":"3 Byrds","floor":19,"turns":6},{"damage":19,"enemies":"Centurion and Healer","floor":21,"turns":8},{"damage":23,"enemies":"Sentry and Sphere","floor":22,"turns":6}],"seed_played":"8071423522470726549","potions_obtained":[{"floor":1.0,"key":"GamblersBrew"},{"floor":12.0,"key":"Dexterity Potion"},{"floor":13.0,"key":"FearPotion"},{"floor":18,"key":"SpeedPotion"}],"is_trial":false,"path_per_floor":["M","$","?","M","?","R","M","R","T","E","?","M","M","$","R","B",null,"M","M","?","M","M"],"character_chosen":"WATCHER","items_purchased":["Discovery","ThirdEye","ThirdEye"],"campfire_rested":0,"item_purchase_floors":[2,14,14],"current_hp_per_floor":[65,65,53,46,39,39,37,37,37,21,72,62,59,59,59,61,69,34,20,20,3,0,0],"gold":62,"neow_bonus":"ONE_RANDOM_RARE_CARD","is_daily":false,"chose_seed":false,"campfire_upgraded":3,"win_rate":0.0,"timestamp":1609654574,"path_taken":["M","$","?","M","?","R","M","R","T","E","?","?","M","$","R","BOSS","M","M","?","M","M"],"items_purchased_type":["Card","Card","Card"],"build_version":"2020-12-22","purchased_purges":0,"victory":false,"max_hp_per_floor":[72,72,72,72,72,72,72,72,72,72,72,72,72,72,72,72,72,72,72,72,72,72,72],"relic_stats":{"Blood Vial":14,"counters":[11,61],"Astrolabe":["Omniscience","Vault","SignatureMove"],"Kunai":[10],"obtain_stats":[{"Blood Vial":9,"Astrolabe":17,"The Courier":10,"Kunai":3,"PureWater":0},{"Blood Vial":3,"Astrolabe":7,"The Courier":4,"Kunai":1,"PureWater":0},{"Blood Vial":13,"Astrolabe":36,"The Courier":22,"Kunai":3,"PureWater":0}]},"card_choices":[{"not_picked":["Sanctity","Crescendo"],"picked":"Perseverance","floor":1.0},{"not_picked":["LikeWater","FlurryOfBlows"],"picked":"ThirdEye","floor":4.0},{"not_picked":["EmptyFist","Wallop"],"picked":"BowlingBash","floor":7.0},{"not_picked":["BowlingBash","Swivel"],"picked":"Consecrate","floor":10.0},{"not_picked":["WaveOfTheHand","WindmillStrike"],"picked":"ReachHeaven","floor":12.0},{"not_picked":["PathToVictory","FlyingSleeves"],"picked":"Wireheading","floor":13.0},{"not_picked":["Brilliance","Judgement"],"picked":"Establishment","floor":16},{"not_picked":["PathToVictory","WaveOfTheHand"],"picked":"JustLucky","floor":18},{"not_picked":["Evaluate+1","Protect"],"picked":"JustLucky","floor":19},{"not_picked":["Wireheading","CrushJoints+1"],"picked":"SignatureMove","floor":21}],"player_experience":3733610,"relics_obtained":[{"floor":9.0,"key":"Blood Vial"},{"floor":10.0,"key":"The Courier"}],"event_choices":[{"damage_healed":0.0,"max_hp_gain":0.0,"max_hp_loss":0.0,"gold_gain":0.0,"event_name":"Scrap Ooze","player_choice":"Success","floor":3.0,"gold_loss":0.0,"damage_taken":12.0,"relics_obtained":["Kunai"]},{"cards_removed":["Defend_P"],"damage_healed":0.0,"max_hp_gain":0.0,"max_hp_loss":0.0,"gold_gain":0.0,"event_name":"Golden Wing","player_choice":"Card Removal","floor":5.0,"gold_loss":0.0,"damage_taken":7.0},{"damage_healed":51.0,"max_hp_gain":0.0,"max_hp_loss":0.0,"gold_gain":0.0,"event_name":"Wheel of Change","player_choice":"Full Heal","floor":11.0,"gold_loss":0.0,"damage_taken":0.0},{"cards_removed":["Defend_P"],"damage_healed":0,"gold_gain":0,"player_choice":"Gave Gold","damage_taken":0,"max_hp_gain":0,"max_hp_loss":0,"event_name":"Beggar","floor":20,"gold_loss":75}],"is_beta":false,"boss_relics":[{"not_picked":["VioletLotus","Coffee Dripper"],"picked":"Astrolabe"}],"items_purged_floors":[],"is_endless":false,"potions_floor_spawned":[1,12,13,18],"killed_by":"Sentry and Sphere","ascension_level":8}}