{"host":"0cgp910o8339lr91","time":1609638697,"event":{"mods":["BaseMod","Block Reminder","Colored Map","Colored Powertips","Filter the Spire","Minty Spire (QoL Compilation)","Relic Stats","Slay-I","ojb\u0027s Better Paths Mod","ojb\u0027s Info Mod"],"gold_per_floor":[113,128,403,414,414,414,446,460,514,514,514,530,546,585,585,678,678,698,253,278,302,335,376,301,345,345,383,383,424,424,129,129,218,218,231,257,257,257,272,272,308,326,326,364,378,425,448,471,471,471,471],"floor_reached":50,"playtime":5626,"items_purged":["Defend_P","Strike_P"],"score":1511,"play_id":"d40cc41f-19d6-4648-a74d-5458dcb29167","local_time":"20210103025137","is_ascension_mode":true,"campfire_choices":[{"data":"Adaptation","floor":6.0,"key":"SMITH"},{"data":"Wallop","floor":10.0,"key":"SMITH"},{"data":"Eruption","floor":15.0,"key":"SMITH"},{"data":"Scrawl","floor":28.0,"key":"SMITH"},{"data":"CutThroughFate","floor":30.0,"key":"SMITH"},{"data":"TalkToTheHand","floor":32.0,"key":"SMITH"},{"data":"EmptyFist","floor":40.0,"key":"SMITH"},{"data":"Collect+1","floor":49,"key":"PURGE"}],"circlet_count":0,"master_deck":["AscendersBane","Strike_P+1","Defend_P+1","Defend_P+1","Eruption+1","Adaptation+1","Consecrate+1","Wallop+1","FearNoEvil+1","CutThroughFate+1","FlurryOfBlows+1","Scrawl+1","DeceiveReality+1","Tantrum+1","BowlingBash+1","EmptyBody+1","CutThroughFate+1","LessonLearned+1","EmptyFist+1","TalkToTheHand+1","SpiritShield+1","Protect+1","Halt+1","Halt+1","Wireheading+1","CrushJoints+1","TalkToTheHand+1","Prostrate+1","InnerPeace"],"relics":["Coffee Dripper","Blue Candle","Golden Idol","Tiny Chest","Runic Pyramid","Orrery","Whetstone","Red Mask","Torii","Happy Flower","StrikeDummy","Bottled Flame","Centennial Puzzle","Medical Kit","Astrolabe","Damaru","Peace Pipe","Prayer Wheel","Darkstone Periapt","CeramicFish","Potion Belt"],"acts_visited":["Exordium","TheCity","TheBeyond"],"potions_floor_usage":[46,46],"damage_taken":[{"damage":0.0,"enemies":"Cultist","floor":1.0,"turns":3.0},{"damage":2.0,"enemies":"2 Louse","floor":2.0,"turns":2.0},{"damage":6.0,"enemies":"Small Slimes","floor":4.0,"turns":3.0},{"damage":1.0,"enemies":"Lagavulin","floor":7.0,"turns":7.0},{"damage":0.0,"enemies":"Exordium Wildlife","floor":8.0,"turns":2.0},{"damage":0.0,"enemies":"3 Louse","floor":12.0,"turns":3.0},{"damage":0.0,"enemies":"2 Fungi Beasts","floor":13.0,"turns":2.0},{"damage":20.0,"enemies":"3 Sentries","floor":14.0,"turns":3.0},{"damage":26.0,"enemies":"Hexaghost","floor":16.0,"turns":7.0},{"damage":0.0,"enemies":"Spheric Guardian","floor":18.0,"turns":1.0},{"damage":9.0,"enemies":"Shell Parasite","floor":20.0,"turns":2.0},{"damage":0.0,"enemies":"Centurion and Healer","floor":21.0,"turns":2.0},{"damage":0.0,"enemies":"Masked Bandits","floor":22.0,"turns":1.0},{"damage":12.0,"enemies":"Book of Stabbing","floor":23.0,"turns":4.0},{"damage":0.0,"enemies":"Gremlin Leader","floor":25.0,"turns":4.0},{"damage":1.0,"enemies":"Slavers","floor":27.0,"turns":3.0},{"damage":23.0,"enemies":"Gremlin Leader","floor":29.0,"turns":4.0},{"damage":93.0,"enemies":"Automaton","floor":33.0,"turns":8.0},{"damage":0.0,"enemies":"3 Shapes","floor":35.0,"turns":3.0},{"damage":0.0,"enemies":"3 Darklings","floor":39.0,"turns":3.0},{"damage":0.0,"enemies":"Nemesis","floor":41.0,"turns":5.0},{"damage":0.0,"enemies":"Spire Growth","floor":42.0,"turns":5.0},{"damage":0.0,"enemies":"Giant Head","floor":44.0,"turns":5.0},{"damage":0.0,"enemies":"Writhing Mass","floor":45.0,"turns":7.0},{"damage":1,"enemies":"Reptomancer","floor":46,"turns":2},{"damage":0,"enemies":"Sphere and 2 Shapes","floor":48,"turns":5},{"damage":0,"enemies":"Donu and Deca","floor":50,"turns":1}],"seed_played":"1858828775026066659","potions_obtained":[{"floor":4.0,"key":"ColorlessPotion"},{"floor":8.0,"key":"FairyPotion"},{"floor":14.0,"key":"Explosive Potion"},{"floor":20.0,"key":"LiquidMemories"},{"floor":21.0,"key":"Swift Potion"},{"floor":22.0,"key":"LiquidMemories"},{"floor":29.0,"key":"EntropicBrew"},{"floor":35.0,"key":"Explosive Potion"},{"floor":42.0,"key":"CultistPotion"},{"floor":46,"key":"Dexterity Potion"}],"is_trial":false,"path_per_floor":["M","M","?","M","?","R","E","M","T","R","?","M","M","E","R","B",null,"M","$","M","M","?","E","?","E","T","E","R","E","R","$","R","B",null,"M","T","?","?","M","R","E","M","T","E","M","E","T","M","R","B"],"character_chosen":"WATCHER","items_purchased":["Tantrum","Orrery","Whetstone","TalkToTheHand","Medical Kit"],"campfire_rested":0,"item_purchase_floors":[19,19,19,31,31],"current_hp_per_floor":[61,59,59,53,53,53,52,52,52,52,52,52,52,32,32,6,48,48,48,39,39,39,27,27,27,27,26,26,3,3,3,3,18,51,51,51,51,51,51,51,51,51,51,51,51,50,50,50,50,50,50],"gold":471,"neow_bonus":"BOSS_RELIC","is_daily":false,"chose_seed":false,"campfire_upgraded":7,"win_rate":0.0,"timestamp":1609638697,"path_taken":["M","M","?","?","?","R","E","M","T","R","?","M","M","E","R","BOSS","M","$","M","M","?","E","?","E","T","E","R","E","R","?","R","BOSS","M","?","?","?","?","R","E","M","T","E","M","E","?","?","R","BOSS"],"items_purchased_type":["Card","Relic","Relic","Card","Relic"],"build_version":"2020-12-22","purchased_purges":2,"victory":false,"max_hp_per_floor":[68,68,68,68,68,68,68,68,68,68,62,62,62,62,62,62,62,62,62,62,62,62,62,62,62,62,62,62,62,62,62,62,62,62,62,62,62,62,62,62,62,62,62,62,62,62,62,62,62,62,62],"relic_stats":{"Darkstone Periapt":0,"Torii":2,"Happy Flower":[17],"counters":[27,97],"Golden Idol":146,"Blue Candle":[5],"Astrolabe":["SpiritShield","Collect","Protect"],"CeramicFish":9,"Whetstone":["Strike_P","Consecrate"],"Medical Kit":[0],"Peace Pipe":1,"Centennial Puzzle":[6],"Tiny Chest":2,"Prayer Wheel":2,"obtain_stats":[{"Darkstone Periapt":44,"Potion Belt":47,"Torii":23,"Happy Flower":25,"Golden Idol":11,"Blue Candle":7,"Astrolabe":34,"CeramicFish":46,"Damaru":36,"Whetstone":19,"Medical Kit":31,"Peace Pipe":41,"Bottled Flame":27,"Centennial Puzzle":29,"Orrery":19,"Tiny Chest":14,"Prayer Wheel":43,"Coffee Dripper":0,"Red Mask":22,"PureWater":0,"StrikeDummy":26,"Runic Pyramid":17},{"Darkstone Periapt":23,"Potion Belt":25,"Torii":14,"Happy Flower":15,"Golden Idol":5,"Blue Candle":4,"Astrolabe":18,"CeramicFish":25,"Damaru":19,"Whetstone":10,"Medical Kit":17,"Peace Pipe":21,"Bottled Flame":16,"Centennial Puzzle":17,"Orrery":10,"Tiny Chest":8,"Prayer Wheel":22,"Coffee Dripper":0,"Red Mask":13,"PureWater":0,"StrikeDummy":15,"Runic Pyramid":9},{"Darkstone Periapt":82,"Potion Belt":91,"Torii":42,"Happy Flower":46,"Golden Idol":17,"Blue Candle":15,"Astrolabe":61,"CeramicFish":91,"Damaru":64,"Whetstone":33,"Medical Kit":53,"Peace Pipe":72,"Bottled Flame":49,"Centennial Puzzle":53,"Orrery":33,"Tiny Chest":25,"Prayer Wheel":77,"Coffee Dripper":0,"Red Mask":38,"PureWater":0,"StrikeDummy":46,"Runic Pyramid":32}]},"card_choices":[{"not_picked":["Halt","Study"],"picked":"Adaptation","floor":1.0},{"not_picked":["CrushJoints","WreathOfFlame"],"picked":"Consecrate","floor":2.0},{"not_picked":["CrushJoints","Vengeance"],"picked":"Wallop","floor":4.0},{"not_picked":["Prostrate","Crescendo","SandsOfTime"],"picked":"SKIP","floor":7.0},{"not_picked":["FollowUp","Crescendo","Protect"],"picked":"SKIP","floor":8.0},{"not_picked":["Prostrate","Study"],"picked":"FearNoEvil","floor":12.0},{"not_picked":["CrushJoints","ThirdEye"],"picked":"CutThroughFate","floor":13.0},{"not_picked":["SashWhip","CutThroughFate"],"picked":"FlurryOfBlows","floor":14.0},{"not_picked":["SpiritShield","Brilliance"],"picked":"Scrawl","floor":16.0},{"not_picked":["Perseverance","ThirdEye"],"picked":"DeceiveReality","floor":18.0},{"not_picked":["Fasting2+1","Crescendo"],"picked":"BowlingBash+1","floor":19.0},{"not_picked":["DevaForm","Wireheading"],"picked":"EmptyBody+1","floor":19.0},{"not_picked":["Crescendo","ClearTheMind"],"picked":"CutThroughFate","floor":19.0},{"not_picked":["ThirdEye","WindmillStrike"],"picked":"LessonLearned","floor":20.0},{"not_picked":["Pray","FlurryOfBlows","LikeWater"],"picked":"SKIP","floor":21.0},{"not_picked":["Crescendo+1","LessonLearned","Swivel"],"picked":"SKIP","floor":23.0},{"not_picked":["ClearTheMind","Pray"],"picked":"EmptyFist","floor":25.0},{"not_picked":["WindmillStrike","Crescendo","Establishment"],"picked":"SKIP","floor":27.0},{"not_picked":["FlyingSleeves+1","CarveReality","FollowUp"],"picked":"SKIP","floor":29.0},{"not_picked":["WheelKick","FlurryOfBlows"],"picked":"Halt","floor":35.0},{"not_picked":["Crescendo+1","Pray"],"picked":"Halt+1","floor":39.0},{"not_picked":["BowlingBash","EmptyFist+1"],"picked":"Wireheading+1","floor":41.0},{"not_picked":["EmptyFist","ReachHeaven"],"picked":"CrushJoints+1","floor":42.0},{"not_picked":["ClearTheMind","Adaptation+1"],"picked":"TalkToTheHand","floor":44.0},{"not_picked":["Perseverance+1","Worship"],"picked":"Prostrate","floor":45.0},{"not_picked":["WreathOfFlame","EmptyBody","JustLucky"],"picked":"SKIP","floor":45.0},{"not_picked":["Indignation","FlyingSleeves"],"picked":"InnerPeace","floor":46},{"not_picked":["Collect","Indignation+1","CarveReality+1"],"picked":"SKIP","floor":48},{"not_picked":["EmptyBody","Weave","JustLucky"],"picked":"SKIP","floor":48}],"player_experience":1351714,"relics_obtained":[{"floor":7.0,"key":"Blue Candle"},{"floor":14.0,"key":"Tiny Chest"},{"floor":22.0,"key":"Red Mask"},{"floor":23.0,"key":"Torii"},{"floor":25.0,"key":"Happy Flower"},{"floor":26.0,"key":"StrikeDummy"},{"floor":27.0,"key":"Bottled Flame"},{"floor":29.0,"key":"Centennial Puzzle"},{"floor":36.0,"key":"Damaru"},{"floor":41.0,"key":"Peace Pipe"},{"floor":43.0,"key":"Prayer Wheel"},{"floor":44.0,"key":"Darkstone Periapt"},{"floor":46,"key":"CeramicFish"},{"floor":47,"key":"Potion Belt"}],"event_choices":[{"damage_healed":0.0,"max_hp_gain":0.0,"max_hp_loss":0.0,"gold_gain":275.0,"event_name":"Golden Shrine","player_choice":"Desecrate","floor":3.0,"gold_loss":0.0,"damage_taken":0.0,"cards_obtained":["Regret"]},{"cards_removed":["Regret"],"damage_healed":0.0,"max_hp_gain":0.0,"max_hp_loss":0.0,"gold_gain":0.0,"event_name":"Living Wall","player_choice":"Forget","floor":5.0,"gold_loss":0.0,"damage_taken":0.0},{"damage_healed":0.0,"max_hp_gain":0.0,"max_hp_loss":6.0,"gold_gain":0.0,"event_name":"Golden Idol","player_choice":"Lose Max HP","floor":11.0,"gold_loss":0.0,"damage_taken":0.0,"relics_obtained":["Golden Idol"]},{"damage_healed":0.0,"max_hp_gain":0.0,"max_hp_loss":0.0,"gold_gain":0.0,"event_name":"Masked Bandits","player_choice":"Fought Bandits","floor":22.0,"gold_loss":0.0,"damage_taken":0.0},{"cards_removed":["Strike_P"],"damage_healed":0.0,"max_hp_gain":0.0,"max_hp_loss":0.0,"gold_gain":0.0,"event_name":"Beggar","player_choice":"Gave Gold","floor":24.0,"gold_loss":75.0,"damage_taken":0.0},{"damage_healed":0.0,"max_hp_gain":0.0,"max_hp_loss":0.0,"gold_gain":0.0,"event_name":"Tomb of Lord Red Mask","player_choice":"Ignored","floor":37.0,"gold_loss":0.0,"damage_taken":0.0},{"damage_healed":0.0,"max_hp_gain":0.0,"max_hp_loss":0.0,"gold_gain":0.0,"event_name":"Accursed Blacksmith","player_choice":"Forge","floor":38.0,"gold_loss":0.0,"damage_taken":0.0,"cards_upgraded":["Halt"]}],"is_beta":false,"boss_relics":[{"not_picked":["Tiny House","Calling Bell"],"picked":"Runic Pyramid"},{"not_picked":["Velvet Choker","SacredBark"],"picked":"Astrolabe"}],"items_purged_floors":[19,31],"is_endless":false,"potions_floor_spawned":[4,8,12,14,20,21,22,29,35,42,44,46],"killed_by":"Donu and Deca","ascension_level":20}}