{"host":"6gnjg44wf0nz538o","time":1609716930,"event":{"mods":["AchievementEnabler","BaseMod","BetterRewards","Colored Map","Minty Spire (QoL Compilation)","Replay The Spire","Spicy Shops","StSLib","The Servant 0.9.4"],"gold_per_floor":[110,126,137,137,1,1,36,36,36,49,49,49,59,12,12,12,12],"floor_reached":16,"playtime":472,"items_purged":["Writhe"],"score":248,"play_id":"dbf3471f-fb70-4bc2-995a-c0344d5555a0","local_time":"20210103183530","is_ascension_mode":true,"campfire_choices":[{"data":"Bash","floor":6,"key":"SMITH"},{"floor":8,"key":"REST"},{"floor":12,"key":"REST"},{"floor":15,"key":"REST"}],"circlet_count":0,"master_deck":["AscendersBane","Strike_R","Strike_R","Strike_R+1","Strike_R","Strike_R","Defend_R","Defend_R+1","Defend_R+1","Defend_R","Bash+1","Pommel Strike","Pummel+1","Heavy Blade","Sword Boomerang","Flex"],"relics":["Burning Blood","Torii","Gremlin Food","Durian","Prayer Wheel"],"acts_visited":["Exordium"],"potions_floor_usage":[16],"damage_taken":[{"damage":6,"enemies":"Cultist","floor":1,"turns":3},{"damage":1,"enemies":"2 Louse","floor":2,"turns":3},{"damage":0,"enemies":"Small Slimes","floor":3,"turns":3},{"damage":45,"enemies":"3 Sentries","floor":7,"turns":11},{"damage":23,"enemies":"Red Slaver","floor":10,"turns":3},{"damage":12,"enemies":"Gremlin Gang","floor":13,"turns":5},{"damage":85,"enemies":"Hexaghost","floor":16,"turns":9}],"seed_played":"5811778204016774964","potions_obtained":[{"floor":3,"key":"SneckoOil"},{"floor":7,"key":"PowerPotion"},{"floor":10,"key":"Milkshake"}],"is_trial":false,"path_per_floor":["M","M","M","?","$","R","E","R","T","M","$","R","M","$","R","B"],"character_chosen":"IRONCLAD","items_purchased":["Gremlin Food","Flex"],"campfire_rested":3,"item_purchase_floors":[5,14],"current_hp_per_floor":[72,77,80,80,80,80,46,71,71,54,54,79,73,73,85,0,0],"gold":12,"neow_bonus":"","is_daily":false,"chose_seed":false,"campfire_upgraded":1,"win_rate":0.0,"timestamp":1609716930,"path_taken":["M","M","?","?","$","R","E","R","T","M","$","R","M","$","R","BOSS"],"items_purchased_type":["Relic","Card"],"build_version":"2020-12-22","purchased_purges":1,"victory":false,"max_hp_per_floor":[80,80,80,80,80,80,85,85,85,85,85,85,85,85,85,85,85],"card_choices":[{"not_picked":["Armaments","Headbutt"],"picked":"Pommel Strike","floor":1},{"not_picked":["Defy Death","Iron Wave","Power Through"],"picked":"SKIP","floor":2},{"not_picked":["Rampage","Flex"],"picked":"Pummel","floor":3},{"not_picked":["Juggernaut","Second Wind","Pummel"],"picked":"SKIP","floor":7},{"not_picked":["ReplayTheSpireMod:Muscle Training","Wild Strike"],"picked":"Heavy Blade","floor":10},{"not_picked":["Life Link","Clothesline","Body Slam"],"picked":"SKIP","floor":10},{"not_picked":["Wild Strike","Run Through"],"picked":"Sword Boomerang","floor":13},{"not_picked":["Replay:Undeath\u0027s Touch","Run Through","Metallicize"],"picked":"SKIP","floor":13}],"player_experience":511826,"relics_obtained":[{"floor":7,"key":"Durian"},{"floor":9,"key":"Prayer Wheel"}],"event_choices":[{"damage_healed":0,"gold_gain":0,"player_choice":"Forge","damage_taken":0,"max_hp_gain":0,"max_hp_loss":0,"event_name":"Accursed Blacksmith","floor":4,"gold_loss":0,"cards_upgraded":["Pummel"]}],"is_beta":false,"boss_relics":[],"items_purged_floors":[5],"is_endless":false,"potions_floor_spawned":[3,7,10],"killed_by":"Hexaghost","ascension_level":13}}