{"host":"97k5lqmr6aaz1p9r","time":1609658927,"event":{"mods":["BaseMod","Colored Map","Downfall","Jorbs\u0027s Wanderer Trilogy","Minty Spire (QoL Compilation)","StSLib"],"gold_per_floor":[114,114,126,126,126,160,160,178,226,226,246,279,341,361,361,456,456,474,32,44,44,96,131,131,231,231,246,264,229,246,280,292,404,416,440,452,475,157,177,207,207,233,233,29,82,82,132,142,142,142],"floor_reached":51,"playtime":4713,"items_purged":["Strike_P","Defend_P","Strike_P"],"score":828,"play_id":"c09ce8fe-3e82-4dcb-abe9-d8ff0a2637fe","local_time":"20210103072847","is_ascension_mode":false,"campfire_choices":[{"data":"Fasting2","floor":7,"key":"SMITH"},{"data":"Evaluate","floor":10,"key":"SMITH"},{"floor":15,"key":"REST"},{"floor":24,"key":"REST"},{"floor":32,"key":"REST"},{"floor":41,"key":"REST"},{"data":"Strike_P","floor":46,"key":"PURGE"},{"floor":49,"key":"REST"}],"circlet_count":0,"master_deck":["Defend_P","Eruption+1","Vigilance+1","LikeWater","Omniscience+1","Fasting2+1","EmptyFist","Evaluate+1","FearNoEvil","CutThroughFate","ThirdEye+1","FollowUp","DevaForm","Wallop","Adaptation","EmptyBody+1","Conclude","SashWhip","FlurryOfBlows+1","FlurryOfBlows+1","Indignation","DeusExMachina","MasterReality","Worship","Ragnarok","Meditate+1","Fasting2","Omniscience","Evaluate","EmptyMind+1","Study","Prostrate+1","Adaptation"],"relics":["HolyWater","NeowsBlessing","Pen Nib","Anchor","Blood Vial","White Beast Statue","Nunchaku","Fusion Hammer","War Paint","Lee\u0027s Waffle","Bronze Scales","Damaru","Pantograph","MawBank","Happy Flower","Bottled Tornado","Peace Pipe","Dead Branch","Bird Faced Urn"],"acts_visited":["Exordium","TheCity","TheBeyond"],"potions_floor_usage":[13,13,16,18,20,23,23,31,33,42,42,42,42,45,48],"damage_taken":[{"damage":0,"enemies":"Small Slimes","floor":1,"turns":1},{"damage":0,"enemies":"Cultist","floor":3,"turns":1},{"damage":0,"enemies":"3 Sentries","floor":6,"turns":2},{"damage":0,"enemies":"2 Louse","floor":8,"turns":2},{"damage":0,"enemies":"Blue Slaver","floor":11,"turns":6},{"damage":24,"enemies":"Gremlin Nob","floor":12,"turns":5},{"damage":0,"enemies":"Gremlin Nob","floor":13,"turns":4},{"damage":0,"enemies":"3 Louse","floor":14,"turns":5},{"damage":17,"enemies":"Hexaghost","floor":16,"turns":10},{"damage":1,"enemies":"Chosen","floor":18,"turns":7},{"damage":1,"enemies":"2 Thieves","floor":20,"turns":4},{"damage":25,"enemies":"Gremlin Leader","floor":23,"turns":7},{"damage":0,"enemies":"Centurion and Healer","floor":27,"turns":3},{"damage":4,"enemies":"Sentry and Sphere","floor":28,"turns":4},{"damage":0,"enemies":"Snake Plant","floor":30,"turns":2},{"damage":0,"enemies":"Slavers","floor":31,"turns":3},{"damage":18,"enemies":"Collector","floor":33,"turns":6},{"damage":16,"enemies":"Orb Walker","floor":35,"turns":4},{"damage":0,"enemies":"3 Shapes","floor":37,"turns":4},{"damage":3,"enemies":"Sphere and 2 Shapes","floor":39,"turns":2},{"damage":3,"enemies":"Nemesis","floor":40,"turns":3},{"damage":0,"enemies":"Reptomancer","floor":42,"turns":4},{"damage":0,"enemies":"2 Orb Walkers","floor":45,"turns":3},{"damage":0,"enemies":"Mind Bloom Boss Battle","floor":47,"turns":3},{"damage":15,"enemies":"Maw","floor":48,"turns":5},{"damage":73,"enemies":"Time Eater","floor":50,"turns":5}],"seed_played":"-1431906404353760151","potions_obtained":[{"floor":1,"key":"Block Potion"},{"floor":3,"key":"EssenceOfSteel"},{"floor":6,"key":"Energy Potion"},{"floor":13,"key":"GamblersBrew"},{"floor":14,"key":"DuplicationPotion"},{"floor":16,"key":"SkillPotion"},{"floor":18,"key":"Dexterity Potion"},{"floor":20,"key":"DistilledChaos"},{"floor":23,"key":"hexamod:EctoCoolerPotion"},{"floor":27,"key":"SpeedPotion"},{"floor":30,"key":"Strength Potion"},{"floor":31,"key":"champ:CounterPotion"},{"floor":33,"key":"Dexterity Potion"},{"floor":35,"key":"EntropicBrew"},{"floor":42,"key":"Swift Potion"},{"floor":45,"key":"PowerPotion"},{"floor":48,"key":"DuplicationPotion"}],"is_trial":false,"path_per_floor":["M","?","M","?","?","E","R","M","T","R","M","E","?","M","R","B",null,"M","$","M","?","T","E","R","?","T","M","M","$","M","E","R","B",null,"M","?","M","$","M","E","R","E","T","$","?","R","?","M","R","B",null],"character_chosen":"WATCHER","items_purchased":["War Paint","Lee\u0027s Waffle","Adaptation","Indignation","Fasting2","Omniscience","Evaluate","Study"],"campfire_rested":5,"item_purchase_floors":[19,19,19,29,38,38,38,44],"current_hp_per_floor":[72,72,72,60,46,46,46,46,46,46,48,26,28,30,51,36,72,71,79,78,78,78,54,77,77,77,79,75,75,77,79,79,61,79,63,63,65,65,64,63,79,79,79,79,79,79,79,70,79,14],"gold":142,"neow_bonus":"THREE_ENEMY_KILL","is_daily":false,"chose_seed":false,"campfire_upgraded":2,"win_rate":0.0,"timestamp":1609658927,"path_taken":["M","?","?","?","?","E","R","M","T","R","M","E","?","M","R","BOSS","M","$","M","?","?","E","R","?","T","M","?","?","M","E","R","BOSS","M","?","?","$","M","E","R","E","T","?","?","R","?","?","R","BOSS"],"items_purchased_type":["Relic","Relic","Card","Card","Card","Card","Card","Card"],"build_version":"2020-12-22","purchased_purges":3,"victory":true,"max_hp_per_floor":[72,72,72,72,72,72,72,72,72,72,72,72,72,72,72,72,72,72,79,79,79,79,79,79,79,79,79,79,79,79,79,79,79,79,79,79,79,79,79,79,79,79,79,79,79,79,79,79,79,79],"card_choices":[{"not_picked":["WreathOfFlame","Collect"],"picked":"LikeWater","floor":1},{"not_picked":["BattleHymn","FollowUp"],"picked":"Fasting2","floor":3},{"not_picked":["Adaptation","SashWhip"],"picked":"EmptyFist","floor":6},{"not_picked":["ClearTheMind","JustLucky"],"picked":"Evaluate","floor":8},{"not_picked":["FlyingSleeves","InnerPeace"],"picked":"FearNoEvil","floor":11},{"not_picked":["Prostrate","SandsOfTime"],"picked":"CutThroughFate","floor":12},{"not_picked":["Devotion","Evaluate"],"picked":"ThirdEye","floor":13},{"not_picked":["Perseverance","FlyingSleeves"],"picked":"FollowUp","floor":14},{"not_picked":["MasterReality","ConjureBlade"],"picked":"DevaForm","floor":16},{"not_picked":["WheelKick","JustLucky"],"picked":"Wallop","floor":18},{"not_picked":["EmptyMind","Consecrate"],"picked":"EmptyBody+1","floor":20},{"not_picked":["ThirdEye","Vengeance"],"picked":"FlurryOfBlows+1","floor":23},{"not_picked":["Nirvana","FollowUp","Crescendo+1"],"picked":"SKIP","floor":27},{"not_picked":["Prostrate","CarveReality"],"picked":"FlurryOfBlows+1","floor":28},{"not_picked":["Halt","JustLucky+1"],"picked":"DeusExMachina","floor":30},{"not_picked":["Crescendo","Weave","Swivel"],"picked":"SKIP","floor":31},{"not_picked":["Brilliance","LessonLearned"],"picked":"MasterReality","floor":33},{"not_picked":["EmptyBody","FlurryOfBlows"],"picked":"Worship","floor":35},{"not_picked":["FlyingSleeves","BowlingBash"],"picked":"Meditate+1","floor":37},{"not_picked":["WaveOfTheHand+1","CutThroughFate+1","EmptyBody+1"],"picked":"SKIP","floor":39},{"not_picked":["Protect","Collect+1","FlyingSleeves"],"picked":"SKIP","floor":40},{"not_picked":["ThirdEye","EmptyBody"],"picked":"EmptyMind+1","floor":42},{"not_picked":["Evaluate","ThirdEye+1"],"picked":"Prostrate+1","floor":45},{"not_picked":["Pray+1","BowlingBash+1"],"picked":"Adaptation","floor":47},{"not_picked":["DeusExMachina","PathToVictory+1","FlyingSleeves+1"],"picked":"SKIP","floor":48}],"player_experience":590932,"relics_obtained":[{"floor":6,"key":"Anchor"},{"floor":9,"key":"Blood Vial"},{"floor":12,"key":"White Beast Statue"},{"floor":13,"key":"Nunchaku"},{"floor":22,"key":"Bronze Scales"},{"floor":23,"key":"Damaru"},{"floor":26,"key":"Pantograph"},{"floor":31,"key":"MawBank"},{"floor":40,"key":"Happy Flower"},{"floor":42,"key":"Bottled Tornado"},{"floor":43,"key":"Peace Pipe"},{"floor":45,"key":"Dead Branch"},{"floor":47,"key":"Bird Faced Urn"}],"event_choices":[{"damage_healed":0,"gold_gain":0,"cards_transformed":["Defend_P"],"player_choice":"Transformed","damage_taken":0,"max_hp_gain":0,"max_hp_loss":0,"event_name":"Transmorgrifier","floor":2,"gold_loss":0,"cards_obtained":["Omniscience"]},{"damage_healed":0,"gold_gain":0,"player_choice":"Success","damage_taken":12,"relics_obtained":["Pen Nib"],"max_hp_gain":0,"max_hp_loss":0,"event_name":"Scrap Ooze","floor":4,"gold_loss":0},{"damage_healed":0,"gold_gain":0,"player_choice":"Entered Light","damage_taken":14,"max_hp_gain":0,"max_hp_loss":0,"event_name":"Shining Light","floor":5,"gold_loss":0,"cards_upgraded":["Vigilance","Eruption"]},{"damage_healed":0,"gold_gain":30,"player_choice":"Searched \u00273\u0027 times","damage_taken":0,"max_hp_gain":0,"max_hp_loss":0,"event_name":"Dead Adventurer","floor":13,"gold_loss":0},{"damage_healed":0,"gold_gain":0,"cards_transformed":["Defend_P","Strike_P"],"player_choice":"Became Test Subject","damage_taken":0,"max_hp_gain":0,"max_hp_loss":0,"event_name":"Drug Dealer","floor":21,"gold_loss":0,"cards_obtained":["Conclude","SashWhip"]},{"damage_healed":0,"gold_gain":100,"player_choice":"Pray","damage_taken":0,"max_hp_gain":0,"max_hp_loss":0,"event_name":"Golden Shrine","floor":25,"gold_loss":0},{"damage_healed":0,"gold_gain":0,"player_choice":"1 cards matched","damage_taken":0,"max_hp_gain":0,"max_hp_loss":0,"event_name":"Match and Keep!","floor":36,"gold_loss":0,"cards_obtained":["Ragnarok"]},{"damage_healed":0,"gold_gain":0,"player_choice":"Fight","damage_taken":0,"max_hp_gain":0,"max_hp_loss":0,"event_name":"Mysterious Sphere","floor":45,"gold_loss":0},{"damage_healed":0,"gold_gain":0,"player_choice":"Fight","damage_taken":0,"max_hp_gain":0,"max_hp_loss":0,"event_name":"MindBloom","floor":47,"gold_loss":0}],"is_beta":false,"boss_relics":[{"not_picked":["Runic Pyramid","Velvet Choker"],"picked":"Fusion Hammer"},{"not_picked":["Coffee Dripper","Cursed Key"],"picked":"HolyWater"}],"items_purged_floors":[19,38,44],"is_endless":false,"potions_floor_spawned":[1,3,6,13,14,16,18,20,23,27,28,30,31,33,35,37,39,40,42,45,47,48],"ascension_level":0}}