{"host":"dlyy4wv9zatha4f7","time":1609690748,"event":{"mods":["BaseMod","Better Third Choice","Colored Map","GifTheSpireLib","Minty Spire (QoL Compilation)","Spicy Shops","StSLib","SuperFastMode","Unceasing Turn Reminder"],"gold_per_floor":[115,415,36,36,59,95,95,95,177,202,202,277,277,461,461,589,589,604,703,726,749,130,130,175,209,209,209,225,140,160,191,191,325,325,341,404,420,36,0,0,36,45,45,98,111,111,149,167,167,167,167],"floor_reached":50,"playtime":3366,"items_purged":["Strike_P","Doubt"],"score":1174,"play_id":"6fb76d4f-2a70-495a-bfb5-44193e95318a","local_time":"20210103181908","is_ascension_mode":true,"campfire_choices":[{"data":"TalkToTheHand","floor":8.0,"key":"SMITH"},{"floor":15.0,"key":"REST"},{"data":"Blind","floor":23.0,"key":"SMITH"},{"data":"BattleHymn","floor":27.0,"key":"SMITH"},{"floor":32.0,"key":"REST"},{"data":"Ragnarok","floor":40.0,"key":"SMITH"},{"floor":42.0,"key":"REST"},{"data":"Vault","floor":46,"key":"SMITH"},{"floor":49,"key":"RECALL"}],"circlet_count":0,"master_deck":["Strike_P","Strike_P","Strike_P","Defend_P","Defend_P","Defend_P","Defend_P","Eruption+1","Vigilance","TalkToTheHand+1","Dramatic Entrance+1","CutThroughFate+1","ReachHeaven","BattleHymn+1","MasterReality","Blind+1","LikeWater+1","Protect","DeceiveReality+1","ClearTheMind","Ragnarok+1","Vault+1","CrushJoints","Vengeance"],"relics":["PureWater","NeowsBlessing","Old Coin","CeramicFish","Shuriken","Centennial Puzzle","HornCleat","Golden Idol","Philosopher\u0027s Stone","Toy Ornithopter","Turnip","Medical Kit","Dream Catcher","Bottled Lightning","InkBottle","Tiny Chest","Black Star","TungstenRod","Bottled Tornado","Red Mask","The Courier","Potion Belt","Molten Egg 2","Singing Bowl","Mummified Hand","Ornamental Fan"],"acts_visited":["Exordium","TheCity","TheBeyond"],"potions_floor_usage":[48],"damage_taken":[{"damage":0.0,"enemies":"Jaw Worm","floor":1.0,"turns":1.0},{"damage":0.0,"enemies":"Cultist","floor":5.0,"turns":1.0},{"damage":0.0,"enemies":"Gremlin Nob","floor":6.0,"turns":1.0},{"damage":0.0,"enemies":"Small Slimes","floor":10.0,"turns":3.0},{"damage":0.0,"enemies":"Hexaghost","floor":16.0,"turns":6.0},{"damage":0.0,"enemies":"Spheric Guardian","floor":18.0,"turns":4.0},{"damage":5.0,"enemies":"Chosen","floor":20.0,"turns":5.0},{"damage":0.0,"enemies":"Centurion and Healer","floor":21.0,"turns":6.0},{"damage":13.0,"enemies":"Slavers","floor":24.0,"turns":4.0},{"damage":0.0,"enemies":"Snecko","floor":25.0,"turns":7.0},{"damage":9.0,"enemies":"Chosen and Byrds","floor":28.0,"turns":6.0},{"damage":3.0,"enemies":"Snake Plant","floor":30.0,"turns":4.0},{"damage":3.0,"enemies":"Book of Stabbing","floor":31.0,"turns":6.0},{"damage":0.0,"enemies":"Champ","floor":33.0,"turns":11.0},{"damage":17.0,"enemies":"3 Shapes","floor":35.0,"turns":7.0},{"damage":0.0,"enemies":"Mind Bloom Boss Battle","floor":36.0,"turns":7.0},{"damage":17.0,"enemies":"3 Darklings","floor":37.0,"turns":4.0},{"damage":17.0,"enemies":"Reptomancer","floor":41.0,"turns":7.0},{"damage":10,"enemies":"Nemesis","floor":44,"turns":7},{"damage":0,"enemies":"Maw","floor":45,"turns":5},{"damage":0,"enemies":"Giant Head","floor":47,"turns":8},{"damage":6,"enemies":"4 Shapes","floor":48,"turns":8},{"damage":73,"enemies":"Awakened One","floor":50,"turns":5}],"seed_played":"6624871863058037836","potions_obtained":[{"floor":5.0,"key":"Block Potion"},{"floor":16.0,"key":"GamblersBrew"},{"floor":20.0,"key":"Explosive Potion"},{"floor":21.0,"key":"SteroidPotion"},{"floor":25.0,"key":"Ambrosia"},{"floor":33.0,"key":"Strength Potion"},{"floor":36.0,"key":"Swift Potion"},{"floor":41.0,"key":"CultistPotion"},{"floor":44,"key":"SpeedPotion"},{"floor":48,"key":"FairyPotion"}],"is_trial":false,"path_per_floor":["M","?","$","T","M","E","?","R","T","M","?","?","?","?","R","B",null,"M","?","M","M","$","R","E","M","T","R","M","?","M","E","R","B",null,"M","?","M","$","?","R","E","R","T","E","M","R","E","M","R","B"],"character_chosen":"WATCHER","items_purchased":["CeramicFish","TalkToTheHand","Dramatic Entrance","Toy Ornithopter","Turnip","Medical Kit","Vault","Bottled Tornado"],"campfire_rested":3,"item_purchase_floors":[3,3,3,22,22,22,38,38],"current_hp_per_floor":[65,65,65,65,65,65,65,65,65,65,47,36,22,22,43,43,65,65,41,36,36,36,36,33,33,33,33,24,24,21,23,44,49,66,49,49,37,37,37,37,20,41,41,31,33,33,35,36,36,0,0],"gold":167,"neow_bonus":"THREE_ENEMY_KILL","is_daily":false,"chose_seed":false,"campfire_upgraded":5,"win_rate":0.0,"timestamp":1609690748,"path_taken":["M","?","$","?","M","E","?","R","T","?","?","?","?","?","R","BOSS","M","?","?","M","$","R","E","M","T","R","?","?","M","E","R","BOSS","M","?","M","$","?","R","E","R","T","E","?","R","E","M","R","BOSS"],"items_purchased_type":["Relic","Card","Card","Relic","Relic","Relic","Card","Relic"],"build_version":"2020-12-22","purchased_purges":2,"victory":false,"max_hp_per_floor":[72,72,72,72,72,72,72,72,72,72,72,72,72,72,72,72,72,72,72,72,72,72,72,72,72,72,72,72,72,72,72,72,72,72,72,72,72,72,72,72,72,72,72,72,74,74,76,78,78,78,78],"card_choices":[{"not_picked":["PathToVictory","EmptyBody"],"picked":"CrushJoints","floor":1.0},{"not_picked":["Prostrate","Evaluate"],"picked":"CutThroughFate","floor":5.0},{"not_picked":["FollowUp","MasterReality"],"picked":"ReachHeaven","floor":6.0},{"not_picked":["ForeignInfluence","FollowUp"],"picked":"BattleHymn","floor":10.0},{"not_picked":["Establishment","Devotion"],"picked":"MasterReality","floor":16.0},{"not_picked":["FlurryOfBlows","Conclude","PathToVictory"],"picked":"SKIP","floor":18.0},{"not_picked":["Nirvana","Prostrate"],"picked":"LikeWater+1","floor":20.0},{"not_picked":["WreathOfFlame","EmptyBody+1"],"picked":"Protect","floor":21.0},{"not_picked":["Halt+1","EmptyFist"],"picked":"DeceiveReality+1","floor":24.0},{"not_picked":["ThirdEye","Collect+1"],"picked":"ClearTheMind","floor":25.0},{"not_picked":["Protect","ThirdEye","Prostrate"],"picked":"SKIP","floor":28.0},{"not_picked":["SashWhip","Omniscience","Perseverance"],"picked":"SKIP","floor":30.0},{"not_picked":["ThirdEye","Consecrate","TalkToTheHand"],"picked":"SKIP","floor":31.0},{"not_picked":["ThirdEye","Consecrate","TalkToTheHand"],"picked":"SKIP","floor":31.0},{"not_picked":["ThirdEye","Consecrate","TalkToTheHand"],"picked":"SKIP","floor":31.0},{"not_picked":["DeusExMachina","Brilliance"],"picked":"Ragnarok","floor":33.0},{"not_picked":["FlurryOfBlows+1","PathToVictory","Evaluate+1"],"picked":"SKIP","floor":35.0},{"not_picked":["Wireheading","BattleHymn","FollowUp+1"],"picked":"SKIP","floor":37.0},{"not_picked":["MasterReality","FearNoEvil+1","CarveReality+1"],"picked":"SKIP","floor":41.0},{"not_picked":["EmptyFist","Collect"],"picked":"CrushJoints","floor":42.0},{"not_picked":["Study","BowlingBash+1"],"picked":"Vengeance","floor":44},{"not_picked":["WheelKick+1","Perseverance+1","BowlingBash+1"],"picked":"Singing Bowl","floor":45},{"not_picked":["Conclude+1","Wireheading+1","ClearTheMind+1"],"picked":"Singing Bowl","floor":47},{"not_picked":["BowlingBash+1","Wireheading+1","FollowUp+1"],"picked":"Singing Bowl","floor":48}],"player_experience":2225677,"relics_obtained":[{"floor":4.0,"key":"Shuriken"},{"floor":6.0,"key":"Centennial Puzzle"},{"floor":9.0,"key":"HornCleat"},{"floor":24.0,"key":"Dream Catcher"},{"floor":26.0,"key":"Bottled Lightning"},{"floor":31.0,"key":"Tiny Chest"},{"floor":36.0,"key":"TungstenRod"},{"floor":41.0,"key":"The Courier"},{"floor":41.0,"key":"Potion Belt"},{"floor":44,"key":"Molten Egg 2"},{"floor":44,"key":"Singing Bowl"},{"floor":47,"key":"Mummified Hand"},{"floor":47,"key":"Ornamental Fan"}],"event_choices":[{"cards_removed":["CrushJoints"],"damage_healed":0.0,"max_hp_gain":0.0,"max_hp_loss":0.0,"gold_gain":0.0,"event_name":"WeMeetAgain","player_choice":"Gave Card","floor":2.0,"gold_loss":0.0,"damage_taken":0.0,"relics_obtained":["Old Coin"]},{"damage_healed":0.0,"max_hp_gain":0.0,"max_hp_loss":0.0,"gold_gain":0.0,"event_name":"Upgrade Shrine","player_choice":"Upgraded","floor":7.0,"gold_loss":0.0,"damage_taken":0.0,"cards_upgraded":["Eruption"]},{"damage_healed":0.0,"max_hp_gain":0.0,"max_hp_loss":0.0,"gold_gain":0.0,"event_name":"Golden Idol","player_choice":"Take Damage","floor":11.0,"gold_loss":0.0,"damage_taken":18.0,"relics_obtained":["Golden Idol"]},{"damage_healed":0.0,"max_hp_gain":0.0,"max_hp_loss":0.0,"gold_gain":75.0,"event_name":"betterThird:BetterGoop","player_choice":"Gold","floor":12.0,"gold_loss":0.0,"damage_taken":11.0},{"damage_healed":36.0,"max_hp_gain":0.0,"max_hp_loss":72.0,"gold_gain":0.0,"event_name":"betterThird:BetterShining","player_choice":"Upgrade","floor":13.0,"gold_loss":0.0,"damage_taken":14.0,"cards_upgraded":["CutThroughFate","Dramatic Entrance"]},{"damage_healed":0.0,"max_hp_gain":0.0,"max_hp_loss":0.0,"gold_gain":175.0,"event_name":"betterThird:BetterSerpent","player_choice":"AGREE","floor":14.0,"gold_loss":0.0,"damage_taken":277.0},{"damage_healed":0.0,"max_hp_gain":0.0,"max_hp_loss":0.0,"gold_gain":90.0,"event_name":"Knowing Skull","player_choice":"POTION CARD GOLD ","floor":19.0,"potions_obtained":["Dexterity Potion"],"gold_loss":0.0,"damage_taken":24.0,"cards_obtained":["Blind"]},{"damage_healed":0.0,"max_hp_gain":0.0,"max_hp_loss":0.0,"gold_gain":0.0,"event_name":"Addict","player_choice":"Obtained Relic","floor":29.0,"gold_loss":85.0,"damage_taken":0.0,"relics_obtained":["InkBottle"]},{"damage_healed":0.0,"max_hp_gain":0.0,"max_hp_loss":0.0,"gold_gain":0.0,"event_name":"MindBloom","player_choice":"Fight","floor":36.0,"gold_loss":0.0,"damage_taken":0.0},{"damage_healed":0.0,"max_hp_gain":0.0,"max_hp_loss":0.0,"gold_gain":0.0,"event_name":"Tomb of Lord Red Mask","player_choice":"Paid","floor":39.0,"gold_loss":36.0,"damage_taken":0.0,"relics_obtained":["Red Mask"]}],"is_beta":false,"boss_relics":[{"not_picked":["Busted Crown","Velvet Choker"],"picked":"Philosopher\u0027s Stone"},{"not_picked":["Cursed Key","Sozu"],"picked":"Black Star"}],"items_purged_floors":[3,22],"is_endless":false,"potions_floor_spawned":[5,16,20,21,25,33,36,41,44,48],"killed_by":"Awakened One","ascension_level":9}}