{"host":"51f0ad793vly1w6u","time":1609664179,"event":{"mods":["BaseMod","Colored Map","DeckTracker","Minty Spire (QoL Compilation)","StSLib","SuperFastMode"],"gold_per_floor":[11,27,27,302,322,322,355,355,355,390,390,414,7,23,23,100,100,114,84,96,96,371,371,105,105,105,123,123,123,123,140,140,213,213,224,244,244,258,269,269,303,318,318,318,318,343,343,359,359,359,359,359,359,28,57,57,57],"floor_reached":56,"playtime":1714,"items_purged":["Regret","Regret"],"score":1941,"play_id":"37b03e91-e353-495a-b81b-25a388093c8b","local_time":"20210103175619","is_ascension_mode":true,"campfire_choices":[{"data":"Sunder","floor":6.0,"key":"SMITH"},{"data":"Buffer","floor":8.0,"key":"SMITH"},{"data":"Lockon","floor":11.0,"key":"SMITH"},{"floor":15.0,"key":"REST"},{"data":"Creative AI","floor":23.0,"key":"SMITH"},{"floor":29.0,"key":"REST"},{"data":"Heatsinks","floor":32.0,"key":"SMITH"},{"data":"Chill","floor":40.0,"key":"SMITH"},{"data":"Defragment","floor":44,"key":"SMITH"},{"floor":49,"key":"RECALL"},{"data":"Dualcast","floor":53,"key":"SMITH"}],"circlet_count":0,"master_deck":["AscendersBane","Strike_B","Strike_B","Strike_B","Defend_B+1","Defend_B","Defend_B","Zap+1","Dualcast+1","Heatsinks+1","Lockon+1","Sunder+1","Buffer+1","Leap","Ball Lightning","FTL","Creative AI+1","Skim","Defragment+1","Writhe","Turbo+1","Chill+1","Creative AI+1","Reinforced Body","Glacier","Defragment+1","Clumsy","Aggregate+1","Fusion+1"],"relics":["FrozenCore","Emotion Chip","War Paint","Blue Candle","Juzu Bracelet","Odd Mushroom","Runic Capacitor","Bag of Preparation","Cursed Key","Toy Ornithopter","Eternal Feather","Nilry\u0027s Codex","Ginger","Lizard Tail","Happy Flower","ClockworkSouvenir","Oddly Smooth Stone"],"acts_visited":["Exordium","TheCity","TheBeyond","TheEnding"],"potions_floor_usage":[51,55],"damage_taken":[{"damage":1.0,"enemies":"Cultist","floor":1.0,"turns":3.0},{"damage":0.0,"enemies":"2 Louse","floor":2.0,"turns":2.0},{"damage":9.0,"enemies":"Jaw Worm","floor":5.0,"turns":2.0},{"damage":25.0,"enemies":"3 Sentries","floor":7.0,"turns":5.0},{"damage":1.0,"enemies":"Gremlin Nob","floor":10.0,"turns":4.0},{"damage":6.0,"enemies":"The Mushroom Lair","floor":12.0,"turns":4.0},{"damage":0.0,"enemies":"Exordium Wildlife","floor":14.0,"turns":3.0},{"damage":2.0,"enemies":"The Guardian","floor":16.0,"turns":8.0},{"damage":0.0,"enemies":"2 Thieves","floor":18.0,"turns":3.0},{"damage":12.0,"enemies":"3 Byrds","floor":20.0,"turns":4.0},{"damage":0.0,"enemies":"Snecko","floor":27.0,"turns":4.0},{"damage":1.0,"enemies":"Snake Plant","floor":31.0,"turns":3.0},{"damage":1.0,"enemies":"Collector","floor":33.0,"turns":7.0},{"damage":1.0,"enemies":"Orb Walker","floor":35.0,"turns":5.0},{"damage":8.0,"enemies":"3 Shapes","floor":36.0,"turns":6.0},{"damage":34.0,"enemies":"3 Darklings","floor":38.0,"turns":5.0},{"damage":1.0,"enemies":"Maw","floor":39.0,"turns":8.0},{"damage":1.0,"enemies":"Giant Head","floor":41.0,"turns":10.0},{"damage":15,"enemies":"Jaw Worm Horde","floor":42,"turns":5},{"damage":1,"enemies":"Mind Bloom Boss Battle","floor":46,"turns":7},{"damage":0,"enemies":"4 Shapes","floor":48,"turns":7},{"damage":27,"enemies":"Time Eater","floor":50,"turns":6},{"damage":42,"enemies":"Awakened One","floor":51,"turns":14},{"damage":49,"enemies":"Shield and Spear","floor":55,"turns":8},{"damage":60,"enemies":"The Heart","floor":56,"turns":9}],"seed_played":"-8605029369522373600","potions_obtained":[{"floor":1.0,"key":"Weak Potion"},{"floor":2.0,"key":"Energy Potion"},{"floor":12.0,"key":"EssenceOfSteel"},{"floor":14.0,"key":"DuplicationPotion"},{"floor":19.0,"key":"Fruit Juice"},{"floor":19.0,"key":"SkillPotion"},{"floor":27.0,"key":"FearPotion"},{"floor":39.0,"key":"FocusPotion"},{"floor":41.0,"key":"FocusPotion"}],"is_trial":false,"path_per_floor":["M","M","T","?","M","R","E","R","T","E","R","?","$","M","R","B",null,"M","?","M","?","?","R","$","?","T","M","?","R","?","M","R","B",null,"M","M","?","M","M","R","E","M","T","R","?","?","?","M","R","B","B",null,"R","$","E","B"],"character_chosen":"DEFECT","items_purchased":["Runic Capacitor","Bag of Preparation","Toy Ornithopter","Happy Flower","ClockworkSouvenir"],"campfire_rested":2,"item_purchase_floors":[13,13,24,54,54],"current_hp_per_floor":[63,63,63,63,54,54,29,29,29,28,28,22,22,22,43,41,64,64,64,52,52,52,52,52,52,52,52,31,64,64,63,71,71,71,70,62,62,38,37,52,51,36,36,51,51,50,50,50,65,38,1,54,69,69,24,0,0],"gold":57,"neow_bonus":"TRANSFORM_TWO_CARDS","is_daily":false,"chose_seed":false,"campfire_upgraded":8,"win_rate":0.0,"timestamp":1609664179,"path_taken":["M","M","?","?","?","R","E","R","T","E","R","?","$","M","R","BOSS","M","?","M","?","?","R","$","?","T","M","?","R","?","M","R","BOSS","M","M","?","M","M","R","E","M","T","R","?","?","?","M","R","BOSS","BOSS","R","$","E","BOSS"],"items_purchased_type":["Relic","Relic","Relic","Relic","Relic"],"build_version":"2020-12-22","purchased_purges":2,"victory":false,"max_hp_per_floor":[71,71,71,71,71,71,71,71,71,71,71,71,71,71,71,71,71,71,71,71,71,71,71,71,71,71,71,71,71,71,71,71,71,71,71,71,71,76,76,76,76,76,76,76,72,72,72,72,72,72,72,72,72,72,72,72,72],"card_choices":[{"not_picked":["Cold Snap","Sweeping Beam"],"picked":"Sunder","floor":1.0},{"not_picked":["Streamline","Storm"],"picked":"Conserve Battery","floor":2.0},{"not_picked":["Conserve Battery","Amplify","Turbo"],"picked":"SKIP","floor":5.0},{"not_picked":["Ball Lightning","Turbo"],"picked":"Buffer","floor":7.0},{"not_picked":["Sweeping Beam","Steam"],"picked":"Leap","floor":10.0},{"not_picked":["White Noise","Static Discharge"],"picked":"Ball Lightning","floor":12.0},{"not_picked":["Double Energy","Static Discharge"],"picked":"FTL","floor":14.0},{"not_picked":["Core Surge","Reboot"],"picked":"Creative AI","floor":16.0},{"not_picked":["Compile Driver","Hologram"],"picked":"Skim","floor":18.0},{"not_picked":["Hello World","Streamline"],"picked":"Defragment+1","floor":20.0},{"not_picked":["Ball Lightning","Tempest"],"picked":"Turbo+1","floor":27.0},{"not_picked":["Turbo+1","Beam Cell"],"picked":"Chill","floor":31.0},{"not_picked":["Seek","All For One"],"picked":"Creative AI","floor":33.0},{"not_picked":["Sweeping Beam","Lockon"],"picked":"Reinforced Body","floor":35.0},{"not_picked":["Fusion","Tempest"],"picked":"Glacier","floor":36.0},{"not_picked":["Scrape+1","White Noise","Turbo"],"picked":"SKIP","floor":38.0},{"not_picked":["Conserve Battery","Double Energy","Ball Lightning"],"picked":"SKIP","floor":39.0},{"not_picked":["Turbo","Undo","Leap"],"picked":"SKIP","floor":41.0},{"not_picked":["Beam Cell","Loop+1"],"picked":"Defragment","floor":42},{"not_picked":["Go for the Eyes","Turbo"],"picked":"Aggregate+1","floor":48},{"not_picked":["Sweeping Beam","Redo"],"picked":"Fusion+1","floor":55}],"player_experience":1381314,"relics_obtained":[{"floor":3.0,"key":"Emotion Chip"},{"floor":7.0,"key":"War Paint"},{"floor":9.0,"key":"Blue Candle"},{"floor":10.0,"key":"Juzu Bracelet"},{"floor":12.0,"key":"Odd Mushroom"},{"floor":26.0,"key":"Eternal Feather"},{"floor":28.0,"key":"Nilry\u0027s Codex"},{"floor":41.0,"key":"Ginger"},{"floor":46,"key":"Lizard Tail"},{"floor":55,"key":"Oddly Smooth Stone"}],"event_choices":[{"damage_healed":0.0,"max_hp_gain":0.0,"max_hp_loss":0.0,"gold_gain":275.0,"event_name":"Golden Shrine","player_choice":"Desecrate","floor":4.0,"gold_loss":0.0,"damage_taken":0.0,"cards_obtained":["Regret"]},{"damage_healed":0.0,"max_hp_gain":0.0,"max_hp_loss":0.0,"gold_gain":0.0,"event_name":"Mushrooms","player_choice":"Fought Mushrooms","floor":12.0,"gold_loss":0.0,"damage_taken":0.0},{"damage_healed":0.0,"max_hp_gain":0.0,"max_hp_loss":0.0,"gold_gain":0.0,"event_name":"The Woman in Blue","player_choice":"Bought 2 Potions","floor":19.0,"gold_loss":0.0,"damage_taken":0.0},{"damage_healed":0.0,"max_hp_gain":0.0,"max_hp_loss":0.0,"gold_gain":0.0,"event_name":"Vampires","player_choice":"Ignored","floor":21.0,"gold_loss":0.0,"damage_taken":0.0},{"damage_healed":0.0,"max_hp_gain":0.0,"max_hp_loss":0.0,"gold_gain":275.0,"event_name":"Golden Shrine","player_choice":"Desecrate","floor":22.0,"gold_loss":0.0,"damage_taken":0.0,"cards_obtained":["Regret"]},{"damage_healed":0.0,"max_hp_gain":0.0,"max_hp_loss":0.0,"gold_gain":0.0,"event_name":"Ghosts","player_choice":"Ignored","floor":25.0,"gold_loss":0.0,"damage_taken":0.0},{"damage_healed":0.0,"max_hp_gain":0.0,"max_hp_loss":0.0,"gold_gain":0.0,"event_name":"Cursed Tome","player_choice":"Obtained Book","floor":28.0,"gold_loss":0.0,"damage_taken":21.0},{"damage_healed":0.0,"max_hp_gain":0.0,"max_hp_loss":0.0,"gold_gain":0.0,"event_name":"The Mausoleum","player_choice":"Ignored","floor":30.0,"gold_loss":0.0,"damage_taken":0.0},{"damage_healed":0.0,"max_hp_gain":0.0,"max_hp_loss":0.0,"gold_gain":0.0,"event_name":"Upgrade Shrine","player_choice":"Upgraded","floor":37.0,"gold_loss":0.0,"damage_taken":0.0,"cards_upgraded":["Creative AI"]},{"damage_healed":0,"gold_gain":0,"player_choice":"Max HP","damage_taken":0,"max_hp_gain":0,"max_hp_loss":4,"event_name":"Winding Halls","floor":45,"gold_loss":0},{"damage_healed":0,"gold_gain":0,"player_choice":"Fight","damage_taken":0,"max_hp_gain":0,"max_hp_loss":0,"event_name":"MindBloom","floor":46,"gold_loss":0},{"cards_removed":["Conserve Battery"],"damage_healed":0,"gold_gain":0,"player_choice":"Removed Skill","damage_taken":0,"max_hp_gain":0,"max_hp_loss":0,"event_name":"Falling","floor":47,"gold_loss":0}],"is_beta":false,"boss_relics":[{"not_picked":["Philosopher\u0027s Stone","Fusion Hammer"],"picked":"Cursed Key"},{"not_picked":["Runic Pyramid","Black Star"],"picked":"FrozenCore"}],"items_purged_floors":[13,24],"is_endless":false,"potions_floor_spawned":[1,2,12,14,27,39,41,42,48],"killed_by":"The Heart","ascension_level":20}}