{"host":"cr892wvdvh6p7gzy","time":1609634608,"event":{"mods":["A Magickal Journey","BaseMod","Dio Mod","GifTheSpireLib","Minty Spire (QoL Compilation)","READ ME - Guardian Mod","SOS???????","StSLib","The Bug Knight","The Necromancer","The Servant 0.9.4","???Mod??????Boss"],"gold_per_floor":[130,142,168,195,220,232,263,275,360,372,232,232,243,243,243,344,344,358,370,370,389,389,389,414,87,87,87,87,102,102,122,122,217,217,229,229,229,242,257,257,257,275,300,300,314,314,314],"floor_reached":46,"playtime":2463,"items_purged":[],"score":500,"play_id":"d0184f68-6b48-47bb-91cd-e166806db16b","local_time":"20210103014328","is_ascension_mode":true,"campfire_choices":[{"data":"Bash","floor":6,"key":"SMITH"},{"data":"Flex","floor":8,"key":"SMITH"},{"data":"Heavy Blade","floor":10,"key":"SMITH"},{"data":"Spot Weakness","floor":15,"key":"SMITH"},{"floor":23,"key":"REST"},{"data":"Berserk","floor":28,"key":"SMITH"},{"floor":30,"key":"REST"},{"floor":32,"key":"REST"},{"floor":40,"key":"REST"},{"floor":44,"key":"REST"}],"circlet_count":0,"master_deck":["Strike_R+1","Strike_R+1","Strike_R+1","Strike_R+1","Strike_R+1","Defend_R+1","Defend_R+1","Defend_R+1","Defend_R+1","Bash+1","Heavy Blade+1","Flex+1","Spot Weakness+1","Berserk+1","Heavy Blade+1","Flex","Immolate","Flex+1","CurseOfTheBell"],"relics":["Black Blood","MawBank","Sundial","Lee\u0027s Waffle","CaptainsWheel","MealTicket","DollysMirror","Frozen Egg 2","Calling Bell","Orichalcum","Mummified Hand","Mango","Lantern"],"acts_visited":["Exordium","TheCity","TheBeyond"],"potions_floor_usage":[7,19,24,31,38,38],"damage_taken":[{"damage":6,"enemies":"2 Louse","floor":1,"turns":3},{"damage":6,"enemies":"Cultist","floor":3,"turns":4},{"damage":0,"enemies":"Small Slimes","floor":4,"turns":3},{"damage":32,"enemies":"Exordium Thugs","floor":5,"turns":5},{"damage":25,"enemies":"Red Slaver","floor":7,"turns":5},{"damage":2,"enemies":"2 Fungi Beasts","floor":13,"turns":3},{"damage":46,"enemies":"Slime Boss","floor":16,"turns":8},{"damage":7,"enemies":"Chosen","floor":18,"turns":4},{"damage":16,"enemies":"3 Byrds","floor":19,"turns":5},{"damage":35,"enemies":"Centurion and Healer","floor":21,"turns":4},{"damage":78,"enemies":"Slavers","floor":24,"turns":6},{"damage":14,"enemies":"Snake Plant","floor":29,"turns":4},{"damage":16,"enemies":"3 Cultists","floor":31,"turns":5},{"damage":53,"enemies":"Collector","floor":33,"turns":7},{"damage":9,"enemies":"Orb Walker","floor":35,"turns":3},{"damage":23,"enemies":"3 Darklings","floor":38,"turns":5},{"damage":42,"enemies":"Sphere and 2 Shapes","floor":39,"turns":4},{"damage":41,"enemies":"3 Darklings","floor":42,"turns":4},{"damage":38,"enemies":"Maw","floor":45,"turns":7},{"damage":29,"enemies":"Jaw Worm Horde","floor":46,"turns":4}],"seed_played":"-4981098907914994340","potions_obtained":[{"floor":5,"key":"PowerPotion"},{"floor":7,"key":"Ancient Potion"},{"floor":13,"key":"SpeedPotion"},{"floor":21,"key":"Fire Potion"},{"floor":29,"key":"Dexterity Potion"},{"floor":33,"key":"ColorlessPotion"},{"floor":35,"key":"Fire Potion"},{"floor":45,"key":"BlessingOfTheForge"}],"is_trial":false,"path_per_floor":["M","?","M","M","M","R","M","R","T","R","$","?","M","$","R","B",null,"M","M","?","M","?","R","E","$","T","?","R","M","R","M","R","B",null,"M","?","?","M","M","R","?","M","T","R","M","M"],"character_chosen":"IRONCLAD","items_purchased":["Lee\u0027s Waffle","Flex","Immolate","DollysMirror"],"campfire_rested":5,"item_purchase_floors":[11,25,25,25],"current_hp_per_floor":[80,80,80,80,54,54,35,35,35,35,87,87,87,87,87,47,87,87,83,83,60,60,86,20,35,35,35,35,33,59,55,81,40,101,101,96,96,85,55,83,83,54,54,82,56,27,27],"gold":314,"neow_bonus":"RANDOM_COMMON_RELIC","is_daily":false,"chose_seed":false,"campfire_upgraded":5,"win_rate":0.0,"timestamp":1609634608,"path_taken":["M","?","M","M","M","R","?","R","T","R","$","?","M","?","R","BOSS","M","M","?","M","?","R","E","$","T","?","R","M","R","?","R","BOSS","M","?","?","M","?","R","?","M","T","R","M","M"],"items_purchased_type":["Relic","Card","Card","Relic"],"build_version":"2020-12-22","purchased_purges":0,"victory":false,"max_hp_per_floor":[80,80,80,80,80,80,80,80,80,80,87,87,87,87,87,87,87,87,87,87,87,87,87,87,87,87,87,87,87,87,87,87,87,101,101,96,96,96,96,96,96,96,96,96,96,96,96],"card_choices":[{"not_picked":["Warcry","Infernal Blade"],"picked":"Cleave","floor":1},{"not_picked":["Searing Blow","Inflame"],"picked":"Heavy Blade","floor":3},{"not_picked":["Burning Pact","Clash","Pummel"],"picked":"SKIP","floor":4},{"not_picked":["Burning Pact","Seeing Red","Twin Strike"],"picked":"SKIP","floor":5},{"not_picked":["Evolve","Rupture"],"picked":"Flex","floor":7},{"not_picked":["Sword Boomerang","Wild Strike"],"picked":"Spot Weakness","floor":13},{"not_picked":["Fiend Fire","Exhume"],"picked":"Berserk","floor":16},{"not_picked":["Clash","Body Slam","Shockwave"],"picked":"SKIP","floor":18},{"not_picked":["Combust","Warcry"],"picked":"Heavy Blade+1","floor":19},{"not_picked":["Seeing Red","Hemokinesis","Iron Wave"],"picked":"SKIP","floor":21},{"not_picked":["Clothesline","Infernal Blade","Second Wind"],"picked":"SKIP","floor":24},{"not_picked":["Shockwave+1","Intimidate","Pommel Strike"],"picked":"SKIP","floor":29},{"not_picked":["Reckless Charge","Flex","Feel No Pain+1"],"picked":"SKIP","floor":31},{"not_picked":["Body Slam","Disarm","Reckless Charge+1"],"picked":"SKIP","floor":35},{"not_picked":["Twin Strike","Rampage","Sword Boomerang+1"],"picked":"SKIP","floor":38},{"not_picked":["Thunderclap","Fire Breathing+1","Burning Pact"],"picked":"SKIP","floor":39},{"not_picked":["Juggernaut+1","Clothesline","Shrug It Off"],"picked":"SKIP","floor":42},{"not_picked":["Sword Boomerang+1","Thunderclap+1","Heavy Blade"],"picked":"SKIP","floor":45}],"player_experience":435912,"relics_obtained":[{"floor":9,"key":"Sundial"},{"floor":24,"key":"MealTicket"},{"floor":26,"key":"Frozen Egg 2"},{"floor":34,"key":"Orichalcum"},{"floor":34,"key":"Mummified Hand"},{"floor":34,"key":"Mango"},{"floor":43,"key":"Lantern"}],"event_choices":[{"damage_healed":0,"gold_gain":0,"player_choice":"Leave","damage_taken":0,"max_hp_gain":0,"max_hp_loss":0,"event_name":"FaceTrader","floor":2,"gold_loss":0},{"damage_healed":0,"gold_gain":0,"player_choice":"Gave Potion","damage_taken":0,"relics_obtained":["CaptainsWheel"],"max_hp_gain":0,"max_hp_loss":0,"event_name":"WeMeetAgain","floor":12,"gold_loss":0},{"damage_healed":0,"gold_gain":0,"player_choice":"Ignored","damage_taken":0,"max_hp_gain":0,"max_hp_loss":0,"event_name":"Beggar","floor":20,"gold_loss":0},{"damage_healed":0,"gold_gain":0,"player_choice":"Ignored","damage_taken":0,"max_hp_gain":0,"max_hp_loss":0,"event_name":"Vampires","floor":22,"gold_loss":0},{"damage_healed":0,"gold_gain":0,"player_choice":"Simplicity","damage_taken":0,"max_hp_gain":0,"max_hp_loss":0,"event_name":"Back to Basics","floor":27,"gold_loss":0,"cards_upgraded":["Strike_R","Strike_R","Strike_R","Strike_R","Strike_R","Defend_R","Defend_R","Defend_R","Defend_R"]},{"damage_healed":0,"gold_gain":0,"player_choice":"Max HP","damage_taken":0,"max_hp_gain":0,"max_hp_loss":5,"event_name":"Winding Halls","floor":36,"gold_loss":0},{"cards_removed":["Cleave"],"damage_healed":5,"gold_gain":0,"player_choice":"Offered Common","damage_taken":0,"max_hp_gain":0,"max_hp_loss":0,"event_name":"Bonfire Elementals","floor":37,"gold_loss":0},{"cards_removed":["Cleave"],"damage_healed":5,"gold_gain":0,"player_choice":"Offered Special","damage_taken":0,"max_hp_gain":0,"max_hp_loss":0,"event_name":"Bonfire Elementals","floor":37,"gold_loss":0},{"damage_healed":0,"gold_gain":0,"player_choice":"Ignored","damage_taken":0,"max_hp_gain":0,"max_hp_loss":0,"event_name":"Mysterious Sphere","floor":41,"gold_loss":0}],"is_beta":false,"boss_relics":[{"not_picked":["Empty Cage","Mark of Pain"],"picked":"Black Blood"},{"not_picked":["Runic Pyramid","Coffee Dripper"],"picked":"Calling Bell"}],"items_purged_floors":[],"is_endless":false,"potions_floor_spawned":[5,7,13,21,29,33,35,45],"killed_by":"Jaw Worm Horde","ascension_level":2}}