{"host":"wonp23fsqqcu31ie","time":1609635445,"event":{"mods":["2.2 Compatiblity","AchievementEnabler","Aspiration","BaseMod","Bestiary","Better Altar","Better Match","Better Sensory Stone","Better Skull","Better Third Choice","BetterRewards","Block Reminder","Colored Map","Colored Powertips","Conspire","Curses Come First","DeckTracker","Displayed Cursed Tome","Downfall","Hermit","Highlight Path","Hubris","Marisa????????","Minty Spire (QoL Compilation)","Permanent Neow","Quick Restart","Rare Cards Sparkle","Relic Stats","Replay The Spire","Robot Space Explorer","Shade Mod","Shop Mod","StSLib","SuperFastMode","The Animator","The Cursed","The Gatherer","The Marked","The Necromancer","The Runesmith","The Servant 0.9.4"],"gold_per_floor":[118,118,118,118,129,161,180,192,264,293,313,347,376,148,148,303,303,358,224,224,224,224,273,273,429,429,453,516,516,322,362,362,461,461,478,478,504,703,703,703,762,798,798,798,798,798],"floor_reached":45,"playtime":1625,"items_purged":[],"score":641,"play_id":"47de51bc-a49f-44b1-bb19-f5d2edb1116a","local_time":"20210103115725","is_ascension_mode":true,"campfire_choices":[{"floor":15,"key":"RECALL"},{"data":"RitualDagger","floor":24,"key":"SMITH"},{"floor":32,"key":"REST"},{"floor":40,"key":"REST"}],"circlet_count":0,"master_deck":["UnstableBomb","Strike_MRS","Strike_MRS","Strike_MRS","Strike_MRS","Defend_MRS","Defend_MRS","Defend_MRS","Defend_MRS","MasterSpark","UpSweep","MachineGunSpark+1","DC","ChargeUpSpray","MagicAbsorber","6A","Parasite","Parasite","GrandCross","Robbery","NonDirectionalLaser","EarthLightRay","WitchOfGreed","ManaRampage","PropBag","MachineGunSpark+1","RitualDagger+1","ShootingEcho","PulseMagic","RefractionSpark","PropBag","MaximisePower","JA","DeepEcoloBomb+1","GalacticHalo","Writhe","MagicAbsorber+1","expansioncontent:BronzeBeam","Panache"],"relics":["MiniHakkero","hubris:Icosahedron","Pantograph","conspire:SpecialSausage","ShroomBag","Juzu Bracelet","MerchantsRug","Ring of Chaos","Anchor","ReplayTheSpireMod:TigerMarble","Oddly Smooth Stone","ReplayFunnel","Replay:Wax Seal","DollysMirror","Toy Ornithopter","conspire:SlowCooker","FossilizedHelix","Kunai","Blue Candle"],"acts_visited":["Exordium","TheCity","TheBeyond"],"potions_floor_usage":[5,10,16,16,33,33,33,33,41,42,42,45],"damage_taken":[{"damage":1,"enemies":"Cultist","floor":1,"turns":3},{"damage":0,"enemies":"Small Slimes","floor":5,"turns":2},{"damage":15,"enemies":"Gremlin Nob","floor":6,"turns":4},{"damage":0,"enemies":"2 Louse","floor":7,"turns":1},{"damage":11,"enemies":"Lots of Slimes","floor":8,"turns":3},{"damage":5,"enemies":"Lagavulin","floor":10,"turns":4},{"damage":1,"enemies":"Gremlin Gang","floor":11,"turns":3},{"damage":9,"enemies":"Replay:BlueRogue","floor":12,"turns":3},{"damage":6,"enemies":"Looter","floor":13,"turns":2},{"damage":37,"enemies":"Fading Forest","floor":16,"turns":11},{"damage":2,"enemies":"conspire:FuzzyDice","floor":18,"turns":4},{"damage":12,"enemies":"Replay:Snechameleon","floor":23,"turns":5},{"damage":51,"enemies":"Slavers","floor":25,"turns":5},{"damage":7,"enemies":"3 Byrds","floor":27,"turns":4},{"damage":15,"enemies":"Replay:Snechameleon","floor":28,"turns":6},{"damage":15,"enemies":"conspire:SneckoGhost","floor":31,"turns":4},{"damage":37,"enemies":"Champ","floor":33,"turns":6},{"damage":44,"enemies":"3 Shapes","floor":35,"turns":5},{"damage":15,"enemies":"Orb Walker","floor":37,"turns":3},{"damage":49,"enemies":"Reptomancer","floor":41,"turns":5},{"damage":12,"enemies":"Writhing Mass","floor":42,"turns":5},{"damage":52,"enemies":"Giant Head","floor":45,"turns":6}],"seed_played":"-6127530210656589380","potions_obtained":[{"floor":1,"key":"Explosive Potion"},{"floor":6,"key":"PowerPotion"},{"floor":7,"key":"champ:CounterPotion"},{"floor":8,"key":"BlessingOfTheForge"},{"floor":23,"key":"SteroidPotion"},{"floor":25,"key":"BlessingOfTheForge"},{"floor":25,"key":"SpeedPotion"},{"floor":27,"key":"BottledSpark"},{"floor":28,"key":"Adrenaline Potion"},{"floor":28,"key":"Fire Potion"},{"floor":37,"key":"StarNLove"},{"floor":37,"key":"ColorlessPotion"},{"floor":41,"key":"FearPotion"}],"is_trial":false,"path_per_floor":["M","?","?","?","M","E","M","M","T","E","M","E","M","$","R","B",null,"M","$","?","?","?","E","R","E","T","M","E","?","$","E","R","B",null,"M","?","M","?","?","R","E","M","T","?","E"],"character_chosen":"MARISA","items_purchased":["MerchantsRug","Lee\u0027s Waffle","WitchOfGreed","Anchor","Replay:Wax Seal","DollysMirror"],"campfire_rested":2,"item_purchase_floors":[14,14,14,19,30,30],"current_hp_per_floor":[81,81,81,81,81,66,66,55,55,50,53,48,46,89,89,66,89,89,89,89,83,83,79,79,34,34,31,24,33,33,22,48,62,89,45,45,38,3,25,51,11,11,11,11,0,0],"gold":798,"neow_bonus":"RANDOM_COMMON_RELIC","is_daily":false,"chose_seed":false,"campfire_upgraded":1,"win_rate":0.0,"timestamp":1609635445,"path_taken":["M","?","?","?","M","E","M","M","T","E","M","E","M","$","R","BOSS","M","$","?","?","?","E","R","E","T","M","E","?","?","E","R","BOSS","M","?","M","?","?","R","E","M","T","?","E"],"items_purchased_type":["Relic","Relic","Card","Relic","Relic","Relic"],"build_version":"2020-12-22","purchased_purges":0,"victory":false,"max_hp_per_floor":[82,82,82,82,82,82,82,82,82,82,82,82,82,89,89,89,89,89,89,89,89,89,89,89,89,89,89,89,89,89,89,89,89,89,89,89,89,89,89,89,89,89,89,89,89,89],"relic_stats":{"counters":[23,95],"Pantograph":25,"Blue Candle":[5],"Juzu Bracelet":3,"Kunai":[5],"obtain_stats":[{"ReplayFunnel":28,"AmplifyWand":33,"Gremlin Horn":42,"conspire:SpecialSausage":9,"Juzu Bracelet":12,"hubris:Icosahedron":3,"Replay:M_SmolderingBlood":0,"Sundial":28,"DollysMirror":30,"Strawberry":0,"Pantograph":6,"Kunai":45,"Replay:Wax Seal":30,"Potion Belt":23,"MerchantsRug":14,"Lee\u0027s Waffle":14,"aspiration:Nostalgia":0,"Blue Candle":23,"Oddly Smooth Stone":26,"Ring of Chaos":17,"conspire:SlowCooker":34,"aspiration:SeaSaltIceCream":9,"Letter Opener":35,"ShroomBag":10,"Anchor":19,"Ornamental Fan":25,"ReplayTheSpireMod:TigerMarble":25,"MiniHakkero":0,"Toy Ornithopter":31,"FossilizedHelix":41},{"ReplayFunnel":16,"AmplifyWand":18,"Gremlin Horn":22,"conspire:SpecialSausage":6,"Juzu Bracelet":9,"hubris:Icosahedron":2,"Replay:M_SmolderingBlood":0,"Sundial":16,"DollysMirror":16,"Strawberry":1,"Pantograph":4,"Kunai":23,"Replay:Wax Seal":16,"Potion Belt":13,"MerchantsRug":10,"Lee\u0027s Waffle":10,"aspiration:Nostalgia":0,"Blue Candle":13,"Oddly Smooth Stone":14,"Ring of Chaos":11,"conspire:SlowCooker":18,"aspiration:SeaSaltIceCream":6,"Letter Opener":19,"ShroomBag":7,"Anchor":12,"Ornamental Fan":14,"ReplayTheSpireMod:TigerMarble":14,"MiniHakkero":0,"Toy Ornithopter":17,"FossilizedHelix":21},{"ReplayFunnel":61,"AmplifyWand":68,"Gremlin Horn":87,"conspire:SpecialSausage":14,"Juzu Bracelet":24,"hubris:Icosahedron":4,"Replay:M_SmolderingBlood":0,"Sundial":57,"DollysMirror":61,"Strawberry":1,"Pantograph":10,"Kunai":90,"Replay:Wax Seal":61,"Potion Belt":46,"MerchantsRug":26,"Lee\u0027s Waffle":26,"aspiration:Nostalgia":0,"Blue Candle":43,"Oddly Smooth Stone":51,"Ring of Chaos":37,"conspire:SlowCooker":71,"aspiration:SeaSaltIceCream":14,"Letter Opener":76,"ShroomBag":18,"Anchor":41,"Ornamental Fan":48,"ReplayTheSpireMod:TigerMarble":51,"MiniHakkero":0,"Toy Ornithopter":65,"FossilizedHelix":84}],"Toy Ornithopter":40},"card_choices":[{"not_picked":["ChargeUpSpray","DarkMatter"],"picked":"MachineGunSpark","floor":1},{"not_picked":["AsteroidBelt","WitchLeyline"],"picked":"DC","floor":5},{"not_picked":["UnstableBomb","ManaConvection"],"picked":"ChargeUpSpray","floor":6},{"not_picked":["ShootingEcho","DC"],"picked":"MagicAbsorber","floor":7},{"not_picked":["OrrerysSun","GravityBeat"],"picked":"6A","floor":8},{"not_picked":["OpenUniverse","SuperNova"],"picked":"GrandCross","floor":10},{"not_picked":["PowerUp","DC"],"picked":"Robbery","floor":11},{"not_picked":["EnergyFlow","WitchOfGreed"],"picked":"NonDirectionalLaser","floor":12},{"not_picked":["WitchLeyline","ShootingEcho"],"picked":"EarthLightRay","floor":13},{"not_picked":["StarDustReverie","BlazingStar"],"picked":"ManaRampage","floor":16},{"not_picked":["OrrerysSun","SporeBomb"],"picked":"PropBag","floor":18},{"not_picked":["GasGiant","MeteoricShower"],"picked":"ShootingEcho","floor":23},{"not_picked":["LuminesStrike","DC"],"picked":"PulseMagic","floor":25},{"not_picked":["ShootingEcho","DC"],"picked":"RefractionSpark","floor":27},{"not_picked":["PowerUp","SuperNova","DarkSpark+1"],"picked":"SKIP","floor":28},{"not_picked":["IllusionStar","NonDirectionalLaser"],"picked":"MaximisePower","floor":31},{"not_picked":["AbsoluteMagnitude","BlazingStar"],"picked":"JA","floor":33},{"not_picked":["PulseMagic","EventHorizon+1"],"picked":"DeepEcoloBomb+1","floor":35},{"not_picked":["IllusionStar","DarkMatter+1"],"picked":"GalacticHalo","floor":37},{"not_picked":["SporeBomb","WitchOfGreed","AsteroidBelt"],"picked":"SKIP","floor":41},{"not_picked":["SporeBomb","UnstableBomb"],"picked":"MagicAbsorber+1","floor":42},{"not_picked":["expansioncontent:CaCaw","ReplayTheSpireMod:Trickstab"],"picked":"expansioncontent:BronzeBeam","floor":44},{"not_picked":["Replay:Parry","expansioncontent:StudyTheSpire"],"picked":"Panache","floor":44}],"player_experience":439247,"relics_obtained":[{"floor":6,"key":"Pantograph"},{"floor":9,"key":"aspiration:SeaSaltIceCream"},{"floor":10,"key":"ShroomBag"},{"floor":12,"key":"Juzu Bracelet"},{"floor":23,"key":"Potion Belt"},{"floor":25,"key":"ReplayTheSpireMod:TigerMarble"},{"floor":26,"key":"Oddly Smooth Stone"},{"floor":28,"key":"ReplayFunnel"},{"floor":31,"key":"Toy Ornithopter"},{"floor":41,"key":"FossilizedHelix"}],"event_choices":[{"damage_healed":0,"gold_gain":0,"player_choice":"Leave","damage_taken":0,"max_hp_gain":0,"max_hp_loss":0,"event_name":"The Cleric","floor":2,"gold_loss":0},{"damage_healed":0,"gold_gain":0,"player_choice":"Upgraded","damage_taken":0,"max_hp_gain":0,"max_hp_loss":0,"event_name":"Upgrade Shrine","floor":4,"gold_loss":0,"cards_upgraded":["MachineGunSpark"]},{"damage_healed":0,"gold_gain":0,"player_choice":"Copied","damage_taken":0,"max_hp_gain":0,"max_hp_loss":0,"event_name":"Duplicator","floor":20,"gold_loss":0,"cards_obtained":["MachineGunSpark"]},{"damage_healed":0,"gold_gain":0,"player_choice":"Dagger","damage_taken":6,"max_hp_gain":0,"max_hp_loss":0,"event_name":"betterThird:BetterNest","floor":21,"gold_loss":0,"cards_obtained":["RitualDagger"]},{"damage_healed":0,"gold_gain":0,"player_choice":"Ignored","damage_taken":0,"max_hp_gain":0,"max_hp_loss":0,"event_name":"Transmorgrifier","floor":36,"gold_loss":0},{"damage_healed":22,"gold_gain":0,"player_choice":"Writhe","damage_taken":0,"max_hp_gain":0,"max_hp_loss":0,"event_name":"Winding Halls","floor":39,"gold_loss":0,"cards_obtained":["Writhe"]},{"damage_healed":0,"gold_gain":3,"player_choice":"1","damage_taken":0,"max_hp_gain":0,"max_hp_loss":0,"event_name":"betterStone:BetterStone","floor":44,"gold_loss":0}],"is_beta":false,"boss_relics":[{"not_picked":["Pandora\u0027s Box","aspiration:FutureDiary"],"picked":"Ring of Chaos"},{"not_picked":["conspire:RunicOctahedron","hubris:TerracottaHorce"],"picked":"conspire:SlowCooker"}],"items_purged_floors":[],"is_endless":false,"potions_floor_spawned":[1,6,7,8,25,27,28,37],"killed_by":"Giant Head","ascension_level":2}}