{"host":"jpzdg3po3tjxdjri","time":1609695117,"event":{"mods":["BaseMod","Better Third Choice","Colored Map","Colored Powertips","Minty Spire (QoL Compilation)","StSLib"],"gold_per_floor":[119,119,132,150,72,72,107,124,150,170,170,188,218,234,234,308,308,325,340,12,12,12,39,39,57,57,57,92,92,17,30,30,30,30],"floor_reached":33,"playtime":1101,"items_purged":["Normality"],"score":530,"play_id":"0b12e7e8-75fd-48b1-be58-8c9b3ecf76cb","local_time":"20210103173157","is_ascension_mode":true,"campfire_choices":[{"data":"Rampage","floor":6,"key":"SMITH"},{"floor":11,"key":"REST"},{"data":"Perfected Strike","floor":15,"key":"SMITH"},{"data":"Perfected Strike","floor":24,"key":"SMITH"},{"floor":29,"key":"REST"},{"data":"Perfected Strike","floor":32,"key":"SMITH"}],"circlet_count":0,"master_deck":["AscendersBane","Strike_R","Strike_R","Strike_R","Strike_R","Strike_R","Defend_R","Defend_R+1","Defend_R","Defend_R","Bash+1","Pummel","Perfected Strike","Flex","Rampage+1","Cleave","Perfected Strike+1","Cleave","Rampage","Clothesline","Perfected Strike+1","Sword Boomerang","Immolate","Flame Barrier","Perfected Strike","Perfected Strike+1","Hemokinesis","Twin Strike","Shame","Inflame","Inflame"],"relics":["Burning Blood","Toy Ornithopter","Dream Catcher","Centennial Puzzle","Cursed Key","Ancient Tea Set","Medical Kit","MutagenicStrength","Vajra","Gremlin Horn","Self Forming Clay","Omamori"],"acts_visited":["Exordium","TheCity"],"potions_floor_usage":[7,13,16,16,23,28,33],"damage_taken":[{"damage":12,"enemies":"2 Louse","floor":1,"turns":4},{"damage":0,"enemies":"Small Slimes","floor":3,"turns":3},{"damage":2,"enemies":"Jaw Worm","floor":4,"turns":3},{"damage":27,"enemies":"Lagavulin","floor":7,"turns":5},{"damage":7,"enemies":"2 Fungi Beasts","floor":8,"turns":3},{"damage":0,"enemies":"Large Slime","floor":10,"turns":4},{"damage":5,"enemies":"Exordium Wildlife","floor":12,"turns":3},{"damage":16,"enemies":"Gremlin Nob","floor":13,"turns":3},{"damage":17,"enemies":"Looter","floor":14,"turns":3},{"damage":53,"enemies":"The Guardian","floor":16,"turns":9},{"damage":5,"enemies":"3 Byrds","floor":18,"turns":4},{"damage":17,"enemies":"2 Thieves","floor":19,"turns":3},{"damage":25,"enemies":"Slavers","floor":23,"turns":4},{"damage":0,"enemies":"Snake Plant","floor":25,"turns":2},{"damage":36,"enemies":"Book of Stabbing","floor":28,"turns":4},{"damage":9,"enemies":"Centurion and Healer","floor":31,"turns":3},{"damage":87,"enemies":"Automaton","floor":33,"turns":6}],"seed_played":"-4973433270080672776","potions_obtained":[{"floor":1,"key":"Strength Potion"},{"floor":3,"key":"Fire Potion"},{"floor":12,"key":"FearPotion"},{"floor":13,"key":"Strength Potion"},{"floor":19,"key":"Energy Potion"},{"floor":23,"key":"Fire Potion"},{"floor":25,"key":"Strength Potion"}],"is_trial":false,"path_per_floor":["M","?","M","M","$","R","E","M","T","M","R","M","E","M","R","B",null,"M","M","$","?","?","E","R","M","T","T","E","R","$","M","R","B"],"character_chosen":"IRONCLAD","items_purchased":["Rampage","Perfected Strike","Ancient Tea Set","Medical Kit"],"campfire_rested":2,"item_purchase_floors":[5,20,20,20],"current_hp_per_floor":[69,53,59,63,63,63,42,41,41,47,71,72,67,56,56,19,66,67,56,56,56,56,42,42,48,48,48,23,47,47,44,44,0,0],"gold":30,"neow_bonus":"TEN_PERCENT_HP_BONUS","is_daily":false,"chose_seed":false,"campfire_upgraded":4,"win_rate":0.0,"timestamp":1609695117,"path_taken":["M","?","M","M","$","R","E","M","T","M","R","M","E","M","R","BOSS","M","M","$","?","?","E","R","M","T","?","E","R","$","M","R","BOSS"],"items_purchased_type":["Card","Card","Relic","Relic"],"build_version":"2020-12-22","purchased_purges":1,"victory":false,"max_hp_per_floor":[82,82,82,82,82,82,82,82,82,82,82,82,82,82,82,82,82,82,82,82,82,82,82,82,82,82,82,82,82,82,82,82,82,82],"card_choices":[{"not_picked":["Entrench","Feel No Pain"],"picked":"Pummel","floor":1},{"not_picked":["Second Wind","Thunderclap"],"picked":"Perfected Strike","floor":3},{"not_picked":["Heavy Blade","Berserk"],"picked":"Flex","floor":4},{"not_picked":["Searing Blow","Infernal Blade"],"picked":"Cleave","floor":7},{"not_picked":["Pommel Strike","True Grit"],"picked":"Perfected Strike","floor":8},{"not_picked":["True Grit","Rupture"],"picked":"Cleave","floor":10},{"not_picked":["Infernal Blade","Cleave"],"picked":"Rampage","floor":11},{"not_picked":["Body Slam","Clash"],"picked":"Clothesline","floor":12},{"not_picked":["Combust","Thunderclap"],"picked":"Perfected Strike","floor":13},{"not_picked":["Dark Embrace","Heavy Blade"],"picked":"Sword Boomerang","floor":14},{"not_picked":["Brutality","Fiend Fire"],"picked":"Immolate","floor":16},{"not_picked":["Body Slam","Carnage"],"picked":"Flame Barrier","floor":18},{"not_picked":["Flex","Body Slam"],"picked":"Perfected Strike","floor":19},{"not_picked":["Flex","Iron Wave"],"picked":"Hemokinesis","floor":23},{"not_picked":["Bloodletting","True Grit"],"picked":"Twin Strike","floor":25},{"not_picked":["Exhume","Warcry","Berserk"],"picked":"SKIP","floor":28},{"not_picked":["Sword Boomerang","Clash"],"picked":"Inflame","floor":29},{"not_picked":["Uppercut","Rage"],"picked":"Inflame","floor":31}],"player_experience":819952,"relics_obtained":[{"floor":7,"key":"Toy Ornithopter"},{"floor":9,"key":"Dream Catcher"},{"floor":13,"key":"Centennial Puzzle"},{"floor":23,"key":"Vajra"},{"floor":26,"key":"Gremlin Horn"},{"floor":27,"key":"Self Forming Clay"},{"floor":28,"key":"Omamori"}],"event_choices":[{"damage_healed":69,"gold_gain":0,"player_choice":"Upgrade","damage_taken":16,"max_hp_gain":0,"max_hp_loss":82,"event_name":"betterThird:BetterShining","floor":2,"gold_loss":0,"cards_upgraded":["Bash","Defend_R"]},{"damage_healed":0,"gold_gain":0,"player_choice":"Ignored","damage_taken":0,"max_hp_gain":0,"max_hp_loss":0,"event_name":"Vampires","floor":21,"gold_loss":0},{"damage_healed":0,"gold_gain":0,"player_choice":"Inject Mutagens","damage_taken":0,"relics_obtained":["MutagenicStrength"],"max_hp_gain":0,"max_hp_loss":0,"event_name":"Drug Dealer","floor":22,"gold_loss":0}],"is_beta":false,"boss_relics":[{"not_picked":["SlaversCollar","Busted Crown"],"picked":"Cursed Key"}],"items_purged_floors":[30],"is_endless":false,"potions_floor_spawned":[1,3,12,13,14,19,23,25],"killed_by":"Automaton","ascension_level":14}}