{"host":"w3q5ijqu8eoknil3","time":1609652142,"event":{"mods":["AchievementEnabler","BaseMod","Block Reminder","Colored Powertips","Minty Spire (QoL Compilation)","Quick Restart","Relic Stats","ojb\u0027s Better Paths Mod","ojb\u0027s Info Mod","slay the spire mod where everything is the same but ironclad has a cowboy hat"],"gold_per_floor":[112,112,112,122,141,171,171,202,202,14,14,14,14],"floor_reached":12,"playtime":357,"items_purged":[],"score":151,"play_id":"0d27eb48-7515-41b8-b95f-ed08b8100aea","local_time":"20210103053542","is_ascension_mode":true,"campfire_choices":[],"circlet_count":0,"master_deck":["AscendersBane","Strike_G","Strike_G","Strike_G","Defend_G","Defend_G","Defend_G","Defend_G","Defend_G","Survivor","Neutralize","Crippling Poison","PiercingWail","Poisoned Stab","Sucker Punch","Doppelganger","Backstab","Predator"],"relics":["Ring of the Snake","NeowsBlessing","Pear","StoneCalendar","Prayer Wheel","HandDrill"],"acts_visited":["Exordium"],"potions_floor_usage":[6],"damage_taken":[{"damage":0,"enemies":"2 Louse","floor":1,"turns":1},{"damage":0,"enemies":"Jaw Worm","floor":4,"turns":1},{"damage":0,"enemies":"Cultist","floor":5,"turns":1},{"damage":28,"enemies":"3 Sentries","floor":6,"turns":14},{"damage":33,"enemies":"Lagavulin","floor":8,"turns":7},{"damage":19,"enemies":"3 Sentries","floor":12,"turns":3}],"seed_played":"7965465677039846831","potions_obtained":[{"floor":1,"key":"Swift Potion"}],"is_trial":false,"path_per_floor":["M","?","?","M","M","E","?","E","T","$","?","E"],"character_chosen":"THE_SILENT","items_purchased":["HandDrill","Backstab"],"campfire_rested":0,"item_purchase_floors":[10,10],"current_hp_per_floor":[59,64,64,64,64,46,46,13,13,13,13,0,0],"gold":14,"neow_bonus":"THREE_ENEMY_KILL","is_daily":false,"chose_seed":false,"campfire_upgraded":0,"win_rate":0.0,"timestamp":1609652142,"path_taken":["M","?","?","M","?","E","?","E","T","$","?","E"],"items_purchased_type":["Relic","Card"],"build_version":"2020-12-22","purchased_purges":0,"victory":false,"max_hp_per_floor":[66,71,71,71,71,81,81,81,81,81,81,81,81],"relic_stats":{"counters":[6,27],"StoneCalendar":[0],"Prayer Wheel":0,"HandDrill":[0],"obtain_stats":[{"Pear":6,"NeowsBlessing":0,"StoneCalendar":8,"Prayer Wheel":9,"HandDrill":10,"Ring of the Snake":0},{"Pear":4,"NeowsBlessing":0,"StoneCalendar":5,"Prayer Wheel":5,"HandDrill":5,"Ring of the Snake":0},{"Pear":17,"NeowsBlessing":0,"StoneCalendar":24,"Prayer Wheel":24,"HandDrill":24,"Ring of the Snake":0}],"Ring of the Snake":[12]},"card_choices":[{"not_picked":["Slice","Underhanded Strike"],"picked":"Crippling Poison","floor":1},{"not_picked":["Prepared","Footwork"],"picked":"PiercingWail","floor":4},{"not_picked":["Cloak And Dagger","PiercingWail"],"picked":"Poisoned Stab","floor":5},{"not_picked":["Endless Agony","Infinite Blades"],"picked":"Sucker Punch","floor":6},{"not_picked":["Dagger Throw","Flying Knee"],"picked":"Doppelganger","floor":8}],"player_experience":978467,"relics_obtained":[{"floor":6,"key":"Pear"},{"floor":8,"key":"StoneCalendar"},{"floor":9,"key":"Prayer Wheel"}],"event_choices":[{"damage_healed":0,"gold_gain":0,"player_choice":"Donut","damage_taken":0,"max_hp_gain":5,"max_hp_loss":0,"event_name":"Big Fish","floor":2,"gold_loss":0},{"cards_removed":["Strike_G"],"damage_healed":0,"gold_gain":0,"player_choice":"Offered Basic","damage_taken":0,"max_hp_gain":0,"max_hp_loss":0,"event_name":"Bonfire Elementals","floor":3,"gold_loss":0},{"damage_healed":0,"gold_gain":0,"player_choice":"Ignored","damage_taken":0,"max_hp_gain":0,"max_hp_loss":0,"event_name":"Liars Game","floor":7,"gold_loss":0},{"damage_healed":0,"gold_gain":0,"cards_transformed":["Strike_G"],"player_choice":"Change","damage_taken":0,"max_hp_gain":0,"max_hp_loss":0,"event_name":"Living Wall","floor":11,"gold_loss":0,"cards_obtained":["Predator"]}],"is_beta":false,"boss_relics":[],"items_purged_floors":[],"is_endless":false,"potions_floor_spawned":[1],"killed_by":"3 Sentries","ascension_level":15}}