{"host":"ixqzyafodex1tsi5","time":1609677567,"event":{"mods":["ATMod(°¢èªMod)","AchievementEnabler","Act Like it!","BaseMod","Gensokyo","GifTheSpireLib","Lobotomy","LobotomyExtend","Luminous","Minty Spire (QoL Compilation)","Relic Stats","Replay The Spire","RumiaBox-Â¶Ã×æ«µÄÉñÃØºÐ×Ó","Shop Mod","Spicy Shops","StSLib","The Cursed","[IsaacMod]ÒÔÈö¼âËþ","¡¾¹¦ÄÜMod¡¿»ìãçÖ®»·ÐÞ¸´²¹¶¡","¡¾ÒÅÎï¿¨ÅÆ¡¿REMEMod"],"gold_per_floor":[115,115,13,13,29,29,29],"floor_reached":6,"playtime":150,"items_purged":[],"score":48,"play_id":"19c0ad5c-100e-4477-ad9d-b9f8724e84c4","local_time":"20210103203927","is_ascension_mode":true,"campfire_choices":[],"circlet_count":0,"master_deck":["Strike_B","Strike_B","Strike_B","Strike_B","Defend_B","Defend_B","Defend_B","Zap","Dualcast","Shame","Scrape"],"relics":["Cracked Core","REME_ComplimentaryCards","HushsDoor","AT_ATBox","CogitoBucket","GuppysPaw","LetterFromLob","PillsDrop"],"acts_visited":["Exordium"],"potions_floor_usage":[],"damage_taken":[{"damage":12,"enemies":"Small Slimes","floor":1,"turns":3},{"damage":10,"enemies":"2 Louse","floor":5,"turns":2},{"damage":54,"enemies":"3 Sentries","floor":6,"turns":4}],"seed_played":"-7193273677419928986","potions_obtained":[],"is_trial":false,"path_per_floor":["M","?","$","?","M","E"],"character_chosen":"DEFECT","items_purchased":["PillsDrop"],"campfire_rested":0,"item_purchase_floors":[3],"current_hp_per_floor":[56,56,56,56,46,0,0],"gold":29,"neow_bonus":"","is_daily":false,"chose_seed":false,"campfire_upgraded":0,"win_rate":0.0,"timestamp":1609677567,"path_taken":["M","?","?","?","M","E"],"items_purchased_type":["Relic"],"build_version":"2020-12-22","purchased_purges":0,"victory":false,"max_hp_per_floor":[75,75,75,75,75,75,75],"relic_stats":{"counters":[3,9],"obtain_stats":[{"KeepersGift":0,"CogitoBucket":0,"AT_ATBox":0,"GuppysPaw":1,"PillsDrop":3,"LetterFromLob":1,"Cracked Core":0,"HushsDoor":0,"REME_ComplimentaryCards":0},{"KeepersGift":0,"CogitoBucket":0,"AT_ATBox":0,"GuppysPaw":1,"PillsDrop":1,"LetterFromLob":1,"Cracked Core":0,"HushsDoor":0,"REME_ComplimentaryCards":0},{"KeepersGift":0,"CogitoBucket":0,"AT_ATBox":0,"GuppysPaw":2,"PillsDrop":3,"LetterFromLob":3,"Cracked Core":0,"HushsDoor":0,"REME_ComplimentaryCards":0}]},"card_choices":[{"not_picked":["SpiderBud","Scorched","Bloodbath"],"picked":"Singing Bowl","floor":1},{"not_picked":["Loop","AT_HeatAcrobatics","Beam Cell"],"picked":"SKIP","floor":1},{"not_picked":["MHz","Porccubus","GalaxyChild"],"picked":"Singing Bowl","floor":5},{"not_picked":["Distribution","Conserve Battery","Ball Lightning"],"picked":"SKIP","floor":5}],"player_experience":218203,"relics_obtained":[{"floor":1,"key":"LetterFromLob"}],"event_choices":[{"damage_healed":0,"gold_gain":0,"cards_transformed":["Defend_B"],"player_choice":"Transformed","damage_taken":0,"max_hp_gain":0,"max_hp_loss":0,"event_name":"Transmorgrifier","floor":4,"gold_loss":0,"cards_obtained":["Scrape"]}],"is_beta":false,"boss_relics":[],"items_purged_floors":[],"is_endless":false,"potions_floor_spawned":[],"killed_by":"3 Sentries","ascension_level":8}}