{"host":"15f3wpiimhe5yrng","time":1609640204,"event":{"mods":["2.2 Compatiblity","Arknights The Spire","BaseMod","Bestiary","Better Altar","Better Match","Better Note","Better Sensory Stone","Better Skull","Better Third Choice","Colored Map","Colored Powertips","Downfall","Evolution","Marisa????????","Minty Spire (QoL Compilation)","Permanent Neow","Relic Filter","SacredBarkPlus","Spicy Shops","StSLib","The Animator","The Caster","The Marked","The Poker Player","TheSwordswoman","??????REMEMod"],"gold_per_floor":[114,289,300,315,66,93,93,122,145,178,191,47,67,102,102,102,102],"floor_reached":16,"playtime":1000,"items_purged":["Doubt"],"score":180,"play_id":"e5ed8384-2b1e-46b8-bb7c-2457719e8184","local_time":"20210103031644","is_ascension_mode":false,"campfire_choices":[{"data":"1","floor":15,"key":"LIFT"}],"circlet_count":0,"master_deck":["theMarked:Strike","theMarked:Strike","theMarked:Strike","theMarked:Strike","theMarked:Strike+1","theMarked:Defend","theMarked:Defend","theMarked:Defend","theMarked:Defend","theMarked:SoldierOfQuellstein","theMarked:Vacuum","theMarked:RepellingDischarge","theMarked:Panic","theMarked:Standoff","theMarked:BanishingStrike","theMarked:Frustration+1","theMarked:BanishingStrike","theMarked:TwofoldDefense","theMarked:Levitate"],"relics":["theMarked:ArtifactOfAir","EVO:Axolotl","REME_ComplimentaryCards","Sling","Nunchaku","Mercury Hourglass","Pear","MealTicket","Question Card","Whetstone","Girya"],"acts_visited":["Exordium"],"potions_floor_usage":[8,10,16],"damage_taken":[{"damage":1,"enemies":"Jaw Worm","floor":1,"turns":3},{"damage":4,"enemies":"Small Slimes","floor":3,"turns":4},{"damage":1,"enemies":"Cultist","floor":4,"turns":4},{"damage":20,"enemies":"Lagavulin","floor":6,"turns":7},{"damage":4,"enemies":"3 Sentries","floor":8,"turns":5},{"damage":39,"enemies":"Lagavulin","floor":10,"turns":6},{"damage":5,"enemies":"Lots of Slimes","floor":11,"turns":3},{"damage":2,"enemies":"Gremlin Gang","floor":13,"turns":4},{"damage":0,"enemies":"Gremlin Nob","floor":14,"turns":2},{"damage":34,"enemies":"Slime Boss","floor":16,"turns":6}],"seed_played":"-3193693246402778368","potions_obtained":[{"floor":3,"key":"FearPotion"},{"floor":4,"key":"Fire Potion"},{"floor":8,"key":"ColorlessPotion"},{"floor":13,"key":"Fire Potion"},{"floor":14,"key":"DuplicationPotion"}],"is_trial":false,"path_per_floor":["M","?","M","M","$","E","?","E","T","E","M","$","M","E","R","B"],"character_chosen":"THE_DEFAULT","items_purchased":["theMarked:BanishingStrike","Sling","Whetstone"],"campfire_rested":0,"item_purchase_floors":[5,5,12],"current_hp_per_floor":[69,69,77,76,76,56,56,62,62,23,18,33,31,31,31,0,0],"gold":102,"neow_bonus":"ONE_RANDOM_RARE_CARD","is_daily":false,"chose_seed":false,"campfire_upgraded":0,"win_rate":0.0,"timestamp":1609640204,"path_taken":["M","?","M","M","$","E","?","E","T","E","M","?","M","E","R","BOSS"],"items_purchased_type":["Card","Relic","Relic"],"build_version":"2020-12-22","purchased_purges":1,"victory":false,"max_hp_per_floor":[70,70,82,82,82,82,82,92,92,92,92,92,92,92,92,92,92],"card_choices":[{"not_picked":["theMarked:RogueSparks","theMarked:EmpowerWeapon"],"picked":"theMarked:RepellingDischarge","floor":1},{"not_picked":["theMarked:TwofoldDefense","theMarked:Static"],"picked":"theMarked:Panic","floor":3},{"not_picked":["theMarked:Parkour","theMarked:Electrocute"],"picked":"theMarked:Standoff","floor":4},{"not_picked":["theMarked:ParalyzingBlade","theMarked:ChainLightning"],"picked":"theMarked:Frustration","floor":6},{"not_picked":["theMarked:WastefulDefense","theMarked:WastefulAttack"],"picked":"theMarked:BanishingStrike","floor":8},{"not_picked":["theMarked:TwofoldDefense","theMarked:Polarize","theMarked:Static"],"picked":"SKIP","floor":10},{"not_picked":["theMarked:Parkour","theMarked:ParalyzingBlade","theMarked:ElectricStrings"],"picked":"theMarked:TwofoldDefense","floor":11},{"not_picked":["theMarked:LightningStrikesTwice","theMarked:Static","theMarked:CreepingChasm","theMarked:WastefulAttack"],"picked":"SKIP","floor":13},{"not_picked":["theMarked:Parkour","theMarked:Parry","theMarked:Overcharge"],"picked":"theMarked:Levitate","floor":14}],"player_experience":126668,"relics_obtained":[{"floor":6,"key":"Nunchaku"},{"floor":8,"key":"Pear"},{"floor":9,"key":"MealTicket"},{"floor":10,"key":"Question Card"},{"floor":14,"key":"Girya"}],"event_choices":[{"damage_healed":0,"gold_gain":175,"player_choice":"AGREE","damage_taken":114,"max_hp_gain":0,"max_hp_loss":0,"event_name":"betterThird:BetterSerpent","floor":2,"gold_loss":0},{"damage_healed":0,"gold_gain":0,"player_choice":"Searched \u00271\u0027 times","damage_taken":0,"relics_obtained":["Mercury Hourglass"],"max_hp_gain":0,"max_hp_loss":0,"event_name":"Dead Adventurer","floor":7,"gold_loss":0}],"is_beta":false,"boss_relics":[],"items_purged_floors":[5],"is_endless":false,"potions_floor_spawned":[3,4,8,13,14],"killed_by":"Slime Boss","ascension_level":0}}