{"host":"ixtszv54kd1m8623","time":1609713891,"event":{"mods":["Act Like it!","Aspiration","Bard","BaseMod","Beaked The Cultist","ChefMod","Colored Map","Colored Powertips","Conspire","Downfall","Gensokyo","Halation","Hermit","Hubris","Infinite Spire","Jorbs\u0027s Wanderer Trilogy","Minty Spire (QoL Compilation)","Replay The Spire","Robot Space Explorer","Shade Mod","StSLib","The Blackbeard","The Bug Knight","The Cursed","The Disciple","The Dragon Tamer","The Marked","The Runesmith","The Servant 0.9.4"],"gold_per_floor":[99,117,137,150,150,160,160,193,193,193,193,211,211,228,239,344,344,344,355,355,365,365,384,384,401,416,416,249,249,268,287,302,401,401,401,414,425,92,92,103,127,146,146,146,161,172,200,200,213,213],"floor_reached":51,"playtime":3615,"items_purged":[],"score":714,"play_id":"b910e122-8cac-4a74-846b-8014dc7fda0a","local_time":"20210103144451","is_ascension_mode":false,"campfire_choices":[{"data":"champ:Taunt","floor":1,"key":"SMITH"},{"floor":9,"key":"REST"},{"floor":11,"key":"REST"},{"data":"champ:Improvising","floor":18,"key":"SMITH"},{"floor":29,"key":"REST"},{"data":"champ:VampiricStrike","floor":35,"key":"SMITH"},{"data":"champ:GutPunch","floor":43,"key":"SMITH"}],"circlet_count":0,"master_deck":["champ:Strike","champ:Strike","champ:Strike","champ:Strike","champ:Defend","champ:Defend","champ:Defend","champ:Defend","champ:Execute","champ:Taunt+1","champ:BringItOn","champ:RisingSlash","champ:TornadoPunch","champ:Shatter+1","champ:FalseCounter","champ:Riposte","champ:AdrenalArmor","champ:EndlessRage","champ:Improvising+1","champ:SteelEdge","champ:SwordSigil+1","infinitespire:FinalStrike","champ:PreciseThrust","champ:GutPunch+1","champ:RageSigil","champ:CrookedStrike","champ:Circumvent+1","champ:DefensiveShout","champ:PerfectedStrike+1","champ:RisingSlash","champ:CrookedStrike","champ:AdrenalArmor","champ:ShieldSigil+1","champ:Duel","champ:FlashCut","champ:VampiricStrike+1","champ:FightOn","champ:GladiatorsShout+1","infinitespire:DeathsTouch","champ:Riposte","champ:CrookedStrike","champ:Aggression+1","champ:ShieldSigil+1","champ:EnGarde+1","champ:ShieldSigil+1"],"relics":["champ:ChampionCrown","aspiration:EmptySkull","Pear","Thread and Needle","aspiration:PoetsPen_weak","Ginger","hubris:HollowSoul","HornCleat","Calipers","WarpedTongs","Orrery","halation:Yufonium","hubris:HerbalPaste","hubris:TerracottaHorce","ReplayTheSpireMod:TigerMarble","Pet Ghost"],"acts_visited":["Exordium","TheCity","TheBeyond"],"potions_floor_usage":[16,16,26,33,46,47,50,50],"damage_taken":[{"damage":5,"enemies":"conspire:RoseBush","floor":2,"turns":4},{"damage":8,"enemies":"Small Slimes","floor":3,"turns":4},{"damage":8,"enemies":"Jaw Worm","floor":4,"turns":3},{"damage":18,"enemies":"Large Slime","floor":6,"turns":6},{"damage":26,"enemies":"3 Sentries","floor":8,"turns":8},{"damage":21,"enemies":"Exordium Thugs","floor":12,"turns":7},{"damage":9,"enemies":"conspire:2 RoseBushes","floor":14,"turns":4},{"damage":11,"enemies":"Blue Slaver","floor":15,"turns":3},{"damage":40,"enemies":"downfall:Watcher","floor":16,"turns":12},{"damage":37,"enemies":"Spheric Guardian","floor":19,"turns":6},{"damage":6,"enemies":"Chosen","floor":21,"turns":4},{"damage":5,"enemies":"Sentry and Sphere","floor":23,"turns":3},{"damage":10,"enemies":"Cultist and Chosen","floor":25,"turns":4},{"damage":31,"enemies":"Centurion and Healer","floor":26,"turns":4},{"damage":33,"enemies":"downfall:FleeingMerchant","floor":28,"turns":4},{"damage":4,"enemies":"Snecko","floor":30,"turns":5},{"damage":2,"enemies":"Snake Plant","floor":31,"turns":3},{"damage":14,"enemies":"conspire:HollyBat","floor":32,"turns":8},{"damage":26,"enemies":"downfall:Defect","floor":33,"turns":7},{"damage":8,"enemies":"Orb Walker","floor":36,"turns":3},{"damage":44,"enemies":"3 Shapes","floor":37,"turns":4},{"damage":18,"enemies":"Spire Growth","floor":40,"turns":4},{"damage":16,"enemies":"Sphere and 2 Shapes","floor":42,"turns":4},{"damage":16,"enemies":"Writhing Mass","floor":45,"turns":4},{"damage":13,"enemies":"3 Darklings","floor":46,"turns":5},{"damage":51,"enemies":"beaked:SuperParasite","floor":47,"turns":5},{"damage":42,"enemies":"Transient","floor":49,"turns":5},{"damage":130,"enemies":"downfall:Ironclad","floor":50,"turns":12}],"seed_played":"-5809693874817562520","potions_obtained":[{"floor":2,"key":"BlessingOfTheForge"},{"floor":12,"key":"Energy Potion"},{"floor":16,"key":"LifebloodPotion"},{"floor":21,"key":"Fire Potion"},{"floor":23,"key":"Elixir"},{"floor":25,"key":"ColorlessPotion"},{"floor":30,"key":"SkillPotion"},{"floor":40,"key":"PowerPotion"},{"floor":46,"key":"Death Potion"}],"is_trial":false,"path_per_floor":["R","M","M","M","?","M","T","E","R","?","R","M","?","M","M","B",null,"R","M","AVR","M","?","M","T","M","M","?","$","R","M","M","M","B",null,"R","M","M","?","AVR","M","T","M","R","?","M","M","E","?","M","B",null],"character_chosen":"THE_CHAMP","items_purchased":["Orrery"],"campfire_rested":3,"item_purchase_floors":[28],"current_hp_per_floor":[81,81,78,70,70,52,62,41,76,76,111,95,95,91,82,66,118,118,88,88,87,76,76,76,76,69,69,67,102,100,100,96,78,118,118,115,92,133,133,129,129,132,132,127,119,133,114,114,99,39],"gold":213,"neow_bonus":"TWENTY_PERCENT_HP_BONUS","is_daily":false,"chose_seed":false,"campfire_upgraded":4,"win_rate":0.0,"timestamp":1609713891,"path_taken":["R","M","M","M","?","M","T","E","R","?","R","M","?","M","M","BOSS","R","M","AVR","M","?","M","T","M","M","?","$","R","M","?","M","BOSS","R","M","M","?","AVR","M","T","M","R","?","?","M","E","?","M","BOSS"],"items_purchased_type":["Relic"],"build_version":"2020-12-22","purchased_purges":0,"victory":true,"max_hp_per_floor":[108,108,108,108,108,108,118,118,118,118,118,118,118,118,118,118,118,118,118,118,118,118,118,118,118,118,118,118,118,118,118,118,118,118,118,118,118,133,133,133,133,133,133,133,133,133,133,133,133,133],"card_choices":[{"not_picked":["champ:BerserkersShout","champ:PerfectedStrike"],"picked":"champ:BringItOn","floor":2},{"not_picked":["champ:GladiatorsShout","champ:DefensiveShout"],"picked":"champ:RisingSlash","floor":3},{"not_picked":["champ:GladiatorsShout","champ:StanceDance"],"picked":"champ:TornadoPunch","floor":4},{"not_picked":["champ:TornadoPunch","champ:FanOfKnives"],"picked":"champ:Shatter","floor":6},{"not_picked":["champ:BringItOn","champ:FocusedBerserking"],"picked":"champ:FalseCounter","floor":8},{"not_picked":["champ:Aggression","champ:CalledShot"],"picked":"champ:AdrenalArmor","floor":12},{"not_picked":["champ:DefensiveShout","champ:DeathBlow"],"picked":"champ:EndlessRage","floor":14},{"not_picked":["champ:CalledShot","champ:CrookedStrike"],"picked":"champ:Improvising","floor":15},{"not_picked":["champ:DancingMaster","champ:ShieldSlam"],"picked":"champ:SteelEdge","floor":16},{"not_picked":["champ:BerserkerStyle","champ:RageSigil"],"picked":"champ:SwordSigil+1","floor":19},{"not_picked":["champ:AdrenalArmor","champ:FalseCounter"],"picked":"champ:PreciseThrust","floor":21},{"not_picked":["champ:EnragedBash","champ:EnGarde"],"picked":"champ:GutPunch","floor":23},{"not_picked":["champ:GutPunch","champ:Circumvent"],"picked":"champ:RageSigil","floor":25},{"not_picked":["champ:BladeFlurry","champ:BringItOn"],"picked":"champ:CrookedStrike","floor":26},{"not_picked":["champ:BerserkerStyle","champ:EnragedBash"],"picked":"champ:Circumvent+1","floor":28},{"not_picked":["champ:SwordThrow","champ:CalledShot"],"picked":"champ:DefensiveShout","floor":28},{"not_picked":["champ:FaceSlap","champ:CrownThrow"],"picked":"champ:PerfectedStrike+1","floor":28},{"not_picked":["champ:TornadoPunch","champ:PerfectedStrike+1"],"picked":"champ:RisingSlash","floor":28},{"not_picked":["champ:PerfectedStrike+1","champ:CrownThrow"],"picked":"champ:CrookedStrike","floor":28},{"not_picked":["champ:TornadoPunch","champ:BringItOn+1"],"picked":"champ:AdrenalArmor","floor":28},{"not_picked":["champ:DefensiveShout","champ:BladeFlurry"],"picked":"champ:ShieldSigil+1","floor":30},{"not_picked":["champ:CheapShot","champ:Riposte+1"],"picked":"champ:Duel","floor":31},{"not_picked":["champ:DefensiveShout","champ:TornadoPunch+1"],"picked":"champ:FlashCut","floor":32},{"not_picked":["champ:HeavySlash","champ:CheapShot"],"picked":"champ:VampiricStrike","floor":33},{"not_picked":["champ:DefensiveShout","champ:FocusedDefense"],"picked":"champ:FightOn","floor":36},{"not_picked":["champ:DefensiveStyle","champ:CrookedStrike+1"],"picked":"champ:GladiatorsShout+1","floor":37},{"not_picked":["champ:FlashCut+1","champ:GutPunch"],"picked":"champ:Riposte","floor":40},{"not_picked":["champ:PreciseThrust","champ:DefensiveShout+1"],"picked":"champ:CrookedStrike","floor":42},{"not_picked":["champ:CrookedStrike","champ:PreciseThrust"],"picked":"champ:Aggression+1","floor":45},{"not_picked":["champ:GutPunch+1","champ:BladeFlurry+1"],"picked":"champ:ShieldSigil+1","floor":46},{"not_picked":["champ:DefensiveStyle","champ:Aggression+1"],"picked":"champ:EnGarde+1","floor":47},{"not_picked":["champ:RisingSlash","champ:GladiatorsShout+1"],"picked":"champ:ShieldSigil+1","floor":49}],"player_experience":159504,"relics_obtained":[{"floor":5,"key":"aspiration:EmptySkull"},{"floor":7,"key":"Pear"},{"floor":8,"key":"Thread and Needle"},{"floor":24,"key":"Calipers"},{"floor":41,"key":"ReplayTheSpireMod:TigerMarble"},{"floor":47,"key":"Pet Ghost"}],"event_choices":[{"damage_healed":0,"gold_gain":0,"player_choice":"Upgraded","damage_taken":0,"max_hp_gain":0,"max_hp_loss":0,"event_name":"Upgrade Shrine","floor":13,"gold_loss":0,"cards_upgraded":["champ:Shatter"]},{"damage_healed":0,"gold_gain":0,"player_choice":"HornCleat","damage_taken":0,"relics_obtained":["HornCleat"],"max_hp_gain":0,"max_hp_loss":0,"event_name":"blackbeard:ShipwreckEvent","floor":22,"gold_loss":0},{"damage_healed":0,"gold_gain":0,"player_choice":"Rummage","damage_taken":0,"relics_obtained":["WarpedTongs"],"max_hp_gain":0,"max_hp_loss":0,"event_name":"Accursed Blacksmith","floor":27,"gold_loss":0,"cards_obtained":["Pain"]},{"cards_removed":["Pain"],"damage_healed":0,"gold_gain":0,"player_choice":"Purged","damage_taken":0,"max_hp_gain":0,"max_hp_loss":0,"event_name":"Purifier","floor":48,"gold_loss":0}],"is_beta":false,"boss_relics":[{"not_picked":["hubris:CrackedHourglass","conspire:SeveredTorchhead"],"picked":"aspiration:PoetsPen_weak"},{"not_picked":["hubris:RunicObelisk","ReplayTheSpireMod:DimensionalGlitch"],"picked":"halation:Yufonium"}],"items_purged_floors":[],"is_endless":false,"potions_floor_spawned":[2,12,16,21,23,25,30,40,42,45,46],"ascension_level":0}}