{"host":"h3c6rtdc4153hgw2","time":1609701466,"event":{"mods":["AchievementEnabler","BaseMod","Colored Map","Colored Powertips","Downfall","Googly Eyes","Hermit","Marisa????????","Minty Spire (QoL Compilation)","Replay The Spire","StSLib","The Cursed"],"gold_per_floor":[117,128,428,428,428,428,451,451,62,86,86,56,56,72,90,265,265,395,395,415,385,385],"floor_reached":21,"playtime":1114,"items_purged":[],"score":169,"play_id":"51b18f47-b1e5-4a69-bf6f-46dbf99765df","local_time":"20210103191746","is_ascension_mode":false,"campfire_choices":[{"data":"OpenUniverse","floor":8,"key":"SMITH"},{"data":"expansioncontent:Hexaburn","floor":13,"key":"SMITH"},{"floor":17,"key":"REST"}],"circlet_count":0,"master_deck":["Strike_MRS","Strike_MRS","Strike_MRS","Strike_MRS","Defend_MRS","Defend_MRS","Defend_MRS","Defend_MRS","MasterSpark","UpSweep","GrandCross","Acceleration","OpenUniverse+1","expansioncontent:Hexaburn+1","StarBarrage","BlazeAway","EscapeVelocity","MillisecondPulsars","DoubleSpark+1"],"relics":["MiniHakkero","Old Coin","Golden Idol","SimpleLauncher","Durian","Empty Cage"],"acts_visited":["Exordium","TheCity"],"potions_floor_usage":[],"damage_taken":[{"damage":3,"enemies":"Jaw Worm","floor":1,"turns":3},{"damage":0,"enemies":"Small Slimes","floor":2,"turns":2},{"damage":5,"enemies":"Cultist","floor":7,"turns":3},{"damage":11,"enemies":"Looter","floor":10,"turns":3},{"damage":16,"enemies":"Blue Slaver","floor":14,"turns":3},{"damage":12,"enemies":"Exordium Wildlife","floor":15,"turns":4},{"damage":32,"enemies":"Fading Forest","floor":18,"turns":11},{"damage":35,"enemies":"Chosen","floor":20,"turns":5},{"damage":15,"enemies":"2 Thieves","floor":21,"turns":2}],"seed_played":"-7822373437142903756","potions_obtained":[{"floor":2,"key":"LifebloodPotion"},{"floor":12,"key":"Slimebound:ThreeZeroPotion"},{"floor":12,"key":"Adrenaline Potion"},{"floor":18,"key":"Milkshake"}],"is_trial":false,"path_per_floor":["M","M","?","?","PTL","PTL","M","R","$","M","T","?","R","M","M","?","R","B",null,"M","M"],"character_chosen":"MARISA","items_purchased":["SimpleLauncher","expansioncontent:Hexaburn"],"campfire_rested":1,"item_purchase_floors":[9,9],"current_hp_per_floor":[79,79,79,76,76,76,71,71,71,60,65,65,65,49,37,37,61,39,81,46,31,31],"gold":385,"neow_bonus":"TEN_PERCENT_HP_BONUS","is_daily":false,"chose_seed":false,"campfire_upgraded":2,"win_rate":0.0,"timestamp":1609701466,"path_taken":["M","M","?","?","PTL","PTL","M","R","?","M","T","?","R","?","M","?","R","BOSS","M","M"],"items_purchased_type":["Relic","Card"],"build_version":"2020-12-22","purchased_purges":0,"victory":false,"max_hp_per_floor":[82,82,82,76,76,76,76,76,76,76,81,81,81,81,81,81,81,81,81,81,81,81],"card_choices":[{"not_picked":["UnstableBomb","DC"],"picked":"GrandCross","floor":1},{"not_picked":["WitchLeyline","DragonMeteor"],"picked":"Acceleration","floor":2},{"not_picked":["GrandCross","NonDirectionalLaser"],"picked":"OpenUniverse","floor":7},{"not_picked":["Acceleration","GravityBeat"],"picked":"StarBarrage","floor":10},{"not_picked":["MagicChant","GravityBeat"],"picked":"BlazeAway","floor":14},{"not_picked":["LuminesStrike","OpenUniverse"],"picked":"EscapeVelocity","floor":15},{"not_picked":["BlazingStar","TreasureHunter"],"picked":"MillisecondPulsars","floor":18},{"not_picked":["EnergyRecoil","SprinkleStarSeal"],"picked":"DoubleSpark+1","floor":20}],"player_experience":117964,"relics_obtained":[{"floor":11,"key":"Durian"}],"event_choices":[{"damage_healed":0,"gold_gain":0,"player_choice":"Box","damage_taken":0,"relics_obtained":["Old Coin"],"max_hp_gain":0,"max_hp_loss":0,"event_name":"Big Fish","floor":3,"gold_loss":0,"cards_obtained":["Regret"]},{"damage_healed":0,"gold_gain":0,"player_choice":"Lose Max HP","damage_taken":0,"relics_obtained":["Golden Idol"],"max_hp_gain":0,"max_hp_loss":6,"event_name":"Golden Idol","floor":4,"gold_loss":0},{"damage_healed":0,"gold_gain":0,"player_choice":"Bought 2 Potions","damage_taken":0,"max_hp_gain":0,"max_hp_loss":0,"event_name":"The Woman in Blue","floor":12,"gold_loss":0},{"damage_healed":0,"gold_gain":175,"player_choice":"AGREE","damage_taken":0,"max_hp_gain":0,"max_hp_loss":0,"event_name":"Liars Game","floor":16,"gold_loss":0,"cards_obtained":["Doubt"]}],"is_beta":false,"boss_relics":[{"not_picked":["Philosopher\u0027s Stone","SacredBark"],"picked":"Empty Cage"}],"items_purged_floors":[],"is_endless":false,"potions_floor_spawned":[2,14,15,18],"killed_by":"2 Thieves","ascension_level":0}}