{"host":"gk9qdtkqd8dwfeg2","time":1609685331,"event":{"mods":["Aspiration","BaseMod","Colored Powertips","KomeijiMod","Minty Spire (QoL Compilation)","Quick Restart","Replay The Spire","Shop Mod","StSLib","TestMod","The Gatherer","The Servant 0.9.4","Waifu the Spire","WarShipGirlsR/’ΩΩ¢…Ÿ≈ÆR mod","Yuri Mod"],"gold_per_floor":[115,154,79,79,79,92,142,167,213,241,269,296,341,428,440,529,541,572,584,65,84,84,115,5,24,24,24,50,67,77,111,111,188,188,204,204,79,79,79,404,747,758,806,806,806],"floor_reached":44,"playtime":1423,"items_purged":["Strike_G","Defend_G","Defend_G"],"score":1458,"play_id":"75147516-48ab-4de6-8ab8-e0ba6d65ffef","local_time":"20210103224851","is_ascension_mode":true,"campfire_choices":[{"data":"Neutralize","floor":15,"key":"SMITH"},{"data":"Cloak And Dagger","floor":32,"key":"SMITH"}],"circlet_count":0,"master_deck":["Defend_G+1","Survivor","Neutralize+1","Prepared","Dagger Spray","Malaise","Acrobatics","Reflex","Blade Dance","Corpse Explosion+1","Prepared","ReplayTheSpireMod:Scrap Shanks","Cloak And Dagger+1","Adrenaline","Replay:Bag of Tricks","testmod-ShutDown"],"relics":["Ring of the Snake","testmod-TestBox","testmod-PortableAltar","NeowsBlessing","Paper Crane","aspiration:Lifesprig","MawBank","Simple Rune","Replay:Drink Me","MerchantsRug","HornCleat","aspiration:RitualStick","StoneCalendar","Mummified Hand","Snack Pack","Meat on the Bone","Busted Crown"],"acts_visited":["Exordium","TheCity","TheBeyond"],"potions_floor_usage":[11,16,16,16,16,16,16,23,31,33],"damage_taken":[{"damage":1,"enemies":"2 Louse","floor":1,"turns":1},{"damage":0,"enemies":"Small Slimes","floor":6,"turns":1},{"damage":0,"enemies":"Gremlin Nob","floor":8,"turns":1},{"damage":2,"enemies":"Cultist","floor":10,"turns":3},{"damage":0,"enemies":"Lots of Slimes","floor":11,"turns":1},{"damage":2,"enemies":"2 Fungi Beasts","floor":12,"turns":4},{"damage":4,"enemies":"Lagavulin","floor":13,"turns":5},{"damage":11,"enemies":"Fading Forest","floor":16,"turns":13},{"damage":1,"enemies":"3 Byrds","floor":18,"turns":4},{"damage":0,"enemies":"Spheric Guardian","floor":21,"turns":2},{"damage":1,"enemies":"Gremlin Leader","floor":23,"turns":5},{"damage":0,"enemies":"Snecko","floor":25,"turns":2},{"damage":0,"enemies":"Slavers","floor":28,"turns":2},{"damage":0,"enemies":"Sentry and Sphere","floor":29,"turns":2},{"damage":0,"enemies":"Snake Plant","floor":30,"turns":3},{"damage":0,"enemies":"Gremlin Leader","floor":31,"turns":2},{"damage":0,"enemies":"Champ","floor":33,"turns":5},{"damage":0,"enemies":"3 Darklings","floor":35,"turns":1},{"damage":0,"enemies":"Nemesis","floor":40,"turns":3},{"damage":0,"enemies":"3 Shapes","floor":42,"turns":1},{"damage":12,"enemies":"R_Hoarder","floor":44,"turns":4}],"seed_played":"-8388682175012516320","potions_obtained":[{"floor":1,"key":"Milkshake"},{"floor":6,"key":"DistilledChaos"},{"floor":12,"key":"ColorlessPotion"},{"floor":21,"key":"ColorlessPotion"},{"floor":28,"key":"SneckoOil"},{"floor":31,"key":"Poison Potion"},{"floor":33,"key":"Strength Potion"}],"is_trial":false,"path_per_floor":["M","?","$","?","?","M","?","E","T","M","M","M","E","?","R","B",null,"M","?","$","M","?","E","?","M","T","?","E","M","M","E","R","B",null,"M","?","$","?","?","E","?","M","T","E"],"character_chosen":"THE_SILENT","items_purchased":["MerchantsRug","HornCleat"],"campfire_rested":0,"item_purchase_floors":[20,20],"current_hp_per_floor":[58,37,37,30,30,30,30,30,30,28,28,26,22,11,11,8,30,29,29,29,29,21,20,20,20,20,20,20,25,24,23,22,21,20,19,18,17,16,15,14,13,12,11,0,0],"gold":806,"neow_bonus":"THREE_ENEMY_KILL","is_daily":false,"chose_seed":false,"campfire_upgraded":2,"win_rate":0.0,"timestamp":1609685331,"path_taken":["M","?","$","?","?","M","?","E","T","?","M","?","E","?","R","BOSS","M","?","$","M","?","E","?","?","T","?","E","M","M","E","R","BOSS","M","?","$","?","?","E","?","M","T","E"],"items_purchased_type":["Relic","Relic"],"build_version":"2020-12-22","purchased_purges":3,"victory":false,"max_hp_per_floor":[65,64,63,62,61,60,59,58,57,56,55,54,53,52,51,50,37,36,35,34,33,32,31,30,29,28,27,26,25,24,23,22,21,20,19,18,17,16,15,14,13,12,11,10,10],"card_choices":[{"not_picked":["Dodge and Roll","ReplayTheSpireMod:Tripwire"],"picked":"Prepared","floor":1},{"not_picked":["Sneak Up","Flying Knee"],"picked":"Dagger Spray","floor":2},{"not_picked":["Underhanded Strike","Dash"],"picked":"Malaise","floor":2},{"not_picked":["Calculated Gamble","Noxious Fumes"],"picked":"Acrobatics","floor":6},{"not_picked":["Toxin Wave","Accuracy","Dagger Spray"],"picked":"SKIP","floor":8},{"not_picked":["Dodge and Roll","Hidden Blade"],"picked":"Reflex","floor":10},{"not_picked":["Prepared","Bane","Sucker Punch"],"picked":"SKIP","floor":11},{"not_picked":["Prepared","Dagger Spray"],"picked":"Blade Dance","floor":12},{"not_picked":["Quick Slash","Bullet Time","Dodge and Roll"],"picked":"SKIP","floor":13},{"not_picked":["aspiration:Lunge","Bullet Time"],"picked":"Corpse Explosion","floor":16},{"not_picked":["Backflip","Dagger Throw"],"picked":"Prepared","floor":18},{"not_picked":["Bane","Flying Knee"],"picked":"Cloak And Dagger","floor":21},{"not_picked":["Flying Knee","Accuracy"],"picked":"Adrenaline","floor":23},{"not_picked":["Eviscerate","Setup+1","Backflip"],"picked":"SKIP","floor":25},{"not_picked":["Quick Slash","Outmaneuver","Acrobatics"],"picked":"SKIP","floor":28},{"not_picked":["Outmaneuver","Slice","Heel Hook"],"picked":"SKIP","floor":29},{"not_picked":["Bane","Predator+1","Backflip"],"picked":"SKIP","floor":30},{"not_picked":["Noxious Fumes","Atom Bomb","Skewer"],"picked":"SKIP","floor":31},{"not_picked":["Tools of the Trade","Doppelganger"],"picked":"Replay:Bag of Tricks","floor":33},{"not_picked":["Sucker Punch"],"picked":"SKIP","floor":35},{"not_picked":[],"picked":"testmod-ShutDown","floor":38},{"not_picked":["Flying Knee"],"picked":"SKIP","floor":40},{"not_picked":["Quick Slash+1"],"picked":"SKIP","floor":42}],"player_experience":606015,"relics_obtained":[{"floor":2,"key":"Paper Crane"},{"floor":8,"key":"aspiration:Lifesprig"},{"floor":9,"key":"MawBank"},{"floor":13,"key":"Simple Rune"},{"floor":23,"key":"StoneCalendar"},{"floor":26,"key":"Mummified Hand"},{"floor":28,"key":"Snack Pack"},{"floor":31,"key":"Meat on the Bone"},{"floor":40,"key":"Old Coin"}],"event_choices":[{"cards_removed":["Strike_G"],"damage_healed":0,"gold_gain":0,"player_choice":"Card Removal","damage_taken":7,"max_hp_gain":0,"max_hp_loss":0,"event_name":"Golden Wing","floor":4,"gold_loss":0},{"damage_healed":0,"gold_gain":50,"player_choice":"Pray","damage_taken":0,"max_hp_gain":0,"max_hp_loss":0,"event_name":"Golden Shrine","floor":7,"gold_loss":0},{"damage_healed":0,"gold_gain":75,"player_choice":"Gather Gold","damage_taken":11,"max_hp_gain":0,"max_hp_loss":0,"event_name":"World of Goop","floor":14,"gold_loss":0},{"damage_healed":0,"gold_gain":0,"player_choice":"Read","damage_taken":0,"max_hp_gain":0,"max_hp_loss":0,"event_name":"The Library","floor":19,"gold_loss":0,"cards_obtained":["ReplayTheSpireMod:Scrap Shanks"]},{"cards_removed":["Strike_G"],"damage_healed":0,"gold_gain":0,"player_choice":"Upgrade and Remove","damage_taken":0,"max_hp_gain":0,"max_hp_loss":0,"event_name":"Designer","floor":24,"gold_loss":110,"cards_upgraded":["Corpse Explosion"]},{"damage_healed":0,"gold_gain":0,"player_choice":"Ignored","damage_taken":0,"max_hp_gain":0,"max_hp_loss":0,"event_name":"Cursed Tome","floor":27,"gold_loss":0},{"damage_healed":0,"gold_gain":0,"player_choice":"Ignored","damage_taken":0,"max_hp_gain":0,"max_hp_loss":0,"event_name":"Tomb of Lord Red Mask","floor":36,"gold_loss":0},{"damage_healed":0,"gold_gain":0,"player_choice":"Memory 1","damage_taken":0,"max_hp_gain":0,"max_hp_loss":0,"event_name":"SensoryStone","floor":38,"gold_loss":0}],"is_beta":false,"boss_relics":[{"not_picked":["testmod-IncinerationGenerator","Painkiller Herb"],"picked":"Replay:Drink Me"},{"not_picked":["Abe\u0027s Treasure","testmod-StringDisintegrator"],"picked":"Busted Crown"}],"items_purged_floors":[3,20,37],"is_endless":false,"potions_floor_spawned":[1,6,12,21,28,31,33,40,42],"killed_by":"R_Hoarder","ascension_level":20}}