{"host":"kq2g769nefmuyn7c","time":1609664120,"event":{"mods":["ATMod(°¢èªMod)","Act Like it!","BaseMod","Gensokyo","Koishi","Marisa£¨ìFÓê¡¡Ä§ÀíÉ³£©","Minty Spire (QoL Compilation)","Replay The Spire","StSLib"],"gold_per_floor":[117,209,228,228,228,255,268,302,302,327,46,9,9,35,35,132,132,145,157,183,183,193,218,178,24,72,72,14,44,62,90,90,188,188,201,201,201],"floor_reached":36,"playtime":2975,"items_purged":["Koishi:BasicStrike","Clumsy"],"score":643,"play_id":"326a8a40-fad4-4fb5-b3bf-7ac2cd8ef289","local_time":"20210103165520","is_ascension_mode":true,"campfire_choices":[{"data":"Koishi:Whimsy","floor":13.0,"key":"SMITH"},{"floor":15.0,"key":"DIG"},{"data":"Koishi:IdleWhim","floor":27.0,"key":"SMITH"},{"floor":32.0,"key":"RECALL"}],"circlet_count":0,"master_deck":["Koishi:BasicStrike","Koishi:BasicStrike","Koishi:BasicStrike","Koishi:BasicDefend","Koishi:BasicDefend","Koishi:BasicDefend","Koishi:BasicDefend","Koishi:Provoke","Koishi:HauntingSlash","Koishi:IdleWhim+1","Koishi:PhilosophyOfTheDespised","Koishi:Whimsy+1","Koishi:Untouchable","Koishi:Vanish","Koishi:PredatoryInstincts","Koishi:FreudianInstinct","Koishi:FourthEye","Koishi:CatchAndRose","Koishi:DanmakuParanoia+1","Koishi:PhantomBarrier+1","Koishi:ReflexRadar+1","Koishi:EmbersOfLove+1","Koishi:RuptureMind","Koishi:ParalyzingFear+1","Koishi:SuperEgo+1","Koishi:UnconsciousUprising+1","Koishi:ReleaseOfTheId+1","Koishi:RacingHeart","Koishi:SubterraneanRose+1","Koishi:GeneticsOfTheUnconscious+1","Koishi:ApparitionsStalkTheNight+1","Koishi:DNAsFlaw+1","Koishi:Whimsy+1","Koishi:HeartStoppingHorror","Koishi:TerrifyingSpectre","Koishi:Vanish+1"],"relics":["Koishi:ImaginaryFriend","NeowsBlessing","Gensokyo:NagashiBinaDoll","ReplayTheSpireMod:Lightbulb","Toxic Egg 2","Replay:Rubber Ducky","Replay:Baseball","Divine Protection","Pantograph","Philosopher\u0027s Stone","Gensokyo:SongOfSouls","Regal Pillow","Oddly Smooth Stone","ReplayFunnel","Boot","ChewingGum"],"acts_visited":["Gensokyo:Gensokyo","Gensokyo:Gensokyoer","Gensokyo:Gensokyoest"],"potions_floor_usage":[],"damage_taken":[{"damage":0.0,"enemies":"Gensokyo:3_Fairies","floor":1.0,"turns":1.0},{"damage":0.0,"enemies":"Gensokyo:Gryphon","floor":3.0,"turns":1.0},{"damage":0.0,"enemies":"Gensokyo:Cirno","floor":6.0,"turns":2.0},{"damage":0.0,"enemies":"Gensokyo:2_Kodama","floor":7.0,"turns":5.0},{"damage":13.0,"enemies":"Gensokyo:Aya","floor":8.0,"turns":10.0},{"damage":4.0,"enemies":"Gensokyo:Mamizou","floor":10.0,"turns":11.0},{"damage":3.0,"enemies":"Gensokyo:Cirno","floor":14.0,"turns":12.0},{"damage":0.0,"enemies":"Gensokyo:Reimu","floor":16.0,"turns":13.0},{"damage":6.0,"enemies":"Gensokyo:3_Dogs","floor":18.0,"turns":9.0},{"damage":0.0,"enemies":"Gensokyo:2_Gloops","floor":19.0,"turns":8.0},{"damage":0.0,"enemies":"Gensokyo:Swordslinger","floor":22.0,"turns":4.0},{"damage":10.0,"enemies":"Gensokyo:Koishi","floor":23.0,"turns":9.0},{"damage":0.0,"enemies":"Gensokyo:Tenshi","floor":29.0,"turns":8.0},{"damage":0.0,"enemies":"Gensokyo:3_Gloops","floor":30.0,"turns":4.0},{"damage":0.0,"enemies":"Gensokyo:Koishi","floor":31.0,"turns":7.0},{"damage":19.0,"enemies":"Gensokyo:Eternal_Rivals","floor":33.0,"turns":12.0},{"damage":0.0,"enemies":"Gensokyo:AncientGuardian","floor":35.0,"turns":11.0},{"damage":0,"enemies":"","floor":36,"turns":1}],"seed_played":"-4533026014387475270","potions_obtained":[{"floor":6.0,"key":"SpeedPotion"},{"floor":10.0,"key":"SpeedPotion"},{"floor":14.0,"key":"SneckoOil"},{"floor":18.0,"key":"SkillPotion"},{"floor":22.0,"key":"LiquidBronze"},{"floor":29.0,"key":"Ancient Potion"},{"floor":31.0,"key":"Doom Potion"}],"is_trial":false,"path_per_floor":["M","?","M","?","?","E","M","E","T","E","$","$","R","E","R","B",null,"M","M","T","?","M","E","?","$","T","R","$","E","M","E","R","B",null,"M","COS"],"character_chosen":"KOISHI","items_purchased":["Koishi:ReflexRadar+1","Koishi:EmbersOfLove+1","Koishi:RuptureMind","Koishi:ParalyzingFear+1","Koishi:GeneticsOfTheUnconscious+1","Koishi:ApparitionsStalkTheNight+1"],"campfire_rested":0,"item_purchase_floors":[11,11,11,12,25,28],"current_hp_per_floor":[60,45,45,45,45,53,60,54,54,56,56,56,56,57,57,60,60,60,60,60,60,60,60,60,60,60,60,60,60,60,60,60,52,60,60,60,60],"gold":201,"neow_bonus":"THREE_ENEMY_KILL","is_daily":false,"chose_seed":false,"campfire_upgraded":2,"win_rate":0.0,"timestamp":1609664120,"path_taken":["M","?","M","?","?","E","M","E","T","E","?","$","R","E","R","BOSS","M","?","?","?","M","E","?","?","T","R","$","E","M","E","R","BOSS","M","COS"],"items_purchased_type":["Card","Card","Card","Card","Card","Card"],"build_version":"2020-12-22","purchased_purges":2,"victory":false,"max_hp_per_floor":[60,60,60,60,60,60,60,60,60,60,60,60,60,60,60,60,60,60,60,60,60,60,60,60,60,60,60,60,60,60,60,60,60,60,60,60,60],"card_choices":[{"not_picked":["Koishi:CatchAndRose","Koishi:ApparitionsStalkTheNight"],"picked":"Koishi:IdleWhim","floor":1.0},{"not_picked":["Koishi:ParalyzingFear","Koishi:FreudianInstinct"],"picked":"Koishi:PhilosophyOfTheDespised","floor":2.0},{"not_picked":["Koishi:GhostParty","Koishi:SpiritedAway"],"picked":"Koishi:Whimsy","floor":2.0},{"not_picked":["Koishi:RacingHeart","Koishi:DreadfulBlow"],"picked":"Koishi:Untouchable","floor":2.0},{"not_picked":["Koishi:PhantomBarrier","Koishi:RacingHeart"],"picked":"Koishi:Vanish","floor":3.0},{"not_picked":["Koishi:FidgetySnatcher","Koishi:ReflexRadar"],"picked":"Koishi:PredatoryInstincts","floor":4.0},{"not_picked":["Koishi:DreadfulBlow","Koishi:FleetingPhantom"],"picked":"Koishi:FreudianInstinct","floor":4.0},{"not_picked":["Koishi:Jaunt","Koishi:PhantomStrike"],"picked":"Koishi:FourthEye","floor":6.0},{"not_picked":["Koishi:StrangeCloudFist","Koishi:PhantomStrike"],"picked":"Koishi:CatchAndRose","floor":7.0},{"not_picked":["Koishi:SprinkleStarAndHeart+1","Koishi:Possession+1"],"picked":"Koishi:DanmakuParanoia+1","floor":8.0},{"not_picked":["Koishi:ConditionedTeleport+1","Koishi:BloodcurdlingScream"],"picked":"Koishi:PhantomBarrier+1","floor":10.0},{"not_picked":["Koishi:PhantomBarrier+1","Koishi:PhilosophyOfTheDespised+1","Koishi:TraumaticStroke"],"picked":"SKIP","floor":14.0},{"not_picked":["Koishi:MentalBreakdown","Koishi:ConfinedInnocent"],"picked":"Koishi:SuperEgo","floor":16.0},{"not_picked":["Koishi:PhantomBarrier+1","Koishi:FleetingPhantom+1"],"picked":"Koishi:UnconsciousUprising+1","floor":18.0},{"not_picked":["Koishi:Jaunt","Koishi:SpiritedAway"],"picked":"Koishi:ReleaseOfTheId+1","floor":19.0},{"not_picked":["Koishi:ReflexRadar+1","Koishi:Jaunt"],"picked":"Koishi:RacingHeart","floor":22.0},{"not_picked":["Koishi:JumpScare+1","Koishi:PhilosophyOfTheDespised+1"],"picked":"Koishi:SubterraneanRose+1","floor":23.0},{"not_picked":["Koishi:TraumaticStroke+1","Koishi:EmbersOfLove+1"],"picked":"Koishi:DNAsFlaw+1","floor":29.0},{"not_picked":["Koishi:SubterraneanRose+1","Koishi:DanmakuParanoia+1"],"picked":"Koishi:Whimsy+1","floor":30.0},{"not_picked":["Koishi:FleetingPhantom+1","Koishi:SpiritedAway"],"picked":"Koishi:HeartStoppingHorror","floor":31.0},{"not_picked":["Koishi:FadingMemory+1","Koishi:ConfinedInnocent"],"picked":"Koishi:TerrifyingSpectre","floor":33.0},{"not_picked":["Koishi:SubterraneanRose+1","Koishi:ReflexRadar+1"],"picked":"Koishi:Vanish+1","floor":35.0}],"player_experience":101042,"relics_obtained":[{"floor":6.0,"key":"ReplayTheSpireMod:Lightbulb"},{"floor":8.0,"key":"Toxic Egg 2"},{"floor":9.0,"key":"Replay:Rubber Ducky"},{"floor":10.0,"key":"Replay:Baseball"},{"floor":14.0,"key":"Divine Protection"},{"floor":15.0,"key":"Pantograph"},{"floor":23.0,"key":"Regal Pillow"},{"floor":26.0,"key":"Oddly Smooth Stone"},{"floor":29.0,"key":"ReplayFunnel"},{"floor":31.0,"key":"Boot"}],"event_choices":[],"is_beta":false,"boss_relics":[{"not_picked":["Calling Bell","Snecko Eye"],"picked":"Philosopher\u0027s Stone"},{"not_picked":["Ring of Chaos","Velvet Choker"],"picked":"ChewingGum"}],"items_purged_floors":[11,25],"is_endless":false,"potions_floor_spawned":[6,10,14,18,22,29,31,33,35],"killed_by":"","ascension_level":2}}