{"host":"mbpcepu6ztteuwhq","time":1609683313,"event":{"mods":["AchievementEnabler","BaseMod","Colored Map","Custom Start","DeckTracker","Minty Spire (QoL Compilation)","Rare Cards Sparkle","StSLib","everything is the same but u backflip on backflip"],"gold_per_floor":[110,260,260,260,273,304,321,321,345,345,51,81,81,98,98,175,175,187,187,187,87,87,101,101,101],"floor_reached":24,"playtime":520,"items_purged":["Strike_G","Strike_G"],"score":434,"play_id":"f8596798-25d4-45ce-8f43-5a0c7598a4b4","local_time":"20210103231513","is_ascension_mode":true,"campfire_choices":[{"data":"Flechettes","floor":8.0,"key":"SMITH"},{"data":"Blade Dance","floor":10.0,"key":"SMITH"},{"data":"Dash","floor":13,"key":"SMITH"},{"data":"Neutralize","floor":15,"key":"SMITH"}],"circlet_count":0,"master_deck":["AscendersBane","Strike_G+1","Strike_G","Defend_G+1","Defend_G+1","Defend_G","Defend_G+1","Survivor","Neutralize+1","Cloak And Dagger","Dash+1","Blade Dance+1","Flechettes+1","Cloak And Dagger","A Thousand Cuts+1","Blade Dance","Bane","Blur","Backflip"],"relics":["Ring of the Snake","NeowsBlessing","War Paint","Art of War","Omamori","Philosopher\u0027s Stone"],"acts_visited":["Exordium","TheCity"],"potions_floor_usage":[16],"damage_taken":[{"damage":0.0,"enemies":"Small Slimes","floor":1.0,"turns":1.0},{"damage":0.0,"enemies":"Cultist","floor":5.0,"turns":1.0},{"damage":0.0,"enemies":"3 Sentries","floor":6.0,"turns":1.0},{"damage":0.0,"enemies":"Jaw Worm","floor":7.0,"turns":3.0},{"damage":7,"enemies":"Large Slime","floor":14,"turns":6},{"damage":16,"enemies":"The Guardian","floor":16,"turns":16},{"damage":18,"enemies":"Spheric Guardian","floor":18,"turns":4},{"damage":23,"enemies":"3 Byrds","floor":23,"turns":3},{"damage":12,"enemies":"Shelled Parasite and Fungi","floor":24,"turns":2}],"seed_played":"-7505837737292964014","potions_obtained":[{"floor":7.0,"key":"Poison Potion"}],"is_trial":false,"path_per_floor":["M","?","?","?","M","E","M","R","T","R","$","?","R","M","R","B",null,"M","?","?","$","?","M","M"],"character_chosen":"THE_SILENT","items_purchased":["Omamori","Cloak And Dagger"],"campfire_rested":0,"item_purchase_floors":[11,11],"current_hp_per_floor":[59,59,39,39,39,39,39,39,39,39,39,39,39,32,32,16,54,36,36,36,36,36,13,1,1],"gold":101,"neow_bonus":"THREE_ENEMY_KILL","is_daily":false,"chose_seed":false,"campfire_upgraded":4,"win_rate":0.0,"timestamp":1609683313,"path_taken":["M","?","?","?","?","E","?","R","T","R","$","?","R","M","R","BOSS","M","?","?","$","?","M","M"],"items_purchased_type":["Relic","Card"],"build_version":"2020-12-22","purchased_purges":2,"victory":false,"max_hp_per_floor":[66,66,66,66,66,66,66,66,66,66,66,66,66,66,66,66,66,66,66,66,66,66,66,66,66],"card_choices":[{"not_picked":["Backflip","Deadly Poison"],"picked":"Cloak And Dagger","floor":1.0},{"not_picked":["Dodge and Roll","Bane"],"picked":"Dash","floor":5.0},{"not_picked":["Poisoned Stab","Dagger Spray"],"picked":"Blade Dance","floor":6.0},{"not_picked":["Escape Plan","Poisoned Stab"],"picked":"Flechettes","floor":7.0},{"not_picked":["Leg Sweep","Distraction","Slice"],"picked":"SKIP","floor":14},{"not_picked":["Corpse Explosion","Die Die Die"],"picked":"A Thousand Cuts","floor":16},{"not_picked":["Underhanded Strike","Bane","Acrobatics"],"picked":"SKIP","floor":18},{"not_picked":["Dodge and Roll","Dash"],"picked":"Backflip","floor":23}],"player_experience":5114,"relics_obtained":[{"floor":6.0,"key":"War Paint"},{"floor":9.0,"key":"Art of War"}],"event_choices":[{"damage_healed":0.0,"max_hp_gain":0.0,"max_hp_loss":0.0,"gold_gain":150.0,"event_name":"Liars Game","player_choice":"AGREE","floor":2.0,"gold_loss":0.0,"damage_taken":0.0,"cards_obtained":["Doubt"]},{"damage_healed":0.0,"max_hp_gain":0.0,"max_hp_loss":0.0,"gold_gain":0.0,"event_name":"Shining Light","player_choice":"Entered Light","floor":3.0,"gold_loss":0.0,"damage_taken":20.0,"cards_upgraded":["Defend_G","Strike_G"]},{"cards_removed":["Doubt"],"damage_healed":0.0,"max_hp_gain":0.0,"max_hp_loss":0.0,"gold_gain":0.0,"event_name":"Fountain of Cleansing","player_choice":"Removed Curses","floor":4.0,"gold_loss":0.0,"damage_taken":0.0},{"damage_healed":0,"gold_gain":30,"player_choice":"Searched \u00271\u0027 times","damage_taken":0,"max_hp_gain":0,"max_hp_loss":0,"event_name":"Dead Adventurer","floor":12,"gold_loss":0},{"damage_healed":0,"gold_gain":0,"player_choice":"Read","damage_taken":0,"max_hp_gain":0,"max_hp_loss":0,"event_name":"The Library","floor":19,"gold_loss":0,"cards_obtained":["Blade Dance"]},{"damage_healed":0,"gold_gain":0,"cards_transformed":["Strike_G","Defend_G"],"player_choice":"Became Test Subject","damage_taken":0,"max_hp_gain":0,"max_hp_loss":0,"event_name":"Drug Dealer","floor":20,"gold_loss":0,"cards_obtained":["Bane","Blur"]},{"damage_healed":0,"gold_gain":0,"player_choice":"Upgraded","damage_taken":0,"max_hp_gain":0,"max_hp_loss":0,"event_name":"Upgrade Shrine","floor":22,"gold_loss":0,"cards_upgraded":["A Thousand Cuts"]}],"is_beta":false,"boss_relics":[{"not_picked":["SacredBark","SlaversCollar"],"picked":"Philosopher\u0027s Stone"}],"items_purged_floors":[11,21],"is_endless":false,"potions_floor_spawned":[7],"killed_by":"Shelled Parasite and Fungi","ascension_level":20}}