{"host":"oy4pyvr762z5n0bb","time":1609648118,"event":{"mods":["AchievementEnabler","BaseMod","Colored Map","Colored Powertips","Googly Eyes","Key Reminder","Minty Spire (QoL Compilation)","Quick Restart","Relic Sorter","StSLib","SuperFastMode","Unceasing Turn Reminder","slay the spire mod where everything is the same but ironclad has a cowboy hat"],"gold_per_floor":[118,118,198,52,67,67,97,97,147,182,194,194,194,207,207,312,312,323,349,40,40,56,56,84,84,84,84,97,110,110,110,110],"floor_reached":31,"playtime":752,"items_purged":["Strike_R"],"score":339,"play_id":"f5b86739-ac2d-473e-9d69-5c70ad9d8b59","local_time":"20210102202838","is_ascension_mode":true,"campfire_choices":[{"data":"Rupture","floor":6,"key":"SMITH"},{"floor":8,"key":"REST"},{"floor":15,"key":"REST"},{"data":"Brutality","floor":23,"key":"SMITH"},{"data":"Reaper","floor":25,"key":"SMITH"},{"floor":27,"key":"REST"}],"circlet_count":0,"master_deck":["Strike_R","Strike_R","Strike_R","Strike_R","Defend_R","Defend_R","Defend_R","Defend_R","Bash","Hemokinesis+1","Rupture+1","Dual Wield","Sever Soul","Warcry","Parasite","Brutality+1","Reaper+1","Writhe","Thunderclap","Burning Pact+1","Twin Strike","True Grit"],"relics":["Burning Blood","Juzu Bracelet","FossilizedHelix","Potion Belt","Dead Branch","Busted Crown","Red Mask","Lee\u0027s Waffle","Art of War","Du-Vu Doll","Bag of Preparation"],"acts_visited":["Exordium","TheCity"],"potions_floor_usage":[31],"damage_taken":[{"damage":4,"enemies":"Small Slimes","floor":1,"turns":4},{"damage":8,"enemies":"Jaw Worm","floor":5,"turns":4},{"damage":54,"enemies":"3 Sentries","floor":7,"turns":9},{"damage":41,"enemies":"Lagavulin","floor":10,"turns":6},{"damage":0,"enemies":"2 Louse","floor":11,"turns":4},{"damage":23,"enemies":"Exordium Thugs","floor":14,"turns":4},{"damage":42,"enemies":"Slime Boss","floor":16,"turns":9},{"damage":14,"enemies":"Chosen","floor":18,"turns":5},{"damage":59,"enemies":"Masked Bandits","floor":19,"turns":5},{"damage":48,"enemies":"Shell Parasite","floor":22,"turns":6},{"damage":50,"enemies":"Gremlin Leader","floor":24,"turns":7},{"damage":24,"enemies":"Chosen and Byrds","floor":28,"turns":5},{"damage":12,"enemies":"Centurion and Healer","floor":29,"turns":3},{"damage":45,"enemies":"Colosseum Slavers","floor":30,"turns":4},{"damage":43,"enemies":"Book of Stabbing","floor":31,"turns":3}],"seed_played":"8901445062537081887","potions_obtained":[{"floor":10,"key":"Block Potion"},{"floor":19,"key":"SneckoOil"},{"floor":24,"key":"DistilledChaos"},{"floor":29,"key":"FearPotion"}],"is_trial":false,"path_per_floor":["M","?","?","$","M","R","E","R","T","E","M","?","?","M","R","B",null,"M","?","$","?","M","R","E","R","T","R","M","M","?","E"],"character_chosen":"IRONCLAD","items_purchased":["Rupture","Lee\u0027s Waffle","Reaper"],"campfire_rested":3,"item_purchase_floors":[4,20,20],"current_hp_per_floor":[74,79,79,79,77,77,29,54,54,19,25,25,46,29,54,18,68,60,7,92,92,69,69,47,47,47,74,56,65,42,0,0],"gold":110,"neow_bonus":"RANDOM_COMMON_RELIC","is_daily":false,"chose_seed":false,"campfire_upgraded":3,"win_rate":0.0,"timestamp":1609648118,"path_taken":["M","?","?","$","M","R","E","R","T","E","M","?","?","M","R","BOSS","M","?","$","?","M","R","E","R","T","R","M","M","?","E"],"items_purchased_type":["Card","Relic","Card"],"build_version":"2020-12-22","purchased_purges":1,"victory":false,"max_hp_per_floor":[80,85,85,85,85,85,85,85,85,85,85,85,85,85,85,85,85,85,85,92,92,92,92,92,92,92,92,92,92,92,92,92],"card_choices":[{"not_picked":["True Grit","Carnage"],"picked":"Hemokinesis","floor":1},{"not_picked":["Havoc","Clash","Clothesline"],"picked":"SKIP","floor":5},{"not_picked":["Cleave","Twin Strike"],"picked":"Dual Wield","floor":7},{"not_picked":["Body Slam","Metallicize"],"picked":"Sever Soul","floor":10},{"not_picked":["Iron Wave","Clash"],"picked":"Warcry","floor":11},{"not_picked":["Infernal Blade","Impervious","Havoc"],"picked":"SKIP","floor":14},{"not_picked":["Juggernaut","Berserk"],"picked":"Brutality","floor":16},{"not_picked":["Perfected Strike"],"picked":"SKIP","floor":18},{"not_picked":[],"picked":"Thunderclap","floor":22},{"not_picked":[],"picked":"Burning Pact+1","floor":24},{"not_picked":[],"picked":"Twin Strike","floor":28},{"not_picked":[],"picked":"True Grit","floor":29}],"player_experience":628557,"relics_obtained":[{"floor":7,"key":"FossilizedHelix"},{"floor":9,"key":"Potion Belt"},{"floor":10,"key":"Dead Branch"},{"floor":19,"key":"Red Mask"},{"floor":24,"key":"Du-Vu Doll"},{"floor":26,"key":"Bag of Preparation"}],"event_choices":[{"damage_healed":0,"gold_gain":0,"player_choice":"Donut","damage_taken":0,"max_hp_gain":5,"max_hp_loss":0,"event_name":"Big Fish","floor":2,"gold_loss":0},{"damage_healed":0,"gold_gain":80,"player_choice":"Gained Gold","damage_taken":0,"max_hp_gain":0,"max_hp_loss":0,"event_name":"Golden Wing","floor":3,"gold_loss":0},{"damage_healed":0,"gold_gain":0,"player_choice":"Upgraded","damage_taken":0,"max_hp_gain":0,"max_hp_loss":0,"event_name":"Upgrade Shrine","floor":12,"gold_loss":0,"cards_upgraded":["Hemokinesis"]},{"damage_healed":21,"gold_gain":0,"player_choice":"Healed and dodged fight","damage_taken":0,"max_hp_gain":0,"max_hp_loss":0,"event_name":"Mushrooms","floor":13,"gold_loss":0,"cards_obtained":["Parasite"]},{"damage_healed":0,"gold_gain":0,"player_choice":"Fought Bandits","damage_taken":0,"max_hp_gain":0,"max_hp_loss":0,"event_name":"Masked Bandits","floor":19,"gold_loss":0},{"damage_healed":0,"gold_gain":0,"player_choice":"Opened","damage_taken":0,"relics_obtained":["Art of War"],"max_hp_gain":0,"max_hp_loss":0,"event_name":"The Mausoleum","floor":21,"gold_loss":0,"cards_obtained":["Writhe"]},{"damage_healed":0,"gold_gain":0,"player_choice":"Fight","damage_taken":0,"max_hp_gain":0,"max_hp_loss":0,"event_name":"Colosseum","floor":30,"gold_loss":0},{"damage_healed":0,"gold_gain":0,"player_choice":"Fled From Nobs","damage_taken":0,"max_hp_gain":0,"max_hp_loss":0,"event_name":"Colosseum","floor":30,"gold_loss":0}],"is_beta":false,"boss_relics":[{"not_picked":["Mark of Pain","SacredBark"],"picked":"Busted Crown"}],"items_purged_floors":[4],"is_endless":false,"potions_floor_spawned":[10,19,24,29],"killed_by":"Book of Stabbing","ascension_level":6}}