{"host":"sabve5zmqufxyc5o","time":1609674770,"event":{"mods":["2.2 Compatiblity","AchievementEnabler","Act Like it!","Arknights The Spire","BaseMod","Block Reminder","Colored Map","Colored Powertips","DeckTracker","KOR Keyword Fix","Keyboard Shortcuts","Minty Spire (QoL Compilation)","Quick Restart","Rare Cards Sparkle","Relic Stats","StSLib","SuperFastMode"],"gold_per_floor":[119,119,130,141,161,192,192,192,215,230,230,7,34,58,70,181,193,223,249,261,273,296,334,89,89,115,134,134,144,9,78,78,78,78],"floor_reached":33,"playtime":953,"items_purged":["ats:Strike C","ats:Strike V+1","ats:Consecutive Shot Auto"],"score":346,"play_id":"153141b9-8b24-482f-a967-918810dc0794","local_time":"20210103205250","is_ascension_mode":true,"campfire_choices":[{"floor":7.0,"key":"REST"},{"data":"ats:Hammer On","floor":11.0,"key":"SMITH"},{"data":"ats:Disruption Kick","floor":15.0,"key":"SMITH"},{"floor":25,"key":"REST"},{"floor":28,"key":"REST"},{"floor":32,"key":"REST"}],"circlet_count":0,"master_deck":["ats:Strike S+1","ats:Armor Crushing Shot","ats:Defend","ats:Defend","ats:Defend+1","ats:Emotion Absorption+1","ats:Hammer On+1","ats:Shell Defense","ats:Red Shift","ats:Neurotoxin","ats:Disruption Kick+1","ats:Support Order","ats:Rat Pack","ats:Echo Reverb+1","ats:Healing Strengthening+1","ats:Poison Spread+1","ats:Rapid Magazine","ats:Flexible Camouflage+1","ats:Childhood Dance","ats:Automatic Cover","ats:Hook Shot+1"],"relics":["ats:Sanity","War Paint","ats:Originium","Bag of Preparation","Orichalcum","Membership Card","MawBank","Astrolabe","StrikeDummy","Bottled Lightning","Blood Vial","Vajra","Shuriken"],"acts_visited":["Exordium","TheCity"],"potions_floor_usage":[23,23,27,33,33],"damage_taken":[{"damage":1.0,"enemies":"2 Louse","floor":1.0,"turns":3.0},{"damage":0.0,"enemies":"Jaw Worm","floor":3.0,"turns":3.0},{"damage":0.0,"enemies":"Small Slimes","floor":4.0,"turns":2.0},{"damage":7.0,"enemies":"Exordium Wildlife","floor":5.0,"turns":4.0},{"damage":25.0,"enemies":"Lagavulin","floor":6.0,"turns":7.0},{"damage":11.0,"enemies":"Exordium Thugs","floor":10.0,"turns":5.0},{"damage":13.0,"enemies":"3 Sentries","floor":13.0,"turns":6.0},{"damage":1.0,"enemies":"Blue Slaver","floor":14.0,"turns":5.0},{"damage":15.0,"enemies":"Slime Boss","floor":16.0,"turns":7.0},{"damage":0.0,"enemies":"3 Byrds","floor":18.0,"turns":4.0},{"damage":32.0,"enemies":"2 Thieves","floor":19.0,"turns":4.0},{"damage":12.0,"enemies":"Shelled Parasite and Fungi","floor":22.0,"turns":6.0},{"damage":50,"enemies":"Gremlin Leader","floor":23,"turns":8},{"damage":44,"enemies":"Snecko","floor":27,"turns":8},{"damage":20,"enemies":"Snake Plant","floor":29,"turns":5},{"damage":119,"enemies":"Automaton","floor":33,"turns":12}],"seed_played":"-3424766054661970376","potions_obtained":[{"floor":3.0,"key":"Weak Potion"},{"floor":6.0,"key":"PowerPotion"},{"floor":10.0,"key":"Weak Potion"},{"floor":14.0,"key":"SteroidPotion"},{"floor":16.0,"key":"Weak Potion"},{"floor":23,"key":"Weak Potion"},{"floor":27,"key":"LiquidMemories"}],"is_trial":false,"path_per_floor":["M","?","M","M","M","E","R","?","T","M","R","$","E","M","R","B",null,"M","M","?","?","M","E","$","R","T","M","R","M","$","T","R","B"],"character_chosen":"DOCTOR_CLASS","items_purchased":["Membership Card","ats:Neurotoxin","Bottled Lightning","FairyPotion","ats:Childhood Dance","Vajra"],"campfire_rested":4,"item_purchase_floors":[12,12,24,24,24,30],"current_hp_per_floor":[71,57,57,57,50,30,51,56,56,50,50,50,40,44,44,32,66,68,38,38,38,40,10,10,33,33,10,33,20,20,20,43,0,0],"gold":78,"neow_bonus":"RANDOM_COMMON_RELIC","is_daily":false,"chose_seed":false,"campfire_upgraded":2,"win_rate":0.0,"timestamp":1609674770,"path_taken":["M","?","M","M","M","E","R","?","T","M","R","$","E","M","R","BOSS","M","M","?","?","M","E","$","R","T","M","R","M","$","?","R","BOSS"],"items_purchased_type":["Relic","Card","Relic","Potion","Card","Relic"],"build_version":"2020-12-22","purchased_purges":3,"victory":false,"max_hp_per_floor":[72,72,72,72,72,72,72,77,77,77,77,77,77,77,77,77,77,77,77,77,77,77,77,77,77,77,77,77,77,77,77,77,77,77],"relic_stats":{"Blood Vial":6,"counters":[16,89],"Shuriken":[0],"Astrolabe":["ats:Echo Reverb","ats:Healing Strengthening","ats:Poison Spread"],"Bag of Preparation":[22],"War Paint":["ats:Defend","ats:Emotion Absorption"],"Orichalcum":[138],"MawBank":132,"obtain_stats":[{"Astrolabe":17,"Vajra":30,"Bag of Preparation":6,"War Paint":0,"Orichalcum":9,"MawBank":13,"Blood Vial":26,"ats:Originium":6,"Shuriken":31,"ats:Sanity":0,"Membership Card":12,"Bottled Lightning":24,"StrikeDummy":23},{"Astrolabe":9,"Vajra":15,"Bag of Preparation":5,"War Paint":0,"Orichalcum":5,"MawBank":7,"Blood Vial":13,"ats:Originium":5,"Shuriken":15,"ats:Sanity":0,"Membership Card":6,"Bottled Lightning":13,"StrikeDummy":13},{"Astrolabe":42,"Vajra":77,"Bag of Preparation":19,"War Paint":0,"Orichalcum":19,"MawBank":30,"Blood Vial":64,"ats:Originium":19,"Shuriken":77,"ats:Sanity":0,"Membership Card":24,"Bottled Lightning":64,"StrikeDummy":64}]},"card_choices":[{"not_picked":["ats:Spore Proliferation","ats:Childhood Dance"],"picked":"ats:Hammer On","floor":1.0},{"not_picked":["ats:Assault Order","ats:Closed Bolt Burst Fire","ats:Hammer On"],"picked":"SKIP","floor":3.0},{"not_picked":["ats:Beaten Up","ats:Assault Order"],"picked":"ats:Consecutive Shot Auto","floor":4.0},{"not_picked":["ats:Hammer On","ats:Flexible Camouflage"],"picked":"ats:Shell Defense","floor":5.0},{"not_picked":["ats:Flame Of Heaven","ats:Hammer On"],"picked":"ats:Collapsing Strike","floor":6.0},{"not_picked":["ats:Assault Order","ats:Consecutive Shot Auto"],"picked":"ats:Red Shift","floor":10.0},{"not_picked":["ats:Healing Strengthening","ats:Assault Order"],"picked":"ats:Disruption Kick","floor":13.0},{"not_picked":["ats:Revitalization","ats:Apocalypse"],"picked":"ats:Support Order","floor":14.0},{"not_picked":["ats:Soul Rend","ats:Volcano"],"picked":"ats:Rat Pack","floor":16.0},{"not_picked":["ats:Cat Scratch","ats:Assault Order","ats:Poison Spread"],"picked":"SKIP","floor":18.0},{"not_picked":["ats:Consecutive Shot Auto","ats:Shadow Assault"],"picked":"ats:Rapid Magazine","floor":19.0},{"not_picked":["ats:Demon Strength","ats:Hammer On","ats:Collapsing Strike"],"picked":"SKIP","floor":22.0},{"not_picked":["ats:Durian","ats:Soul Absorption"],"picked":"ats:Flexible Camouflage+1","floor":23},{"not_picked":["ats:Powerful Strike","ats:Explosion Area Strengthen+1"],"picked":"ats:Automatic Cover","floor":27},{"not_picked":["ats:Neurotoxin","ats:Thermite Blade"],"picked":"ats:Hook Shot+1","floor":29}],"player_experience":838819,"relics_obtained":[{"floor":6.0,"key":"ats:Originium"},{"floor":6.0,"key":"Bag of Preparation"},{"floor":9.0,"key":"Orichalcum"},{"floor":13.0,"key":"ats:Originium"},{"floor":13.0,"key":"MawBank"},{"floor":23,"key":"ats:Originium"},{"floor":23,"key":"StrikeDummy"},{"floor":26,"key":"Blood Vial"},{"floor":31,"key":"Shuriken"}],"event_choices":[{"damage_healed":0.0,"max_hp_gain":0.0,"max_hp_loss":0.0,"gold_gain":0.0,"event_name":"Shining Light","player_choice":"Entered Light","floor":2.0,"gold_loss":0.0,"damage_taken":14.0,"cards_upgraded":["ats:Strike V","ats:Strike S"]},{"damage_healed":0.0,"max_hp_gain":5.0,"max_hp_loss":0.0,"gold_gain":0.0,"event_name":"Big Fish","player_choice":"Donut","floor":8.0,"gold_loss":0.0,"damage_taken":0.0},{"damage_healed":0.0,"max_hp_gain":0.0,"max_hp_loss":0.0,"gold_gain":0.0,"event_name":"Cursed Tome","player_choice":"Ignored","floor":20.0,"gold_loss":0.0,"damage_taken":0.0},{"damage_healed":0.0,"max_hp_gain":0.0,"max_hp_loss":0.0,"gold_gain":0.0,"event_name":"Vampires","player_choice":"Ignored","floor":21.0,"gold_loss":0.0,"damage_taken":0.0}],"is_beta":false,"boss_relics":[{"not_picked":["Coffee Dripper","Tiny House"],"picked":"Astrolabe"}],"items_purged_floors":[12,24,30],"is_endless":false,"potions_floor_spawned":[3,6,10,14,16,23,27],"killed_by":"Automaton","ascension_level":5}}