{"host":"ta9mufxydm4vkknf","time":1609684558,"event":{"mods":["AchievementEnabler","BaseMod","Minty Spire (QoL Compilation)"],"gold_per_floor":[115,130,130,130,146,146,164,164,164,180,212,232,262,278,278,380,380,392,392,408,423,423,423,423],"floor_reached":23,"playtime":1239,"items_purged":[],"score":251,"play_id":"868e2fc2-1339-4aaa-9e51-c24555da3491","local_time":"20210103153558","is_ascension_mode":true,"campfire_choices":[{"data":"Thunderclap","floor":6,"key":"SMITH"},{"data":"Intimidate","floor":8,"key":"SMITH"},{"data":"Feel No Pain","floor":15,"key":"SMITH"}],"circlet_count":0,"master_deck":["Defend_R","Defend_R","Defend_R","Bash","Impervious","Thunderclap+1","Flex","Reckless Charge","Intimidate+1","Inflame","Warcry","Flame Barrier","True Grit","Feel No Pain+1","Bludgeon","Anger+1","Hemokinesis","Bite","Bite","Bite","Bite","Bite"],"relics":["Burning Blood","Bottled Flame","Bird Faced Urn","Champion Belt","Turnip","Empty Cage"],"acts_visited":["Exordium","TheCity"],"potions_floor_usage":[16],"damage_taken":[{"damage":11,"enemies":"Cultist","floor":1,"turns":4},{"damage":9,"enemies":"Jaw Worm","floor":2,"turns":6},{"damage":3,"enemies":"Small Slimes","floor":5,"turns":3},{"damage":8,"enemies":"Red Slaver","floor":7,"turns":4},{"damage":7,"enemies":"Looter","floor":10,"turns":3},{"damage":17,"enemies":"3 Sentries","floor":11,"turns":6},{"damage":4,"enemies":"2 Fungi Beasts","floor":12,"turns":4},{"damage":18,"enemies":"Gremlin Nob","floor":13,"turns":6},{"damage":8,"enemies":"Blue Slaver","floor":14,"turns":3},{"damage":43,"enemies":"The Guardian","floor":16,"turns":15},{"damage":17,"enemies":"2 Thieves","floor":18,"turns":5},{"damage":12,"enemies":"Chosen","floor":20,"turns":4},{"damage":31,"enemies":"Snake Plant","floor":21,"turns":5},{"damage":62,"enemies":"Book of Stabbing","floor":23,"turns":5}],"seed_played":"1871500704033939728","potions_obtained":[{"floor":1,"key":"Weak Potion"},{"floor":12,"key":"Weak Potion"},{"floor":14,"key":"SteroidPotion"},{"floor":16,"key":"EssenceOfSteel"}],"is_trial":false,"path_per_floor":["M","M","T","?","M","R","M","R","T","M","E","M","E","M","R","B",null,"M","?","M","M","?","E"],"character_chosen":"IRONCLAD","items_purchased":[],"campfire_rested":0,"item_purchase_floors":[],"current_hp_per_floor":[75,72,72,72,75,75,73,73,73,72,63,67,57,55,55,22,80,71,71,67,44,44,0,0],"gold":423,"neow_bonus":"ONE_RANDOM_RARE_CARD","is_daily":false,"chose_seed":false,"campfire_upgraded":3,"win_rate":0.0,"timestamp":1609684558,"path_taken":["M","M","?","?","M","R","M","R","T","?","E","M","E","M","R","BOSS","M","?","M","?","?","E"],"items_purchased_type":[],"build_version":"2020-12-22","purchased_purges":0,"victory":false,"max_hp_per_floor":[80,80,80,80,80,80,80,80,80,80,80,80,80,80,80,80,80,80,80,80,80,56,56,56],"card_choices":[{"not_picked":["Searing Blow","Perfected Strike"],"picked":"Thunderclap","floor":1},{"not_picked":["Whirlwind","Pommel Strike"],"picked":"Flex","floor":2},{"not_picked":["Bloodletting","Offering"],"picked":"Reckless Charge","floor":5},{"not_picked":["Havoc","Rampage"],"picked":"Intimidate","floor":7},{"not_picked":["Armaments","Intimidate"],"picked":"Inflame","floor":10},{"not_picked":["Sever Soul","Anger"],"picked":"Warcry","floor":11},{"not_picked":["Infernal Blade","Heavy Blade"],"picked":"Flame Barrier","floor":12},{"not_picked":["Clash","Sentinel"],"picked":"True Grit","floor":13},{"not_picked":["True Grit","Armaments"],"picked":"Feel No Pain","floor":14},{"not_picked":["Feed","Fiend Fire"],"picked":"Bludgeon","floor":16},{"not_picked":["True Grit+1","Intimidate"],"picked":"Anger+1","floor":18},{"not_picked":["Clothesline","Clash+1"],"picked":"Hemokinesis","floor":20},{"not_picked":["Combust","Searing Blow","Hemokinesis"],"picked":"SKIP","floor":21}],"player_experience":158783,"relics_obtained":[{"floor":3,"key":"Bottled Flame"},{"floor":9,"key":"Bird Faced Urn"},{"floor":11,"key":"Champion Belt"},{"floor":13,"key":"Turnip"}],"event_choices":[{"damage_healed":0,"gold_gain":0,"player_choice":"Ignored","damage_taken":0,"max_hp_gain":0,"max_hp_loss":0,"event_name":"Golden Idol","floor":4,"gold_loss":0},{"cards_removed":["Strike_R"],"damage_healed":0,"gold_gain":0,"player_choice":"Offered Basic","damage_taken":0,"max_hp_gain":0,"max_hp_loss":0,"event_name":"Bonfire Elementals","floor":19,"gold_loss":0},{"damage_healed":0,"gold_gain":0,"player_choice":"Became a vampire","damage_taken":0,"max_hp_gain":0,"max_hp_loss":24,"event_name":"Vampires","floor":22,"gold_loss":0,"cards_obtained":["Bite","Bite","Bite","Bite","Bite"]}],"is_beta":false,"boss_relics":[{"not_picked":["SacredBark","Pandora\u0027s Box"],"picked":"Empty Cage"}],"items_purged_floors":[],"is_endless":false,"potions_floor_spawned":[1,12,14,16],"killed_by":"Book of Stabbing","ascension_level":2}}