{"host":"344lv32hnei0mdhu","time":1609665782,"event":{"mods":["Act Like it!","BaseMod","Better Match","Better Sensory Stone","Better Skull","Better Third Choice","Better Vampires","Colored Powertips","Highlight Path","Minty Spire (QoL Compilation)","Quick Restart","Random Character Button","Rare Cards Sparkle","StSLib"],"gold_per_floor":[117,42,42,217,235,567,579,596,596,609,113,113,113,132,132,235,235,252,252,270,270,340,340,390,236,236,263,184,244,244,260,260,360,360,374,474,486,536,552,566,310,323,375,375,375],"floor_reached":44,"playtime":4892,"items_purged":["Doubt","Strike_P+1"],"score":749,"play_id":"17ca5b5e-6aec-419e-8b63-7c8d6f478a56","local_time":"20210103032302","is_ascension_mode":true,"campfire_choices":[{"data":"Eruption","floor":12.0,"key":"SMITH"},{"floor":15.0,"key":"REST"},{"floor":23.0,"key":"REST"},{"data":"Devotion","floor":30.0,"key":"SMITH"},{"data":"Fasting2","floor":32.0,"key":"SMITH"}],"circlet_count":0,"master_deck":["Defend_P","Defend_P+1","Defend_P","Defend_P+1","Eruption+1","Vigilance+1","BowlingBash","Vault+1","Devotion+1","LessonLearned+1","ReachHeaven+1","FearNoEvil","Evaluate","SashWhip+1","Protect+1","Protect+1","ReachHeaven","Scrawl","Devotion+1","DeceiveReality+1","Conclude+1","TalkToTheHand","DeusExMachina","Fasting2+1","Ragnarok","Prostrate","ForeignInfluence+1","Fasting2+1","Bandage Up"],"relics":["PureWater","NeowsBlessing","Old Coin","Question Card","Orichalcum","Matryoshka","VioletLotus","SsserpentHead","Pen Nib","Mango","ClockworkSouvenir","War Paint","Strawberry","Meat on the Bone","Empty Cage","FossilizedHelix","Vajra","Happy Flower"],"acts_visited":["Exordium","TheCity","TheBeyond"],"potions_floor_usage":[44],"damage_taken":[{"damage":0.0,"enemies":"2 Louse","floor":1.0,"turns":1.0},{"damage":0.0,"enemies":"Cultist","floor":5.0,"turns":1.0},{"damage":0.0,"enemies":"Lagavulin","floor":6.0,"turns":1.0},{"damage":0.0,"enemies":"Small Slimes","floor":7.0,"turns":3.0},{"damage":24.0,"enemies":"Exordium Wildlife","floor":8.0,"turns":5.0},{"damage":0.0,"enemies":"Large Slime","floor":10.0,"turns":5.0},{"damage":0.0,"enemies":"Red Slaver","floor":14.0,"turns":5.0},{"damage":2.0,"enemies":"Slime Boss","floor":16.0,"turns":8.0},{"damage":0.0,"enemies":"Chosen","floor":18.0,"turns":5.0},{"damage":4.0,"enemies":"Spheric Guardian","floor":20.0,"turns":5.0},{"damage":12.0,"enemies":"Centurion and Healer","floor":22.0,"turns":2.0},{"damage":10.0,"enemies":"Gremlin Leader","floor":27.0,"turns":6.0},{"damage":5.0,"enemies":"Cultist and Chosen","floor":29.0,"turns":6.0},{"damage":3.0,"enemies":"Snake Plant","floor":31.0,"turns":5.0},{"damage":17.0,"enemies":"Champ","floor":33.0,"turns":8.0},{"damage":10.0,"enemies":"Orb Walker","floor":35.0,"turns":6.0},{"damage":10.0,"enemies":"Mind Bloom Boss Battle","floor":36.0,"turns":6.0},{"damage":17.0,"enemies":"3 Darklings","floor":37.0,"turns":7.0},{"damage":0.0,"enemies":"Spire Growth","floor":39.0,"turns":4.0},{"damage":0.0,"enemies":"Jaw Worm Horde","floor":40.0,"turns":5.0},{"damage":44,"enemies":"Transient","floor":42,"turns":6},{"damage":100,"enemies":"Writhing Mass","floor":44,"turns":4}],"seed_played":"2467297068753125055","potions_obtained":[{"floor":5.0,"key":"EssenceOfSteel"},{"floor":10.0,"key":"SkillPotion"},{"floor":14.0,"key":"Strength Potion"},{"floor":16.0,"key":"PowerPotion"},{"floor":20.0,"key":"AttackPotion"},{"floor":31.0,"key":"LiquidMemories"},{"floor":33.0,"key":"Swift Potion"},{"floor":35.0,"key":"DistilledChaos"},{"floor":36.0,"key":"BlessingOfTheForge"},{"floor":37.0,"key":"DistilledChaos"},{"floor":39.0,"key":"SneckoOil"}],"is_trial":false,"path_per_floor":["M","?","?","?","M","E","M","M","T","M","$","R","?","M","R","B",null,"M","$","M","?","M","R","T","$","T","E","$","M","R","M","R","B",null,"M","?","M","?","M","M","$","M","T","M"],"character_chosen":"WATCHER","items_purchased":["Orichalcum","Matryoshka","ReachHeaven","ClockworkSouvenir","Fasting2","Vajra"],"campfire_rested":2,"item_purchase_floors":[11,11,11,25,28,41],"current_hp_per_floor":[65,65,65,65,65,65,65,41,41,41,41,41,27,27,48,46,66,66,66,62,62,50,71,85,85,92,82,82,77,77,74,74,57,84,74,64,47,47,51,55,55,27,27,0,0],"gold":375,"neow_bonus":"THREE_ENEMY_KILL","is_daily":false,"chose_seed":false,"campfire_upgraded":3,"win_rate":0.0,"timestamp":1609665782,"path_taken":["M","?","?","?","M","E","M","M","T","M","$","R","?","?","R","BOSS","M","$","M","?","?","R","?","$","T","E","$","?","R","M","R","BOSS","M","?","M","?","M","M","$","M","T","M"],"items_purchased_type":["Relic","Relic","Card","Relic","Card","Relic"],"build_version":"2020-12-22","purchased_purges":2,"victory":false,"max_hp_per_floor":[72,72,72,72,72,72,72,72,72,72,72,72,72,72,72,72,72,72,72,72,72,72,72,86,86,93,93,93,93,93,93,93,93,93,93,93,93,93,93,93,93,93,93,93,93],"card_choices":[{"not_picked":["ClearTheMind","FollowUp"],"picked":"BowlingBash","floor":1.0},{"not_picked":["DevaForm+1","LessonLearned+1"],"picked":"Vault+1","floor":2.0},{"not_picked":["LessonLearned+1","Ragnarok+1"],"picked":"Devotion+1","floor":2.0},{"not_picked":["Alpha+1","Brilliance+1"],"picked":"LessonLearned+1","floor":2.0},{"not_picked":["FlurryOfBlows","ThirdEye"],"picked":"FearNoEvil","floor":5.0},{"not_picked":["Crescendo","WindmillStrike"],"picked":"Evaluate","floor":6.0},{"not_picked":["CrushJoints","EmptyFist"],"picked":"SashWhip","floor":7.0},{"not_picked":["JustLucky","SashWhip"],"picked":"Protect","floor":8.0},{"not_picked":["Meditate","EmptyMind","Adaptation"],"picked":"Protect","floor":10.0},{"not_picked":["ThirdEye","Crescendo","PathToVictory"],"picked":"Scrawl","floor":14.0},{"not_picked":["MasterReality","Scrawl","LessonLearned"],"picked":"Devotion","floor":16.0},{"not_picked":["SignatureMove","PathToVictory","EmptyBody+1"],"picked":"DeceiveReality","floor":18.0},{"not_picked":["FlyingSleeves","BowlingBash","SashWhip+1"],"picked":"Conclude+1","floor":20.0},{"not_picked":["Evaluate","Protect","ClearTheMind"],"picked":"TalkToTheHand","floor":22.0},{"not_picked":["FollowUp+1","FlyingSleeves","Evaluate+1"],"picked":"DeusExMachina","floor":27.0},{"not_picked":["CrushJoints+1","SashWhip","Weave","MentalFortress"],"picked":"SKIP","floor":29.0},{"not_picked":["WindmillStrike","CrushJoints","EmptyFist","WheelKick"],"picked":"SKIP","floor":31.0},{"not_picked":["LessonLearned","Alpha","Vault"],"picked":"Ragnarok","floor":33.0},{"not_picked":["Halt","Sanctity","JustLucky"],"picked":"Prostrate","floor":35.0},{"not_picked":["ClearTheMind+1","PathToVictory","Consecrate+1"],"picked":"ForeignInfluence+1","floor":36.0},{"not_picked":["FlurryOfBlows+1","Halt+1","CrushJoints+1"],"picked":"Fasting2+1","floor":37.0},{"not_picked":["Blind","Secret Weapon","Enlightenment"],"picked":"Bandage Up","floor":38.0},{"not_picked":["BowlingBash+1","PathToVictory","Swivel+1","ThirdEye+1"],"picked":"SKIP","floor":39.0},{"not_picked":["FlyingSleeves+1","Consecrate","ClearTheMind","Worship"],"picked":"SKIP","floor":40.0},{"not_picked":["JustLucky+1","CrushJoints","Sanctity+1","BattleHymn"],"picked":"SKIP","floor":42}],"player_experience":300352,"relics_obtained":[{"floor":6.0,"key":"Old Coin"},{"floor":9.0,"key":"Question Card"},{"floor":24.0,"key":"Pen Nib"},{"floor":24.0,"key":"Mango"},{"floor":26.0,"key":"War Paint"},{"floor":26.0,"key":"Strawberry"},{"floor":27.0,"key":"Meat on the Bone"},{"floor":36.0,"key":"FossilizedHelix"},{"floor":43,"key":"Happy Flower"}],"event_choices":[{"damage_healed":0.0,"max_hp_gain":0.0,"max_hp_loss":0.0,"gold_gain":0.0,"event_name":"betterMatch:BetterMatch","player_choice":"3","floor":2.0,"gold_loss":0.0,"damage_taken":0.0,"cards_obtained":["betterMatch:RareCard"]},{"damage_healed":0.0,"max_hp_gain":0.0,"max_hp_loss":0.0,"gold_gain":0.0,"cards_transformed":["Strike_P"],"event_name":"Living Wall","player_choice":"Change","floor":3.0,"gold_loss":0.0,"damage_taken":0.0,"cards_obtained":["ReachHeaven"]},{"damage_healed":0.0,"max_hp_gain":0.0,"max_hp_loss":0.0,"gold_gain":175.0,"event_name":"betterThird:BetterSerpent","player_choice":"AGREE","floor":4.0,"gold_loss":0.0,"damage_taken":42.0},{"damage_healed":41.0,"max_hp_gain":0.0,"max_hp_loss":72.0,"gold_gain":0.0,"event_name":"betterThird:BetterShining","player_choice":"Upgrade","floor":13.0,"gold_loss":0.0,"damage_taken":14.0,"cards_upgraded":["Strike_P","Protect"]},{"damage_healed":0.0,"max_hp_gain":0.0,"max_hp_loss":0.0,"gold_gain":0.0,"event_name":"FaceTrader","player_choice":"Trade","floor":21.0,"gold_loss":0.0,"damage_taken":0.0,"relics_obtained":["SsserpentHead"]},{"damage_healed":0.0,"max_hp_gain":0.0,"max_hp_loss":0.0,"gold_gain":0.0,"event_name":"MindBloom","player_choice":"Fight","floor":36.0,"gold_loss":0.0,"damage_taken":0.0},{"damage_healed":0.0,"max_hp_gain":0.0,"max_hp_loss":0.0,"gold_gain":3.0,"event_name":"betterStone:BetterStone","player_choice":"1","floor":38.0,"gold_loss":0.0,"damage_taken":0.0}],"is_beta":false,"boss_relics":[{"not_picked":["SlaversCollar","Runic Pyramid"],"picked":"VioletLotus"},{"not_picked":["Coffee Dripper","Philosopher\u0027s Stone"],"picked":"Empty Cage"}],"items_purged_floors":[11,41],"is_endless":false,"potions_floor_spawned":[5,10,14,16,20,31,33,35,36,37,39],"killed_by":"Writhing Mass","ascension_level":9}}