{"host":"hg4d4z00zcdsq8kr","time":1609656170,"event":{"mods":["BaseMod","Downfall","Hubris","Infinite Spire","Minty Spire (QoL Compilation)","Replay The Spire","StSLib","The Bug Knight","The Cursed"],"gold_per_floor":[114,114,30,45,45,79,103,2,2,46,59,78,121,121,121,247,247,267,288,388,5,5,44,44,67,67,67,67],"floor_reached":27,"playtime":1249,"items_purged":["Injury"],"score":278,"play_id":"213ac0ac-b2bb-4680-ac6b-be69bff952f2","local_time":"20210103094250","is_ascension_mode":false,"campfire_choices":[{"data":"Envenom","floor":15,"key":"SMITH"},{"floor":24,"key":"REST"}],"circlet_count":0,"master_deck":["Strike_G+1","Strike_G","Strike_G","Strike_G","Defend_G","Defend_G","Defend_G+1","Defend_G","Defend_G","Survivor","Neutralize","Cloak And Dagger","Noxious Fumes","Hidden Blade","Envenom+1","Cloak And Dagger","Blade Dance","Blade Dance","Replay:Poison Smokescreen","Hidden Blade","PiercingWail","Crippling Poison","Corpse Explosion","Finisher","Deadly Poison","Accuracy","Adrenaline","Escape Plan+1"],"relics":["Ring of the Snake","NeowsBlessing","Golden Idol","infinitespire:PuzzleCube","Snack Pack","hubris:CrystalStatue","Tough Bandages","Girya","Shuriken","Gambling Chip"],"acts_visited":["Exordium","TheCity"],"potions_floor_usage":[10,11,12,16,22],"damage_taken":[{"damage":0,"enemies":"Small Slimes","floor":1,"turns":1},{"damage":0,"enemies":"2 Louse","floor":4,"turns":1},{"damage":0,"enemies":"Replay:BlueRogue","floor":6,"turns":1},{"damage":0,"enemies":"Jaw Worm","floor":7,"turns":4},{"damage":20,"enemies":"3 Sentries","floor":10,"turns":7},{"damage":0,"enemies":"Large Slime","floor":11,"turns":4},{"damage":0,"enemies":"2 Fungi Beasts","floor":12,"turns":3},{"damage":1,"enemies":"Replay:BlueRogue","floor":13,"turns":4},{"damage":6,"enemies":"Slime Boss","floor":16,"turns":8},{"damage":14,"enemies":"2 Thieves","floor":18,"turns":3},{"damage":3,"enemies":"3 Byrds","floor":19,"turns":4},{"damage":0,"enemies":"Cultist and Chosen","floor":22,"turns":1},{"damage":59,"enemies":"Book of Stabbing","floor":23,"turns":7},{"damage":22,"enemies":"Centurion and Healer","floor":25,"turns":5},{"damage":15,"enemies":"Nightmare","floor":27,"turns":5}],"seed_played":"-1942478776474181440","potions_obtained":[{"floor":4,"key":"Ancient Potion"},{"floor":6,"key":"SkillPotion"},{"floor":10,"key":"LifebloodPotion"},{"floor":13,"key":"BlessingOfTheForge"},{"floor":19,"key":"SmokeBomb"}],"is_trial":false,"path_per_floor":["M","?","$","M","?","E","M","$","T","E","M","M","E","?","R","B",null,"M","M","?","$","M","E","R","M","T","NM"],"character_chosen":"THE_SILENT","items_purchased":["Noxious Fumes","Hidden Blade","Blade Dance","Accuracy","Girya"],"campfire_rested":1,"item_purchase_floors":[3,3,8,21,21],"current_hp_per_floor":[70,56,56,56,56,56,56,56,56,44,54,58,65,65,65,66,70,58,59,59,59,59,6,27,9,9,0,0],"gold":67,"neow_bonus":"THREE_ENEMY_KILL","is_daily":false,"chose_seed":false,"campfire_upgraded":1,"win_rate":0.0,"timestamp":1609656170,"path_taken":["M","?","$","M","?","E","M","?","T","E","M","M","E","?","R","BOSS","M","?","?","$","M","E","R","M","T","NM"],"items_purchased_type":["Card","Card","Card","Card","Relic"],"build_version":"2020-12-22","purchased_purges":1,"victory":false,"max_hp_per_floor":[70,70,70,70,70,70,70,70,70,70,70,70,70,70,70,70,70,70,70,70,70,70,70,70,70,70,70,70],"card_choices":[{"not_picked":["Prepared","Backflip"],"picked":"Cloak And Dagger","floor":1},{"not_picked":["Backflip","hubris:SlightOfHand"],"picked":"Envenom","floor":4},{"not_picked":["ReplayTheSpireMod:Tripwire","Dodge and Roll"],"picked":"Cloak And Dagger","floor":6},{"not_picked":["Acrobatics","Underhanded Strike"],"picked":"Blade Dance","floor":7},{"not_picked":["Underhanded Strike","Reflex"],"picked":"Replay:Poison Smokescreen","floor":10},{"not_picked":["Blade Dance","hubris:SlightOfHand"],"picked":"Hidden Blade","floor":11},{"not_picked":["Prepared","Bane"],"picked":"PiercingWail","floor":12},{"not_picked":["Skewer","Outmaneuver"],"picked":"Crippling Poison","floor":13},{"not_picked":["Die Die Die","Bullet Time"],"picked":"Corpse Explosion","floor":16},{"not_picked":["Dagger Spray","Slice"],"picked":"Finisher","floor":18},{"not_picked":["Skewer","Caltrops"],"picked":"Deadly Poison","floor":19},{"not_picked":["Dagger Spray","Deadly Poison"],"picked":"Adrenaline","floor":23},{"not_picked":["ReplayTheSpireMod:Tripwire","Poisoned Stab"],"picked":"Escape Plan+1","floor":25}],"player_experience":677940,"relics_obtained":[{"floor":6,"key":"infinitespire:PuzzleCube"},{"floor":9,"key":"Snack Pack"},{"floor":10,"key":"hubris:CrystalStatue"},{"floor":13,"key":"Tough Bandages"},{"floor":23,"key":"Shuriken"},{"floor":26,"key":"Gambling Chip"}],"event_choices":[{"damage_healed":0,"gold_gain":0,"player_choice":"Entered Light","damage_taken":14,"max_hp_gain":0,"max_hp_loss":0,"event_name":"Shining Light","floor":2,"gold_loss":0,"cards_upgraded":["Strike_G","Defend_G"]},{"damage_healed":0,"gold_gain":0,"player_choice":"Take Wound","damage_taken":0,"relics_obtained":["Golden Idol"],"max_hp_gain":0,"max_hp_loss":0,"event_name":"Golden Idol","floor":5,"gold_loss":0,"cards_obtained":["Injury"]},{"cards_removed":["Strike_G"],"damage_healed":0,"gold_gain":0,"player_choice":"Offered Basic","damage_taken":0,"max_hp_gain":0,"max_hp_loss":0,"event_name":"Bonfire Elementals","floor":14,"gold_loss":0},{"damage_healed":0,"gold_gain":100,"player_choice":"Pray","damage_taken":0,"max_hp_gain":0,"max_hp_loss":0,"event_name":"Golden Shrine","floor":20,"gold_loss":0}],"is_beta":false,"boss_relics":[{"not_picked":["Kintsugi","Velvet Choker","Replay:Ancient Bell"]}],"items_purged_floors":[8],"is_endless":false,"potions_floor_spawned":[4,6,10,13,19,22],"killed_by":"Nightmare","ascension_level":0}}