{"host":"g01l53quoe6lrer0","time":1609651456,"event":{"mods":["2.2 Compatiblity","AchievementEnabler","BaseMod","Colored Map","Highlight Path","Keyboard Shortcuts","Minty Spire (QoL Compilation)","Permanent Neow","Quick Restart","StSLib","SuperFastMode","everything is the same but u backflip on backflip"],"gold_per_floor":[111,111,111,26,38,38,64,84,111,123,134,151,151,166,166,271,271,284,297,297,212,228,260,260,285,332,332,155,170,187,112,112,215,215,225,225,225,225,237,237,237],"floor_reached":40,"playtime":2931,"items_purged":["Strike_G","Strike_G","Defend_G"],"score":604,"play_id":"d7d399f4-9880-4155-9d10-9746aa438fbe","local_time":"20210103142416","is_ascension_mode":true,"campfire_choices":[{"data":"Corpse Explosion","floor":6.0,"key":"SMITH"},{"floor":13.0,"key":"REST"},{"data":"Noxious Fumes","floor":15.0,"key":"SMITH"},{"floor":27.0,"key":"REST"},{"floor":32.0,"key":"REST"}],"circlet_count":0,"master_deck":["Defend_G","Defend_G","Defend_G+1","Defend_G+1","Survivor","Neutralize","Corpse Explosion+1","Blade Dance","Noxious Fumes+1","Poisoned Stab","Crippling Poison","Bouncing Flask","Masterful Stab","Blur","Bouncing Flask","Well Laid Plans+1","Purity","Blur","Footwork","Bane+1","Burst","Catalyst+1","Deadly Poison","Deadly Poison+1","Escape Plan"],"relics":["Ring of the Snake","Smiling Mask","Tiny Chest","War Paint","Sozu","MealTicket","Paper Crane","Blood Vial","Strawberry","Runic Pyramid","Bottled Flame"],"acts_visited":["Exordium","TheCity","TheBeyond"],"potions_floor_usage":[],"damage_taken":[{"damage":0.0,"enemies":"Small Slimes","floor":1.0,"turns":3.0},{"damage":0.0,"enemies":"Jaw Worm","floor":5.0,"turns":4.0},{"damage":18.0,"enemies":"Gremlin Nob","floor":7.0,"turns":3.0},{"damage":0.0,"enemies":"2 Louse","floor":8.0,"turns":1.0},{"damage":4.0,"enemies":"Exordium Thugs","floor":10.0,"turns":4.0},{"damage":4.0,"enemies":"Large Slime","floor":11.0,"turns":4.0},{"damage":0.0,"enemies":"3 Louse","floor":12.0,"turns":2.0},{"damage":0.0,"enemies":"Blue Slaver","floor":14.0,"turns":4.0},{"damage":0.0,"enemies":"Slime Boss","floor":16.0,"turns":1.0},{"damage":0.0,"enemies":"3 Byrds","floor":18.0,"turns":3.0},{"damage":6.0,"enemies":"Shell Parasite","floor":19.0,"turns":5.0},{"damage":0.0,"enemies":"3 Cultists","floor":22.0,"turns":2.0},{"damage":12.0,"enemies":"Slavers","floor":23.0,"turns":2.0},{"damage":28.0,"enemies":"Book of Stabbing","floor":25.0,"turns":7.0},{"damage":29.0,"enemies":"Cultist and Chosen","floor":29.0,"turns":6.0},{"damage":22.0,"enemies":"Shelled Parasite and Fungi","floor":30.0,"turns":6.0},{"damage":25.0,"enemies":"Collector","floor":33.0,"turns":7.0},{"damage":0.0,"enemies":"3 Shapes","floor":35.0,"turns":2.0},{"damage":7,"enemies":"3 Darklings","floor":39,"turns":2},{"damage":55,"enemies":"Reptomancer","floor":40,"turns":5}],"seed_played":"8915905160506650180","potions_obtained":[{"floor":5.0,"key":"SneckoOil"},{"floor":11.0,"key":"SteroidPotion"},{"floor":12.0,"key":"SteroidPotion"},{"floor":16.0,"key":"FearPotion"}],"is_trial":false,"path_per_floor":["M","?","?","$","M","R","E","M","T","M","M","M","R","M","R","B",null,"M","M","?","$","M","E","T","E","T","R","$","M","M","?","R","B",null,"M","?","?","T","M","E"],"character_chosen":"THE_SILENT","items_purchased":["Noxious Fumes","Footwork","Catalyst","Deadly Poison"],"campfire_rested":3,"item_purchase_floors":[4,21,28,28],"current_hp_per_floor":[63,45,38,38,38,38,20,20,20,16,12,12,30,30,30,30,63,63,57,57,57,57,45,45,17,24,45,60,33,13,13,34,11,70,70,70,70,70,63,10,10],"gold":237,"neow_bonus":"TRANSFORM_TWO_CARDS","is_daily":false,"chose_seed":false,"campfire_upgraded":2,"win_rate":0.0,"timestamp":1609651456,"path_taken":["M","?","?","$","M","R","E","M","T","M","M","M","R","?","R","BOSS","M","M","?","?","M","E","?","E","T","R","$","M","M","?","R","BOSS","M","?","?","?","?","E"],"items_purchased_type":["Card","Card","Card","Card"],"build_version":"2020-12-22","purchased_purges":3,"victory":false,"max_hp_per_floor":[63,63,63,63,63,63,63,63,63,63,63,63,63,63,63,63,63,63,63,63,63,63,63,63,63,70,70,70,70,70,70,70,70,70,70,70,70,70,70,70,70],"card_choices":[{"not_picked":["Sucker Punch","Infinite Blades"],"picked":"Blade Dance","floor":1.0},{"not_picked":["Backflip","Bane"],"picked":"Poisoned Stab","floor":5.0},{"not_picked":["Doppelganger","Backflip"],"picked":"Crippling Poison","floor":7.0},{"not_picked":["Dagger Throw","Blade Dance","Well Laid Plans"],"picked":"SKIP","floor":8.0},{"not_picked":["Bouncing Flask","Backstab","Heel Hook"],"picked":"SKIP","floor":10.0},{"not_picked":["Backstab","Heel Hook"],"picked":"Bouncing Flask","floor":10.0},{"not_picked":["Quick Slash","Cloak And Dagger"],"picked":"Masterful Stab","floor":11.0},{"not_picked":["Crippling Poison","Skewer","Dagger Throw"],"picked":"SKIP","floor":12.0},{"not_picked":["Terror","Caltrops"],"picked":"Blur","floor":14.0},{"not_picked":["PiercingWail","Quick Slash"],"picked":"Bouncing Flask","floor":18.0},{"not_picked":["Bouncing Flask","Well Laid Plans+1","Blade Dance+1"],"picked":"SKIP","floor":19.0},{"not_picked":["Bouncing Flask","Blade Dance+1"],"picked":"Well Laid Plans+1","floor":19.0},{"not_picked":["PiercingWail","Deadly Poison"],"picked":"Bane+1","floor":22.0},{"not_picked":["Skewer","Underhanded Strike","Poisoned Stab"],"picked":"SKIP","floor":23.0},{"not_picked":["Endless Agony","Poisoned Stab"],"picked":"Burst","floor":25.0},{"not_picked":["Quick Slash","Accuracy+1","Flechettes"],"picked":"SKIP","floor":29.0},{"not_picked":["Predator","Flying Knee","Expertise"],"picked":"SKIP","floor":30.0},{"not_picked":["Prepared+1","Bane+1"],"picked":"Deadly Poison+1","floor":35.0},{"not_picked":["Flying Knee+1","Bane"],"picked":"Escape Plan","floor":39}],"player_experience":40420,"relics_obtained":[{"floor":7.0,"key":"Tiny Chest"},{"floor":9.0,"key":"War Paint"},{"floor":23.0,"key":"MealTicket"},{"floor":24.0,"key":"Paper Crane"},{"floor":25.0,"key":"Blood Vial"},{"floor":26.0,"key":"Strawberry"},{"floor":38.0,"key":"Bottled Flame"}],"event_choices":[{"damage_healed":0.0,"max_hp_gain":0.0,"max_hp_loss":0.0,"gold_gain":0.0,"event_name":"Scrap Ooze","player_choice":"Success","floor":2.0,"gold_loss":0.0,"damage_taken":18.0,"relics_obtained":["Smiling Mask"]},{"cards_removed":["Strike_G"],"damage_healed":0.0,"max_hp_gain":0.0,"max_hp_loss":0.0,"gold_gain":0.0,"event_name":"Golden Wing","player_choice":"Card Removal","floor":3.0,"gold_loss":0.0,"damage_taken":7.0},{"damage_healed":0.0,"max_hp_gain":0.0,"max_hp_loss":0.0,"gold_gain":0.0,"event_name":"Match and Keep!","player_choice":"2 cards matched","floor":20.0,"gold_loss":0.0,"damage_taken":0.0,"cards_obtained":["Purity","Blur"]},{"cards_removed":["Finisher"],"damage_healed":0.0,"max_hp_gain":0.0,"max_hp_loss":0.0,"gold_gain":0.0,"event_name":"Beggar","player_choice":"Gave Gold","floor":31.0,"gold_loss":75.0,"damage_taken":0.0},{"damage_healed":0.0,"max_hp_gain":0.0,"max_hp_loss":0.0,"gold_gain":0.0,"event_name":"Mysterious Sphere","player_choice":"Ignored","floor":36.0,"gold_loss":0.0,"damage_taken":0.0},{"damage_healed":0.0,"max_hp_gain":0.0,"max_hp_loss":0.0,"gold_gain":0.0,"event_name":"Accursed Blacksmith","player_choice":"Forge","floor":37.0,"gold_loss":0.0,"damage_taken":0.0,"cards_upgraded":["Catalyst"]}],"is_beta":false,"boss_relics":[{"not_picked":["WristBlade","Calling Bell"],"picked":"Sozu"},{"not_picked":["SacredBark","Tiny House"],"picked":"Runic Pyramid"}],"items_purged_floors":[4,21,28],"is_endless":false,"potions_floor_spawned":[5,11,12,16,23,33,35,39],"killed_by":"Reptomancer","ascension_level":4}}