{"host":"Fun","time":1609636678,"event":{"mods":["BaseMod","Colored Map","Filter the Spire","Minty Spire (QoL Compilation)","Relic Stats","StSLib"],"gold_per_floor":[112,126,201,29,47,47,80,80,135,162,174,174,174,241,241,318,318,328,1,1,1,20,54,74,74,74,102,121,221,247,48,48,125,125,144,163,69,117,117,147,147,178,178,178,178,209,223,239,239,239],"floor_reached":51,"playtime":1739,"items_purged":["Gash","Strike_B"],"score":1763,"play_id":"696e31dd-435b-4629-b20e-a895a8a5e8ee","local_time":"20210102201758","is_ascension_mode":true,"campfire_choices":[{"data":"Zap","floor":6.0,"key":"SMITH"},{"data":"Sunder","floor":8.0,"key":"SMITH"},{"data":"Conserve Battery","floor":12.0,"key":"SMITH"},{"floor":15.0,"key":"REST"},{"floor":25,"key":"REST"},{"data":"Meteor Strike","floor":32,"key":"SMITH"},{"data":"1","floor":41,"key":"LIFT"},{"data":"2","floor":45,"key":"LIFT"},{"data":"3","floor":49,"key":"LIFT"}],"circlet_count":0,"master_deck":["AscendersBane","Strike_B","Strike_B","Defend_B","Defend_B","Defend_B","Zap+1","Dualcast","Rebound","Cold Snap","Sunder+1","Doom and Gloom","Conserve Battery+1","Electrodynamics","Sunder+1","Coolheaded","Force Field","Meteor Strike+1","Self Repair+1","Hologram","Undo","Creative AI","Aggregate","Meteor Strike","Undo","Defragment","Glacier","Biased Cognition","Glacier"],"relics":["Empty Cage","WarpedTongs","Membership Card","Centennial Puzzle","Omamori","Art of War","Snecko Eye","DollysMirror","Thread and Needle","Enchiridion","StrikeDummy","Vajra","Blue Candle","Lantern","Mango","Letter Opener","Pantograph","DataDisk","Fusion Hammer","Girya","Ancient Tea Set","Toy Ornithopter","Shuriken","Question Card","HornCleat"],"acts_visited":["Exordium","TheCity","TheBeyond"],"potions_floor_usage":[16,16,16,29,40,50,50],"damage_taken":[{"damage":5.0,"enemies":"Small Slimes","floor":1.0,"turns":4.0},{"damage":5.0,"enemies":"2 Louse","floor":2.0,"turns":2.0},{"damage":7.0,"enemies":"Jaw Worm","floor":5.0,"turns":2.0},{"damage":12.0,"enemies":"Lagavulin","floor":7.0,"turns":7.0},{"damage":15.0,"enemies":"3 Sentries","floor":10.0,"turns":7.0},{"damage":6.0,"enemies":"Blue Slaver","floor":11.0,"turns":2.0},{"damage":23,"enemies":"Slime Boss","floor":16,"turns":8},{"damage":0,"enemies":"3 Byrds","floor":18,"turns":2},{"damage":0,"enemies":"Shell Parasite","floor":22,"turns":4},{"damage":0,"enemies":"Book of Stabbing","floor":23,"turns":5},{"damage":0,"enemies":"Snake Plant","floor":24,"turns":2},{"damage":0,"enemies":"Gremlin Leader","floor":27,"turns":4},{"damage":0,"enemies":"Centurion and Healer","floor":28,"turns":3},{"damage":0,"enemies":"Colosseum Slavers","floor":29,"turns":4},{"damage":0,"enemies":"Colosseum Nobs","floor":29,"turns":3},{"damage":0,"enemies":"Slavers","floor":30,"turns":3},{"damage":47,"enemies":"Champ","floor":33,"turns":7},{"damage":0,"enemies":"3 Darklings","floor":35,"turns":2},{"damage":0,"enemies":"Orb Walker","floor":36,"turns":2},{"damage":19,"enemies":"2 Orb Walkers","floor":38,"turns":3},{"damage":1,"enemies":"Reptomancer","floor":40,"turns":4},{"damage":0,"enemies":"Nemesis","floor":42,"turns":5},{"damage":0,"enemies":"Giant Head","floor":46,"turns":7},{"damage":0,"enemies":"Writhing Mass","floor":47,"turns":3},{"damage":1,"enemies":"Sphere and 2 Shapes","floor":48,"turns":2},{"damage":0,"enemies":"Time Eater","floor":50,"turns":10}],"seed_played":"8752437817760802381","potions_obtained":[{"floor":1.0,"key":"Regen Potion"},{"floor":5.0,"key":"Swift Potion"},{"floor":10.0,"key":"EntropicBrew"},{"floor":16,"key":"Swift Potion"},{"floor":18,"key":"PowerPotion"},{"floor":29,"key":"GamblersBrew"},{"floor":46,"key":"Dexterity Potion"}],"is_trial":false,"path_per_floor":["M","M","?","$","M","R","E","R","T","E","M","R","?","?","R","B",null,"M","$","?","?","M","E","M","R","T","E","M","?","E","$","R","B",null,"M","M","$","?","?","E","R","E","T","T","R","E","M","M","R","B",null],"character_chosen":"DEFECT","items_purchased":["Membership Card","DollysMirror","Thread and Needle","Coolheaded","DataDisk","Creative AI","Aggregate","Defragment"],"campfire_rested":2,"item_purchase_floors":[4,19,19,19,31,31,31,37],"current_hp_per_floor":[59,54,43,43,36,36,39,39,39,24,18,18,18,18,39,16,57,57,57,36,36,36,36,36,57,57,67,71,85,85,85,85,48,76,85,85,85,66,66,75,75,81,81,81,81,81,81,80,80,81],"gold":239,"neow_bonus":"BOSS_RELIC","is_daily":false,"chose_seed":false,"campfire_upgraded":4,"win_rate":0.0,"timestamp":1609636678,"path_taken":["M","M","?","$","M","R","E","R","T","E","M","R","?","?","R","BOSS","M","$","?","?","M","E","M","R","T","E","M","?","E","$","R","BOSS","M","M","$","?","?","E","R","E","T","?","R","E","?","M","R","BOSS"],"items_purchased_type":["Relic","Relic","Relic","Card","Relic","Card","Card","Card"],"build_version":"2020-12-18","purchased_purges":2,"victory":true,"max_hp_per_floor":[71,71,71,71,71,71,71,71,71,71,71,71,71,71,71,71,71,71,71,71,71,71,71,71,71,71,71,71,85,85,85,85,85,85,85,85,85,85,81,81,81,81,81,81,81,81,81,81,81,81],"relic_stats":{"Centennial Puzzle":[21],"counters":[26,107],"Shuriken":[6],"Blue Candle":[0],"Pantograph":1,"Snecko Eye":[122,148,135,137],"Art of War":[7],"Letter Opener":[97],"Question Card":3,"obtain_stats":[{"Lantern":27,"Enchiridion":20,"Vajra":23,"Mango":29,"Empty Cage":0,"Ancient Tea Set":40,"Centennial Puzzle":7,"HornCleat":46,"DollysMirror":19,"Pantograph":30,"Fusion Hammer":34,"Cracked Core":0,"Girya":38,"Blue Candle":26,"Thread and Needle":19,"Omamori":9,"Letter Opener":29,"Question Card":44,"WarpedTongs":1,"DataDisk":31,"Shuriken":43,"Snecko Eye":17,"Art of War":10,"Membership Card":4,"StrikeDummy":21,"Toy Ornithopter":42},{"Lantern":12,"Enchiridion":8,"Vajra":10,"Mango":15,"Empty Cage":0,"Ancient Tea Set":21,"Centennial Puzzle":4,"HornCleat":23,"DollysMirror":8,"Pantograph":16,"Fusion Hammer":17,"Cracked Core":0,"Girya":20,"Blue Candle":11,"Thread and Needle":8,"Omamori":4,"Letter Opener":15,"Question Card":22,"WarpedTongs":1,"DataDisk":16,"Shuriken":22,"Snecko Eye":7,"Art of War":5,"Membership Card":2,"StrikeDummy":8,"Toy Ornithopter":22},{"Lantern":49,"Enchiridion":34,"Vajra":43,"Mango":59,"Empty Cage":0,"Ancient Tea Set":80,"Centennial Puzzle":15,"HornCleat":92,"DollysMirror":34,"Pantograph":62,"Fusion Hammer":69,"Cracked Core":0,"Girya":76,"Blue Candle":45,"Thread and Needle":34,"Omamori":15,"Letter Opener":59,"Question Card":85,"WarpedTongs":1,"DataDisk":62,"Shuriken":85,"Snecko Eye":32,"Art of War":22,"Membership Card":6,"StrikeDummy":34,"Toy Ornithopter":85}],"Toy Ornithopter":0,"WarpedTongs":[106]},"card_choices":[{"not_picked":["Capacitor","BootSequence"],"picked":"Rebound","floor":1.0},{"not_picked":["Undo","Steam"],"picked":"Gash","floor":2.0},{"not_picked":["Beam Cell","Heatsinks"],"picked":"Cold Snap","floor":5.0},{"not_picked":["Seek","BootSequence"],"picked":"Sunder","floor":7.0},{"not_picked":["Consume","Fusion"],"picked":"Doom and Gloom","floor":10.0},{"not_picked":["Tempest","Fusion"],"picked":"Conserve Battery","floor":11.0},{"not_picked":["Reboot","Meteor Strike"],"picked":"Electrodynamics","floor":16},{"not_picked":["Redo","Barrage","Sweeping Beam"],"picked":"SKIP","floor":18},{"not_picked":["Go for the Eyes","Leap"],"picked":"Force Field","floor":22},{"not_picked":["Cold Snap","Conserve Battery"],"picked":"Meteor Strike","floor":23},{"not_picked":["Sweeping Beam","Steam"],"picked":"Self Repair+1","floor":24},{"not_picked":["Double Energy","Sweeping Beam"],"picked":"Hologram","floor":27},{"not_picked":["Turbo","Go for the Eyes","Redo"],"picked":"SKIP","floor":28},{"not_picked":["Hello World","Chaos"],"picked":"Undo","floor":29},{"not_picked":["Chaos","Compile Driver","Cold Snap"],"picked":"SKIP","floor":30},{"not_picked":["All For One","Rainbow"],"picked":"Meteor Strike","floor":33},{"not_picked":["Steam Power","Beam Cell"],"picked":"Undo","floor":35},{"not_picked":["Heatsinks","Chaos","Turbo"],"picked":"SKIP","floor":36},{"not_picked":["Loop+1","Cold Snap"],"picked":"Glacier","floor":40},{"not_picked":["Skim+1","Tempest+1"],"picked":"Biased Cognition","floor":42},{"not_picked":["BootSequence","Streamline","Redo"],"picked":"Glacier","floor":46},{"not_picked":["Cold Snap","Compile Driver","Stack","Rip and Tear"],"picked":"SKIP","floor":47},{"not_picked":["Turbo","Rip and Tear","Biased Cognition","Sweeping Beam"],"picked":"SKIP","floor":48}],"player_experience":135304,"relics_obtained":[{"floor":7.0,"key":"Centennial Puzzle"},{"floor":9.0,"key":"Omamori"},{"floor":10.0,"key":"Art of War"},{"floor":20,"key":"Enchiridion"},{"floor":23,"key":"Vajra"},{"floor":26,"key":"Blue Candle"},{"floor":27,"key":"Lantern"},{"floor":29,"key":"Mango"},{"floor":29,"key":"Letter Opener"},{"floor":30,"key":"Pantograph"},{"floor":38,"key":"Girya"},{"floor":40,"key":"Ancient Tea Set"},{"floor":42,"key":"Toy Ornithopter"},{"floor":43,"key":"Shuriken"},{"floor":44,"key":"Question Card"},{"floor":46,"key":"HornCleat"}],"event_choices":[{"damage_healed":0.0,"max_hp_gain":0.0,"max_hp_loss":0.0,"gold_gain":75.0,"event_name":"World of Goop","player_choice":"Gather Gold","floor":3.0,"gold_loss":0.0,"damage_taken":11.0},{"damage_healed":0.0,"max_hp_gain":0.0,"max_hp_loss":0.0,"gold_gain":0.0,"event_name":"Shining Light","player_choice":"Ignored","floor":13.0,"gold_loss":0.0,"damage_taken":0.0},{"damage_healed":0.0,"max_hp_gain":0.0,"max_hp_loss":0.0,"gold_gain":67.0,"event_name":"Golden Wing","player_choice":"Gained Gold","floor":14.0,"gold_loss":0.0,"damage_taken":0.0},{"damage_healed":0,"gold_gain":0,"player_choice":"Obtained Book","damage_taken":21,"max_hp_gain":0,"max_hp_loss":0,"event_name":"Cursed Tome","floor":20,"gold_loss":0},{"damage_healed":0,"gold_gain":0,"player_choice":"Stole Relic","damage_taken":0,"relics_obtained":["StrikeDummy"],"max_hp_gain":0,"max_hp_loss":0,"event_name":"Addict","floor":21,"gold_loss":0,"cards_obtained":["Shame"]},{"damage_healed":0,"gold_gain":0,"player_choice":"Fight","damage_taken":0,"max_hp_gain":0,"max_hp_loss":0,"event_name":"Colosseum","floor":29,"gold_loss":0},{"damage_healed":0,"gold_gain":0,"player_choice":"Fought Nobs","damage_taken":0,"max_hp_gain":0,"max_hp_loss":0,"event_name":"Colosseum","floor":29,"gold_loss":0},{"damage_healed":0,"gold_gain":0,"player_choice":"Fight","damage_taken":0,"max_hp_gain":0,"max_hp_loss":0,"event_name":"Mysterious Sphere","floor":38,"gold_loss":0},{"damage_healed":0,"gold_gain":0,"player_choice":"Max HP","damage_taken":0,"max_hp_gain":0,"max_hp_loss":4,"event_name":"Winding Halls","floor":39,"gold_loss":0}],"is_beta":true,"boss_relics":[{"not_picked":["Velvet Choker","Busted Crown"],"picked":"Snecko Eye"},{"not_picked":["Black Star","Calling Bell"],"picked":"Fusion Hammer"}],"items_purged_floors":[19,37],"is_endless":false,"potions_floor_spawned":[1,5,10,16,18,23,27,29,33,35,36,46,48],"ascension_level":16}}