{"host":"co1ulnwz1h4zjs22","time":1609705447,"event":{"mods":["Aspiration","BaseMod","Bestiary","BetterRewards","Colored Powertips","Conspire","Curses Come First","Energized Spire","GifTheSpireLib","Googly Eyes","Hubris","Jorbs\u0027s Wanderer Trilogy","Minty Spire (QoL Compilation)","Rare Cards Sparkle","Replay The Spire","Reworked Bosses","Shop Mod","Spicy Shops","StSLib","Stuff the Spire","The Bladedancer","The Forsaken","The IronCluck","The Marked","The Necromancer","Waifu the Spire","everything is the same but u backflip on backflip","slay the spire mod where everything is the same but ironclad has a cowboy hat"],"gold_per_floor":[119,119,20,34,10,10,40,53,128,80,113,132,150,150,150,255,255,271,283,223,223,241,241,241,241],"floor_reached":24,"playtime":2689,"items_purged":["Strike_W"],"score":346,"play_id":"639ac4c4-815b-489f-847b-2a91382f9302","local_time":"20210103152407","is_ascension_mode":true,"campfire_choices":[{"data":"Bones_to_Steel","floor":6,"key":"SMITH"},{"floor":15,"key":"REST"},{"data":"Siphon_Strength","floor":23,"key":"SMITH"}],"circlet_count":0,"master_deck":["conspire:GhostlyStrike","conspire:GhostlyStrike","conspire:GhostlyStrike","conspire:GhostlyDefend","conspire:GhostlyDefend","conspire:GhostlyDefend","conspire:GhostlyDefend","Negative_Energy_Arrows","Bone_Wall","Summon_Lich","Summon_Lich","Bones_to_Steel+1","Bone_Shift","Summon_Undead","Summon_Lich+1","Siphon_Strength+1"],"relics":["Vampire_Amulet","MerchantsRug","Girya","Golden Egg","Blood Vial","aspiration:BabyByrd","aspiration:FutureDiary","SsserpentHead"],"acts_visited":["Exordium","TheCity"],"potions_floor_usage":[22],"damage_taken":[{"damage":0,"enemies":"Small Slimes","floor":1,"turns":4},{"damage":10,"enemies":"Jaw Worm","floor":4,"turns":6},{"damage":29,"enemies":"3 Sentries","floor":7,"turns":5},{"damage":12,"enemies":"2 Louse","floor":8,"turns":2},{"damage":17,"enemies":"Lagavulin","floor":11,"turns":7},{"damage":18,"enemies":"2 Fungi Beasts","floor":12,"turns":3},{"damage":7,"enemies":"3 Louse","floor":13,"turns":3},{"damage":28,"enemies":"Fading Forest","floor":16,"turns":11},{"damage":29,"enemies":"2 Thieves","floor":18,"turns":4},{"damage":19,"enemies":"Spheric Guardian","floor":19,"turns":4},{"damage":31,"enemies":"Shelled Parasite and Fungi","floor":22,"turns":9},{"damage":36,"enemies":"Gremlin Leader","floor":24,"turns":2}],"seed_played":"-5630845305915730605","potions_obtained":[{"floor":7,"key":"Elixir"},{"floor":11,"key":"SkillPotion"},{"floor":16,"key":"SteroidPotion"}],"is_trial":false,"path_per_floor":["M","?","$","M","?","R","E","M","T","$","E","M","M","?","R","B",null,"M","M","?","?","M","R","E"],"character_chosen":"NECROMANCER","items_purchased":["Summon_Lich","MerchantsRug","Summon_Lich","Bones_to_Steel","Summon_Lich"],"campfire_rested":1,"item_purchase_floors":[0,0,3,3,10],"current_hp_per_floor":[75,75,75,67,67,67,44,36,36,36,21,9,10,10,32,24,75,59,53,53,53,28,28,0,0],"gold":241,"neow_bonus":"","is_daily":false,"chose_seed":false,"campfire_upgraded":2,"win_rate":0.0,"timestamp":1609705447,"path_taken":["M","?","$","M","?","R","E","M","T","?","E","M","M","?","R","BOSS","M","M","?","?","M","R","E"],"items_purchased_type":["Card","Relic","Card","Card","Card"],"build_version":"2020-12-22","purchased_purges":1,"victory":false,"max_hp_per_floor":[75,75,75,75,75,75,75,75,75,75,75,75,75,75,75,75,75,75,75,75,75,75,75,75,75],"card_choices":[{"not_picked":["Scare","Pandemic","Corrupt"],"picked":"SKIP","floor":1},{"not_picked":["Shackles_Of_Pain","Consume_Illness"],"picked":"Bone_Shift","floor":4},{"not_picked":["Bone_Spikes","Negative_Energy_Shield","Shackles_Of_Pain"],"picked":"SKIP","floor":7},{"not_picked":["Finger_Of_Death","Bone_Prison"],"picked":"Summon_Undead","floor":8},{"not_picked":["Scare","Blood_Magic","Bone_Shift"],"picked":"SKIP","floor":11},{"not_picked":["Life_Tap","Negative_Energy_Sphere","Finger_Of_Death"],"picked":"SKIP","floor":12},{"not_picked":["Plague_Bolt","Blood_Whip","Uncharnel"],"picked":"SKIP","floor":13},{"not_picked":["Negative_Energy_Burst","Scare","Bone_Shift"],"picked":"SKIP","floor":18},{"not_picked":["Flesh_Made_Foul+1","Death_Knell+1"],"picked":"Siphon_Strength","floor":19},{"not_picked":["Negative_Energy_Shield","Consume_Illness","Vampiric_Strike+1"],"picked":"SKIP","floor":22}],"player_experience":597178,"relics_obtained":[{"floor":7,"key":"Girya"},{"floor":9,"key":"Golden Egg"},{"floor":11,"key":"Blood Vial"}],"event_choices":[{"damage_healed":0,"gold_gain":0,"player_choice":"Agree","damage_taken":0,"max_hp_gain":0,"max_hp_loss":0,"event_name":"conspire:LoneGhost","floor":2,"gold_loss":0},{"damage_healed":0,"gold_gain":0,"player_choice":"Left Gold","damage_taken":0,"max_hp_gain":0,"max_hp_loss":0,"event_name":"World of Goop","floor":5,"gold_loss":24},{"damage_healed":0,"gold_gain":0,"player_choice":"Trade","damage_taken":0,"relics_obtained":["SsserpentHead"],"max_hp_gain":0,"max_hp_loss":0,"event_name":"FaceTrader","floor":21,"gold_loss":0}],"is_beta":false,"boss_relics":[{"not_picked":["Tiny House","StuffTheSpire:Kangaroo"],"picked":"aspiration:FutureDiary"}],"items_purged_floors":[0],"is_endless":false,"potions_floor_spawned":[7,11,16,18],"killed_by":"Gremlin Leader","ascension_level":1}}