{"host":"k9ktbd3ums043v5c","time":1609676402,"event":{"mods":["BaseMod","GifTheSpireLib","Googly Eyes","KinomotoSakuraMod(木之本樱)","Lobotomy","LobotomyExtend","Luminous","Marisa（F雨　魔理沙）","Minty Spire (QoL Compilation)","SIMod","StSLib","SuperFastMode","The Gatherer","Yuyuko","【功能Mod】聪明的最终Boss"],"gold_per_floor":[111,125,137,110,120,120,136,136,136,136,153,100,100,121,145,145,164,184,210,250,250,250],"floor_reached":11,"playtime":645,"items_purged":[],"score":110,"play_id":"fb8d9551-35f4-468b-a70a-151353b4db94","local_time":"20210103202002","is_ascension_mode":false,"campfire_choices":[],"circlet_count":0,"master_deck":["SpecialBullet","SpecialBullet","SpecialBullet","SpecialBullet","SpecialBullet","SpecialBullet","SpecialBullet","SpecialBullet","InformationCode","TrainingCode","CentralCode","SoundOfStar","Laetitia_ego","OSAHOGD","RedEyes","OldLady","Gaze","SomewhereSpear","Justitia","Scorched","DespairKnight","RedEyes","DisciplinaryCode","Harmony","PunishingBird","Tough","Injury","Tough","SingingMachine","RedShoes","RapturousDream","SecurityCode","FourthMatchFlame","LittleHelper","Wingbeat","SomewhereSpear"],"relics":["CogitoBucket","White Beast Statue","MagicBullet_r","LetterFromLob","BackwardClock","Golden Idol","Bag of Marbles","Girya"],"acts_visited":["Exordium"],"potions_floor_usage":[],"damage_taken":[{"damage":14,"enemies":"2 Louse","floor":1,"turns":4},{"damage":8,"enemies":"Small Slimes","floor":2,"turns":2},{"damage":11,"enemies":"Jaw Worm","floor":3,"turns":3},{"damage":7,"enemies":"Red Slaver","floor":5,"turns":2},{"damage":7,"enemies":"3 Louse","floor":7,"turns":2},{"damage":5,"enemies":"Jaw Worm","floor":1,"turns":2},{"damage":1,"enemies":"Cultist","floor":4,"turns":2},{"damage":4,"enemies":"2 Louse","floor":5,"turns":1},{"damage":13,"enemies":"Blue Slaver","floor":7,"turns":2},{"damage":0,"enemies":"2 Fungi Beasts","floor":8,"turns":1},{"damage":40,"enemies":"3 Sentries","floor":10,"turns":3},{"damage":32,"enemies":"Exordium Wildlife","floor":11,"turns":1}],"seed_played":"1562999895553569100","potions_obtained":[{"floor":1,"key":"FearPotion"},{"floor":5,"key":"Weak Potion"},{"floor":4,"key":"SpeedPotion"},{"floor":5,"key":"PowerPotion"}],"is_trial":false,"path_per_floor":["M","M","M","$","M","R","M","R","T","R","M","M","$","?","M","M","R","M","M","T","E","M"],"character_chosen":"Angela","items_purchased":["SomewhereSpear","Tough"],"campfire_rested":0,"item_purchase_floors":[4,2],"current_hp_per_floor":[56,48,37,37,30,30,23,23,23,23,65,65,65,64,60,60,55,63,63,31,0,0],"gold":250,"neow_bonus":"ONE_RANDOM_RARE_CARD","is_daily":false,"chose_seed":false,"campfire_upgraded":0,"win_rate":0.0,"timestamp":1609676402,"path_taken":["M","M","M","$","M","R","M","R","T","R","M","M","$","?","M","M","R","M","M","T","E","M"],"items_purchased_type":["Card","Card"],"build_version":"2020-12-22","purchased_purges":0,"victory":false,"max_hp_per_floor":[70,70,70,70,70,70,70,70,70,70,70,70,70,70,70,70,70,70,70,70,70,70],"card_choices":[{"not_picked":["Galaxy"],"picked":"Laetitia_ego","floor":1},{"not_picked":["MeatLantern","HeroicMonk"],"picked":"OSAHOGD","floor":1},{"not_picked":["Loneliness"],"picked":"RedEyes","floor":2},{"not_picked":["CherryBlossoms","WallGazer"],"picked":"OldLady","floor":2},{"not_picked":["InTheNameOfLoveAndHate"],"picked":"Gaze","floor":3},{"not_picked":["Horn"],"picked":"Justitia","floor":5},{"not_picked":["SpiderBud","BeautyBeast"],"picked":"Scorched","floor":5},{"not_picked":["WallGazer","Murderer"],"picked":"DespairKnight","floor":7},{"not_picked":["Soda"],"picked":"RedEyes","floor":7},{"not_picked":["RapturousDream"],"picked":"Harmony","floor":1},{"not_picked":["CrumblingArmor","FairyFestival"],"picked":"PunishingBird","floor":1},{"not_picked":["Christmas"],"picked":"Tough","floor":4},{"not_picked":["BeautyBeast","Wellcheers"],"picked":"SingingMachine","floor":4},{"not_picked":["BeautyBeast","FairyFestival"],"picked":"RedShoes","floor":5},{"not_picked":["GrinderMk4"],"picked":"RapturousDream","floor":5},{"not_picked":["MagicBullet"],"picked":"FourthMatchFlame","floor":7},{"not_picked":["CherryBlossoms","FairyFestival"],"picked":"LittleHelper","floor":8},{"not_picked":["Loneliness"],"picked":"Wingbeat","floor":8},{"not_picked":["Tough"],"picked":"SomewhereSpear","floor":10}],"player_experience":71686,"relics_obtained":[{"floor":1,"key":"LetterFromLob"},{"floor":9,"key":"White Beast Statue"},{"floor":1,"key":"LetterFromLob"},{"floor":9,"key":"Bag of Marbles"},{"floor":10,"key":"Girya"}],"event_choices":[{"damage_healed":0,"gold_gain":0,"player_choice":"Take Wound","damage_taken":0,"relics_obtained":["Golden Idol"],"max_hp_gain":0,"max_hp_loss":0,"event_name":"Golden Idol","floor":3,"gold_loss":0,"cards_obtained":["Injury"]}],"is_beta":false,"boss_relics":[],"items_purged_floors":[],"is_endless":false,"potions_floor_spawned":[1,5,4,5,7,8],"killed_by":"Exordium Wildlife","ascension_level":0}}