{"host":"873t0y8ybyo38pfq","time":1609686457,"event":{"mods":["BaseMod","Bestiary","Colored Map","Colored Powertips","Highlight Path","Minty Spire (QoL Compilation)","Quick Restart","RNG Fix","Rare Cards Sparkle","Relic Stats","StSLib"],"gold_per_floor":[111,111,21,21,38,71,71,100,100,130,55,55,73,90,90,167,167,180,180,12,28,28,28,40,40,40,40,53,71,126,126,126],"floor_reached":31,"playtime":815,"items_purged":["Strike_B"],"score":556,"play_id":"b228eba2-865f-43d6-b45c-42a2707c06a5","local_time":"20210103100737","is_ascension_mode":true,"campfire_choices":[{"data":"Zap","floor":7,"key":"SMITH"},{"floor":12,"key":"REST"},{"data":"Dualcast","floor":15,"key":"SMITH"},{"floor":23,"key":"REST"},{"floor":25,"key":"REST"},{"floor":27,"key":"REST"}],"circlet_count":0,"master_deck":["AscendersBane","Strike_B","Strike_B","Strike_B","Defend_B","Defend_B","Defend_B","Defend_B","Zap+1","Dualcast+1","Beam Cell+1","Scrape","Steam","Coolheaded","Glacier","Genetic Algorithm","Scrape","Chaos","Melter","Core Surge","Lockon","Shame","Zap","Go for the Eyes","Compile Driver","Reboot","Gash+1","Glacier"],"relics":["Cracked Core","NeowsBlessing","Dream Catcher","Tiny Chest","Symbiotic Virus","Peace Pipe","Nuclear Battery","Torii","Membership Card","Kunai","Strawberry"],"acts_visited":["Exordium","TheCity"],"potions_floor_usage":[8,8,10,10,10,16,24,28],"damage_taken":[{"damage":0,"enemies":"Jaw Worm","floor":1,"turns":1},{"damage":0,"enemies":"2 Louse","floor":5,"turns":1},{"damage":0,"enemies":"Gremlin Nob","floor":6,"turns":1},{"damage":9,"enemies":"3 Sentries","floor":8,"turns":6},{"damage":20,"enemies":"Gremlin Nob","floor":10,"turns":4},{"damage":9,"enemies":"Small Slimes","floor":13,"turns":2},{"damage":0,"enemies":"2 Fungi Beasts","floor":14,"turns":2},{"damage":43,"enemies":"The Guardian","floor":16,"turns":15},{"damage":30,"enemies":"Chosen","floor":18,"turns":5},{"damage":18,"enemies":"3 Byrds","floor":21,"turns":5},{"damage":26,"enemies":"Centurion and Healer","floor":24,"turns":7},{"damage":27,"enemies":"Snake Plant","floor":28,"turns":5},{"damage":0,"enemies":"Sentry and Sphere","floor":29,"turns":4},{"damage":23,"enemies":"Cultist and Chosen","floor":31,"turns":6}],"seed_played":"5857553619537271171","potions_obtained":[{"floor":4,"key":"Fire Potion"},{"floor":4,"key":"EssenceOfDarkness"},{"floor":8,"key":"EntropicBrew"},{"floor":10,"key":"EssenceOfSteel"},{"floor":21,"key":"DuplicationPotion"},{"floor":24,"key":"SneckoOil"}],"is_trial":false,"path_per_floor":["M","?","$","?","M","E","R","E","T","E","$","R","M","M","R","B",null,"M","?","$","M","?","R","M","R","T","R","M","M","T","M"],"character_chosen":"DEFECT","items_purchased":["Scrape","Steam","Membership Card"],"campfire_rested":4,"item_purchase_floors":[3,3,20],"current_hp_per_floor":[64,64,64,64,64,64,64,55,55,35,35,56,47,47,47,4,54,24,24,24,6,6,27,1,22,22,43,16,16,23,0,0],"gold":126,"neow_bonus":"THREE_ENEMY_KILL","is_daily":false,"chose_seed":false,"campfire_upgraded":2,"win_rate":0.0,"timestamp":1609686457,"path_taken":["M","?","?","?","?","E","R","E","T","E","$","R","M","M","R","BOSS","M","?","$","M","?","R","M","R","T","R","M","?","?","M"],"items_purchased_type":["Card","Card","Relic"],"build_version":"2020-12-22","purchased_purges":1,"victory":false,"max_hp_per_floor":[71,71,71,71,71,71,71,71,71,71,71,71,71,71,71,71,71,71,71,71,71,71,71,71,71,71,71,71,71,78,78,78],"relic_stats":{"Peace Pipe":0,"Dream Catcher":4,"Torii":19,"counters":[14,64],"Tiny Chest":1,"Kunai":[5],"obtain_stats":[{"Peace Pipe":10,"Dream Catcher":6,"NeowsBlessing":0,"Torii":19,"Strawberry":30,"Tiny Chest":8,"Membership Card":20,"Kunai":26,"Cracked Core":0,"Symbiotic Virus":9,"Nuclear Battery":17},{"Peace Pipe":5,"Dream Catcher":3,"NeowsBlessing":0,"Torii":9,"Strawberry":13,"Tiny Chest":4,"Membership Card":9,"Kunai":11,"Cracked Core":0,"Symbiotic Virus":4,"Nuclear Battery":8},{"Peace Pipe":13,"Dream Catcher":3,"NeowsBlessing":0,"Torii":37,"Strawberry":58,"Tiny Chest":9,"Membership Card":37,"Kunai":49,"Cracked Core":0,"Symbiotic Virus":9,"Nuclear Battery":32}]},"card_choices":[{"not_picked":["Fusion","Go for the Eyes"],"picked":"Beam Cell","floor":1},{"not_picked":["Darkness","Compile Driver"],"picked":"Coolheaded","floor":5},{"not_picked":["Steam","Lockon"],"picked":"Glacier","floor":6},{"not_picked":["Meteor Strike","Undo","Sunder"],"picked":"SKIP","floor":8},{"not_picked":["Go for the Eyes","Steam"],"picked":"Genetic Algorithm","floor":10},{"not_picked":["Conserve Battery","Leap"],"picked":"Scrape","floor":12},{"not_picked":["Coolheaded","Heatsinks"],"picked":"Chaos","floor":13},{"not_picked":["Turbo","Stack"],"picked":"Melter","floor":14},{"not_picked":["Machine Learning","Reboot"],"picked":"Core Surge","floor":16},{"not_picked":["Ball Lightning","Rebound"],"picked":"Lockon","floor":18},{"not_picked":["Fusion","Streamline","Barrage"],"picked":"SKIP","floor":21},{"not_picked":["Reprogram+1","Cold Snap"],"picked":"Go for the Eyes","floor":24},{"not_picked":["Ball Lightning+1","Stack"],"picked":"Compile Driver","floor":25},{"not_picked":["Rebound","Hologram"],"picked":"Reboot","floor":27},{"not_picked":["Beam Cell","Compile Driver"],"picked":"Gash+1","floor":28},{"not_picked":["Chaos","Steam"],"picked":"Glacier","floor":29}],"player_experience":1488712,"relics_obtained":[{"floor":6,"key":"Dream Catcher"},{"floor":8,"key":"Tiny Chest"},{"floor":9,"key":"Symbiotic Virus"},{"floor":10,"key":"Peace Pipe"},{"floor":26,"key":"Kunai"},{"floor":30,"key":"Strawberry"}],"event_choices":[{"damage_healed":0,"gold_gain":0,"player_choice":"Upgraded","damage_taken":0,"max_hp_gain":0,"max_hp_loss":0,"event_name":"Upgrade Shrine","floor":2,"gold_loss":0,"cards_upgraded":["Beam Cell"]},{"damage_healed":0,"gold_gain":0,"player_choice":"Got Potions","damage_taken":0,"max_hp_gain":0,"max_hp_loss":0,"event_name":"Lab","floor":4,"gold_loss":0},{"damage_healed":0,"gold_gain":0,"player_choice":"Stole Relic","damage_taken":0,"relics_obtained":["Torii"],"max_hp_gain":0,"max_hp_loss":0,"event_name":"Addict","floor":19,"gold_loss":0,"cards_obtained":["Shame"]},{"damage_healed":0,"gold_gain":0,"player_choice":"1 cards matched","damage_taken":0,"max_hp_gain":0,"max_hp_loss":0,"event_name":"Match and Keep!","floor":22,"gold_loss":0,"cards_obtained":["Zap"]}],"is_beta":false,"boss_relics":[{"not_picked":["Coffee Dripper","SlaversCollar"],"picked":"Nuclear Battery"}],"items_purged_floors":[11],"is_endless":false,"potions_floor_spawned":[8,10,21,24],"killed_by":"Cultist and Chosen","ascension_level":20}}