{"host":"rguvlafm46vqn9ib","time":1609673438,"event":{"mods":["2.2 Compatiblity","AchievementEnabler","Act Like it!","Aspiration","BaseMod","Beaked The Cultist","Better Match","Better Note","Better Third Choice","BetterRewards","Colored Map","Downfall","Elementarium","GifTheSpireLib","Hermit","Highlight Path","Hubris","JesterMod","Mad Scientist","Minty Spire (QoL Compilation)","RRrroohrrRGHHhhh!!","Reorder Act Four","Replay The Spire","Retaliation","SCP261 Mod","Small Relic Pack","Spikes Relics","StSLib","Stuff the Spire","The Blackbeard","The Bug Knight","The Construct","The Death Knight","The Disciple","The Forsaken","The Judge","The Marked","The Mystic","The Necromancer","The Problem Sleuth","The Runesmith","TheSwordswoman"],"gold_per_floor":[118,135,135,152,164,164,179,189,189,189,202,20,38,65,65,65,65],"floor_reached":16,"playtime":1020,"items_purged":[],"score":106,"play_id":"75f3ef54-24f9-4dc3-abf0-bb508d966e2a","local_time":"20210103113038","is_ascension_mode":false,"campfire_choices":[{"data":"theMarked:ElectricStrings","floor":6,"key":"SMITH"},{"floor":10,"key":"REST"},{"floor":15,"key":"REST"}],"circlet_count":0,"master_deck":["theMarked:Strike","theMarked:Strike","theMarked:Strike","theMarked:Strike","theMarked:Strike","theMarked:Defend","theMarked:Defend","theMarked:Defend","theMarked:Defend","theMarked:SoldierOfQuellstein","theMarked:ParalyzingBlade","theMarked:GodGivenPower+1","theMarked:MagicAdept","theMarked:ElectricStrings+1","theMarked:SwordAndMagic","theMarked:HeightenedSenses","theMarked:ChainLightning","theMarked:EmpowerWeapon+1","theMarked:Indomitable","theMarked:BanishingStrike"],"relics":["theMarked:ArtifactOfAir","NeowsBlessing","Mercury Hourglass","SpikesRelics:DaevaFist","hubris:SlimyHat"],"acts_visited":["Exordium"],"potions_floor_usage":[13,16],"damage_taken":[{"damage":0,"enemies":"Cultist","floor":1,"turns":1},{"damage":7,"enemies":"2 Louse","floor":2,"turns":2},{"damage":0,"enemies":"Jaw Worm","floor":4,"turns":1},{"damage":10,"enemies":"Exordium Wildlife","floor":5,"turns":4},{"damage":1,"enemies":"2 Fungi Beasts","floor":7,"turns":3},{"damage":7,"enemies":"Blue Slaver","floor":8,"turns":3},{"damage":3,"enemies":"Gremlin Gang","floor":11,"turns":3},{"damage":6,"enemies":"Exordium Thugs","floor":13,"turns":3},{"damage":11,"enemies":"Gremlin Nob","floor":14,"turns":4},{"damage":71,"enemies":"The Guardian","floor":16,"turns":10}],"seed_played":"2455315117848171093","potions_obtained":[{"floor":1,"key":"Elixir"},{"floor":5,"key":"DeathKnight:RimePotion"},{"floor":11,"key":"DDmod:CleansePotion"},{"floor":14,"key":"Adrenaline Potion"}],"is_trial":false,"path_per_floor":["M","M","?","M","M","R","M","M","T","R","M","$","M","E","R","B"],"character_chosen":"THE_DEFAULT","items_purchased":["theMarked:EmpowerWeapon+1","SpikesRelics:DaevaFist"],"campfire_rested":2,"item_purchase_floors":[12,12],"current_hp_per_floor":[70,63,63,63,53,53,52,45,45,66,63,63,57,46,67,0,0],"gold":65,"neow_bonus":"THREE_ENEMY_KILL","is_daily":false,"chose_seed":false,"campfire_upgraded":1,"win_rate":0.0,"timestamp":1609673438,"path_taken":["M","?","?","M","M","R","M","M","T","R","M","$","M","E","R","BOSS"],"items_purchased_type":["Card","Relic"],"build_version":"2020-12-22","purchased_purges":0,"victory":false,"max_hp_per_floor":[70,70,70,70,70,70,70,70,70,70,70,70,70,70,70,70,70],"card_choices":[{"not_picked":["theMarked:MaelstromOfLightning","theMarked:SwordAndMagic"],"picked":"theMarked:ParalyzingBlade","floor":1},{"not_picked":["theMarked:TunnelVision","theMarked:WardOff"],"picked":"theMarked:GodGivenPower","floor":2},{"not_picked":["theMarked:EmpowerWeapon","theMarked:SwordAndMagic"],"picked":"theMarked:MagicAdept","floor":4},{"not_picked":["theMarked:ChainLightning","theMarked:Static"],"picked":"theMarked:ElectricStrings","floor":5},{"not_picked":["theMarked:HeightenedSenses","theMarked:BanishingStrike"],"picked":"theMarked:SwordAndMagic","floor":7},{"not_picked":["theMarked:GodGivenPower","theMarked:ParalyzingBlade"],"picked":"theMarked:HeightenedSenses","floor":8},{"not_picked":["theMarked:EmpowerWeapon","theMarked:ResourceFulStrike"],"picked":"theMarked:ChainLightning","floor":11},{"not_picked":["theMarked:WardOff","theMarked:ShockingTouch"],"picked":"theMarked:Indomitable","floor":13},{"not_picked":["theMarked:Frustration","theMarked:EmpowerWeapon"],"picked":"theMarked:BanishingStrike","floor":14}],"player_experience":978750,"relics_obtained":[{"floor":9,"key":"Mercury Hourglass"},{"floor":14,"key":"hubris:SlimyHat"}],"event_choices":[{"damage_healed":0,"gold_gain":0,"player_choice":"Grow","damage_taken":0,"max_hp_gain":0,"max_hp_loss":0,"event_name":"Living Wall","floor":3,"gold_loss":0,"cards_upgraded":["theMarked:GodGivenPower"]}],"is_beta":false,"boss_relics":[],"items_purged_floors":[],"is_endless":false,"potions_floor_spawned":[1,5,11,14],"killed_by":"The Guardian","ascension_level":0}}