{"host":"7c402rm0fqc13zvz","time":1609676224,"event":{"mods":["BaseMod","Hermit","Minty Spire (QoL Compilation)","StSLib","[功能]功能增强和修复MOD"],"gold_per_floor":[113,126,17,192,203,203,90,105,105,105,16,16,30,61,61,164,164,174,187,38,48,48,83,25,25,52,327,341,375,391,401,401,506,506,523,539,443,443,443,474,474,503,503,503,520,520,409,459,459,459],"floor_reached":51,"playtime":2246,"items_purged":["hermit:Defend_Hermit","hermit:Defend_Hermit","hermit:Defend_Hermit","hermit:Defend_Hermit","hermit:Strike_Hermit","hermit:Strike_Hermit","Doubt","hermit:Strike_Hermit","Regret","hermit:Strike_Hermit","Regret","hermit:TrackingShot","hermit:TrackingShot+1"],"score":1102,"play_id":"c9edd481-db01-4b27-97db-ad3270615d38","local_time":"20210103201704","is_ascension_mode":true,"campfire_choices":[{"data":"hermit:Combo","floor":6.0,"key":"SMITH"},{"data":"hermit:Covet","floor":12.0,"key":"SMITH"},{"data":"hermit:OverwhelmingPower","floor":15.0,"key":"SMITH"},{"data":"hermit:Snapshot","floor":25.0,"key":"SMITH"},{"data":"hermit:CursedWeapon","floor":32.0,"key":"SMITH"},{"data":"hermit:Magnum","floor":41,"key":"SMITH"},{"data":"Finesse","floor":44,"key":"SMITH"},{"data":"hermit:Enervate","floor":46,"key":"SMITH"},{"data":"hermit:Enervate","floor":49,"key":"SMITH"}],"circlet_count":0,"master_deck":["hermit:Snapshot+1","hermit:Combo+1","hermit:Enervate+1","hermit:OverwhelmingPower+1","Finesse+1","hermit:Enervate+1","hermit:CursedWeapon+1","hermit:Magnum+1","CurseOfTheBell","hermit:BigShot+1","Writhe"],"relics":["hermit:Momento","Potion Belt","Bottled Tornado","Orichalcum","Strange Spoon","Question Card","Happy Flower","Kunai","Darkstone Periapt","Pen Nib","ClockworkSouvenir","Bag of Marbles","hermit:BartenderGlass","hermit:PetGhost","Ancient Tea Set","Mango","Strawberry","Orrery","Oddly Smooth Stone","Frozen Egg 2","Calling Bell","Lantern","Mummified Hand","WingedGreaves","InkBottle","TheAbacus","Toy Ornithopter","StoneCalendar","hermit:RedScarf","Vajra","hermit:Spyglass","Lee\u0027s Waffle","Torii"],"acts_visited":["Exordium","TheCity","TheBeyond"],"potions_floor_usage":[40,40,40,42,42,45,45,45,45,48,48,50,50,50,50,50,50,50,50,50],"damage_taken":[{"damage":0.0,"enemies":"Small Slimes","floor":1.0,"turns":4.0},{"damage":3.0,"enemies":"2 Louse","floor":2.0,"turns":2.0},{"damage":0.0,"enemies":"Cultist","floor":5.0,"turns":3.0},{"damage":5.0,"enemies":"Gremlin Gang","floor":8.0,"turns":3.0},{"damage":0.0,"enemies":"Large Slime","floor":13.0,"turns":2.0},{"damage":0.0,"enemies":"Lagavulin","floor":14.0,"turns":2.0},{"damage":32.0,"enemies":"The Guardian","floor":16.0,"turns":2.0},{"damage":22.0,"enemies":"2 Thieves","floor":18.0,"turns":3.0},{"damage":8.0,"enemies":"3 Byrds","floor":19.0,"turns":2.0},{"damage":2.0,"enemies":"Snecko","floor":21.0,"turns":1.0},{"damage":13.0,"enemies":"Book of Stabbing","floor":23.0,"turns":3.0},{"damage":4.0,"enemies":"Shelled Parasite and Fungi","floor":28.0,"turns":1.0},{"damage":21.0,"enemies":"Slavers","floor":29.0,"turns":2.0},{"damage":4.0,"enemies":"Sentry and Sphere","floor":30.0,"turns":2.0},{"damage":6.0,"enemies":"Snake Plant","floor":31.0,"turns":1.0},{"damage":8.0,"enemies":"Collector","floor":33.0,"turns":1.0},{"damage":27.0,"enemies":"3 Shapes","floor":35.0,"turns":2.0},{"damage":9.0,"enemies":"Orb Walker","floor":36.0,"turns":2.0},{"damage":20,"enemies":"Reptomancer","floor":40,"turns":3},{"damage":82,"enemies":"Nemesis","floor":42,"turns":5},{"damage":20,"enemies":"Transient","floor":45,"turns":3},{"damage":6,"enemies":"Mind Bloom Boss Battle","floor":48,"turns":2},{"damage":56,"enemies":"Donu and Deca","floor":50,"turns":2}],"seed_played":"-1799889725905480855","potions_obtained":[{"floor":1.0,"key":"Strength Potion"},{"floor":2.0,"key":"Ancient Potion"},{"floor":13.0,"key":"hermit:BlackBile"},{"floor":14.0,"key":"SteroidPotion"},{"floor":14.0,"key":"SpeedPotion"},{"floor":16.0,"key":"SteroidPotion"},{"floor":19.0,"key":"EntropicBrew"},{"floor":23.0,"key":"hermit:Tonic"},{"floor":23.0,"key":"Swift Potion"},{"floor":28.0,"key":"Strength Potion"},{"floor":30.0,"key":"Energy Potion"},{"floor":33.0,"key":"Dexterity Potion"},{"floor":40,"key":"Ancient Potion"},{"floor":42,"key":"PowerPotion"},{"floor":48,"key":"PowerPotion"}],"is_trial":false,"path_per_floor":["M","M","$","?","M","R","$","M","T","?","$","R","M","E","R","B",null,"M","M","$","M","?","E","$","R","T","?","M","E","M","M","R","B",null,"M","M","$","?","?","E","R","E","T","R","M","R","$","?","R","B",null],"character_chosen":"HERMIT","items_purchased":["Bottled Tornado","Orichalcum","Strange Spoon","Question Card","Happy Flower","hermit:Enervate","Pen Nib","ClockworkSouvenir","Finesse","hermit:PetGhost","Ancient Tea Set","Mango","hermit:Enervate","Strawberry","Orrery","InkBottle","TheAbacus","Vajra","hermit:Spyglass","Lee\u0027s Waffle"],"campfire_rested":0,"item_purchase_floors":[3,3,7,7,7,11,11,11,20,20,20,20,20,24,24,37,37,47,47,47],"current_hp_per_floor":[75,72,72,72,72,72,72,67,67,73,73,73,73,73,73,41,81,59,51,65,63,63,50,57,57,57,63,59,38,34,28,28,20,114,87,78,78,113,113,93,93,21,21,21,21,21,127,125,125,78],"gold":459,"neow_bonus":"RANDOM_COMMON_RELIC","is_daily":false,"chose_seed":false,"campfire_upgraded":9,"win_rate":0.0,"timestamp":1609676224,"path_taken":["M","M","$","?","M","R","$","M","T","?","$","R","M","E","R","BOSS","M","M","$","M","?","E","$","R","T","?","?","E","M","M","R","BOSS","M","?","$","?","?","E","R","E","T","R","M","R","$","?","R","BOSS"],"items_purchased_type":["Relic","Relic","Relic","Relic","Relic","Card","Relic","Relic","Card","Relic","Relic","Relic","Card","Relic","Relic","Relic","Relic","Relic","Relic","Relic"],"build_version":"2020-12-22","purchased_purges":13,"victory":true,"max_hp_per_floor":[75,75,75,75,75,75,75,75,75,81,81,81,81,81,81,81,81,81,81,95,95,95,95,102,102,102,108,108,108,108,108,108,108,114,114,114,114,120,120,120,120,120,120,120,120,120,127,127,127,127],"card_choices":[{"not_picked":["hermit:Gestalt","hermit:Desperado"],"picked":"hermit:Combo","floor":1.0},{"not_picked":["hermit:Manifest","hermit:Determination","hermit:Spite"],"picked":"SKIP","floor":2.0},{"not_picked":["hermit:Manifest","hermit:SprayPray","hermit:Roulette"],"picked":"SKIP","floor":5.0},{"not_picked":["hermit:Roulette","hermit:SprayPray","hermit:Coalescence"],"picked":"hermit:TrackingShot","floor":8.0},{"not_picked":["hermit:Cheat","hermit:TakeCover","hermit:PistolWhip","hermit:Manifest"],"picked":"SKIP","floor":13.0},{"not_picked":["hermit:LuckOfTheDraw","hermit:LowProfile","hermit:Grudge"],"picked":"hermit:OverwhelmingPower","floor":14.0},{"not_picked":["hermit:HighCaliber","hermit:Snipe","hermit:HoleUp+1","hermit:Quickdraw"],"picked":"SKIP","floor":18.0},{"not_picked":["hermit:BodyArmor","hermit:Horror+1","hermit:Misfire"],"picked":"hermit:TrackingShot+1","floor":19.0},{"not_picked":["hermit:Coalescence","hermit:FlashPowder+1","hermit:Scavenge","hermit:Ricochet"],"picked":"SKIP","floor":21.0},{"not_picked":["hermit:TrackingShot","hermit:HighCaliber","hermit:Desperado+1","hermit:Shortfuse"],"picked":"SKIP","floor":23.0},{"not_picked":["hermit:Headshot+1","hermit:HoleUp","hermit:GhostlyPresence+1","hermit:Manifest"],"picked":"SKIP","floor":28.0},{"not_picked":["hermit:Adapt+1","hermit:Vantage+1","hermit:SprayPray","hermit:Grudge"],"picked":"SKIP","floor":29.0},{"not_picked":["hermit:HoleUp","hermit:Showdown","hermit:Snipe"],"picked":"hermit:CursedWeapon","floor":30.0},{"not_picked":["hermit:Midnight","hermit:WideOpen+1","hermit:SprayPray+1","hermit:Scavenge"],"picked":"SKIP","floor":31.0},{"not_picked":["hermit:Reprieve","hermit:Adapt+1","hermit:RoundhouseKick"],"picked":"hermit:Magnum","floor":33.0},{"not_picked":["hermit:Virtue","hermit:Desperado+1","hermit:WideOpen+1","hermit:HighCaliber+1"],"picked":"SKIP","floor":35.0},{"not_picked":["hermit:Deadeye","hermit:ItchyTrigger+1","hermit:PistolWhip+1"],"picked":"hermit:BigShot+1","floor":36.0},{"not_picked":["hermit:Spite","hermit:LowProfile","hermit:EyeOfTheStorm","hermit:FinalCanter"],"picked":"SKIP","floor":40},{"not_picked":["hermit:Roulette","hermit:WideOpen","hermit:Deadeye","hermit:Shortfuse+1"],"picked":"SKIP","floor":42},{"not_picked":["hermit:TrackingShot","hermit:Roulette+1","hermit:Cheat+1","hermit:Snipe+1"],"picked":"SKIP","floor":45}],"player_experience":9858,"relics_obtained":[{"floor":9.0,"key":"Kunai"},{"floor":14.0,"key":"Bag of Marbles"},{"floor":26.0,"key":"Oddly Smooth Stone"},{"floor":29.0,"key":"Frozen Egg 2"},{"floor":34.0,"key":"Lantern"},{"floor":34.0,"key":"Mummified Hand"},{"floor":34.0,"key":"WingedGreaves"},{"floor":40,"key":"Toy Ornithopter"},{"floor":42,"key":"StoneCalendar"},{"floor":43,"key":"hermit:RedScarf"},{"floor":48,"key":"Torii"}],"event_choices":[{"damage_healed":0.0,"max_hp_gain":0.0,"max_hp_loss":0.0,"gold_gain":175.0,"event_name":"Liars Game","player_choice":"AGREE","floor":4.0,"gold_loss":0.0,"damage_taken":0.0,"cards_obtained":["Doubt"]},{"damage_healed":0.0,"max_hp_gain":0.0,"max_hp_loss":0.0,"gold_gain":0.0,"event_name":"Big Fish","player_choice":"Box","floor":10.0,"gold_loss":0.0,"damage_taken":0.0,"relics_obtained":["Darkstone Periapt"],"cards_obtained":["Regret"]},{"damage_healed":0.0,"max_hp_gain":0.0,"max_hp_loss":0.0,"gold_gain":0.0,"event_name":"Vampires","player_choice":"Ignored","floor":22.0,"gold_loss":0.0,"damage_taken":0.0},{"damage_healed":0.0,"max_hp_gain":0.0,"max_hp_loss":0.0,"gold_gain":275.0,"event_name":"Golden Shrine","player_choice":"Desecrate","floor":27.0,"gold_loss":0.0,"damage_taken":0.0,"cards_obtained":["Regret"]},{"damage_healed":29,"gold_gain":0,"player_choice":"Writhe","damage_taken":0,"max_hp_gain":0,"max_hp_loss":0,"event_name":"Winding Halls","floor":38,"gold_loss":0,"cards_obtained":["Writhe"]},{"cards_removed":["hermit:Covet"],"damage_healed":0,"gold_gain":0,"player_choice":"Removed Skill","damage_taken":0,"max_hp_gain":0,"max_hp_loss":0,"event_name":"Falling","floor":39,"gold_loss":0},{"damage_healed":0,"gold_gain":0,"player_choice":"Fight","damage_taken":0,"max_hp_gain":0,"max_hp_loss":0,"event_name":"MindBloom","floor":48,"gold_loss":0}],"is_beta":false,"boss_relics":[{"not_picked":["Sozu","Fusion Hammer"],"picked":"hermit:BartenderGlass"},{"not_picked":["Runic Dome","Runic Pyramid"],"picked":"Calling Bell"}],"items_purged_floors":[3,3,3,3,3,3,7,11,11,11,37,37,37],"is_endless":false,"potions_floor_spawned":[1,2,13,14,14,16,19,23,23,28,29,29,30,30,31,33,35,40,42,42,48],"ascension_level":2}}