{"host":"5wznv0010959mrmz","time":1609646838,"event":{"mods":["BaseMod","Highlight Path","Minty Spire (QoL Compilation)"],"gold_per_floor":[119,119,119,142,142,142,180,180,205,34,59,59,82,97,97,193,193,207,122,122,141,159,159,159,159],"floor_reached":24,"playtime":619,"items_purged":[],"score":431,"play_id":"b691ef4e-02f3-4ca9-9fc8-aa108bb4d5e5","local_time":"20210102220718","is_ascension_mode":true,"campfire_choices":[{"data":"Eviscerate","floor":6,"key":"SMITH"},{"data":"Underhanded Strike","floor":8,"key":"SMITH"},{"data":"Terror","floor":12,"key":"SMITH"},{"data":"Outmaneuver","floor":15,"key":"SMITH"},{"floor":23,"key":"REST"}],"circlet_count":0,"master_deck":["AscendersBane","Strike_G","Strike_G","Strike_G","Strike_G","Defend_G","Defend_G","Defend_G","Defend_G","Defend_G","Survivor","Neutralize","Eviscerate+1","Cloak And Dagger","Underhanded Strike+1","Eviscerate+1","Terror+1","Outmaneuver+1","Dagger Throw","Die Die Die","Dagger Throw","Concentrate","Prepared+1"],"relics":["Ring of the Snake","NeowsBlessing","Golden Idol","StoneCalendar","Art of War","DollysMirror","HoveringKite","Ancient Tea Set","GremlinMask"],"acts_visited":["Exordium","TheCity"],"potions_floor_usage":[16,18,22,22],"damage_taken":[{"damage":0,"enemies":"Small Slimes","floor":1,"turns":1},{"damage":0,"enemies":"2 Louse","floor":4,"turns":1},{"damage":0,"enemies":"Lagavulin","floor":7,"turns":1},{"damage":0,"enemies":"Jaw Worm","floor":11,"turns":4},{"damage":2,"enemies":"Red Slaver","floor":13,"turns":4},{"damage":0,"enemies":"Blue Slaver","floor":14,"turns":2},{"damage":35,"enemies":"Slime Boss","floor":16,"turns":7},{"damage":7,"enemies":"Spheric Guardian","floor":18,"turns":4},{"damage":12,"enemies":"2 Thieves","floor":21,"turns":4},{"damage":33,"enemies":"Shelled Parasite and Fungi","floor":22,"turns":4},{"damage":25,"enemies":"Book of Stabbing","floor":24,"turns":3}],"seed_played":"652178521025329821","potions_obtained":[{"floor":4,"key":"Block Potion"},{"floor":7,"key":"CultistPotion"},{"floor":16,"key":"Fire Potion"},{"floor":18,"key":"SpeedPotion"},{"floor":21,"key":"Poison Potion"}],"is_trial":false,"path_per_floor":["M","?","?","M","?","R","E","R","T","$","M","R","M","M","R","B",null,"M","?","?","M","M","R","E"],"character_chosen":"THE_SILENT","items_purchased":["DollysMirror"],"campfire_rested":1,"item_purchase_floors":[10],"current_hp_per_floor":[59,52,52,52,57,57,57,57,57,57,57,57,55,55,55,20,54,47,47,47,35,2,21,0,0],"gold":159,"neow_bonus":"THREE_ENEMY_KILL","is_daily":false,"chose_seed":false,"campfire_upgraded":4,"win_rate":0.0,"timestamp":1609646838,"path_taken":["M","?","?","M","?","R","E","R","T","?","M","R","M","M","R","BOSS","M","?","?","M","M","R","E"],"items_purchased_type":["Relic"],"build_version":"2020-12-22","purchased_purges":0,"victory":false,"max_hp_per_floor":[66,66,60,60,65,65,65,65,65,65,65,65,65,65,65,65,65,65,65,65,65,65,65,65,65],"card_choices":[{"not_picked":["Acrobatics","Tactician"],"picked":"Eviscerate","floor":1},{"not_picked":["Predator","Infinite Blades"],"picked":"Cloak And Dagger","floor":4},{"not_picked":["Quick Slash","Slice"],"picked":"Underhanded Strike","floor":7},{"not_picked":["Poisoned Stab","Deflect"],"picked":"Terror","floor":11},{"not_picked":["Riddle With Holes","PiercingWail"],"picked":"Outmaneuver","floor":13},{"not_picked":["Eviscerate","PiercingWail"],"picked":"Dagger Throw","floor":14},{"not_picked":["Venomology","A Thousand Cuts"],"picked":"Die Die Die","floor":16},{"not_picked":["Flying Knee","Blade Dance"],"picked":"Dagger Throw","floor":18},{"not_picked":["Cloak And Dagger","Outmaneuver"],"picked":"Concentrate","floor":21},{"not_picked":["Poisoned Stab","Terror+1"],"picked":"Prepared+1","floor":22}],"player_experience":382680,"relics_obtained":[{"floor":7,"key":"StoneCalendar"},{"floor":9,"key":"Art of War"}],"event_choices":[{"cards_removed":["Strike_G"],"damage_healed":0,"gold_gain":0,"player_choice":"Card Removal","damage_taken":7,"max_hp_gain":0,"max_hp_loss":0,"event_name":"Golden Wing","floor":2,"gold_loss":0},{"damage_healed":0,"gold_gain":0,"player_choice":"Lose Max HP","damage_taken":0,"relics_obtained":["Golden Idol"],"max_hp_gain":0,"max_hp_loss":6,"event_name":"Golden Idol","floor":3,"gold_loss":0},{"damage_healed":0,"gold_gain":0,"player_choice":"Donut","damage_taken":0,"max_hp_gain":5,"max_hp_loss":0,"event_name":"Big Fish","floor":5,"gold_loss":0},{"damage_healed":0,"gold_gain":0,"player_choice":"Obtained Relic","damage_taken":0,"relics_obtained":["Ancient Tea Set"],"max_hp_gain":0,"max_hp_loss":0,"event_name":"Addict","floor":19,"gold_loss":85},{"damage_healed":0,"gold_gain":0,"player_choice":"Trade","damage_taken":0,"relics_obtained":["GremlinMask"],"max_hp_gain":0,"max_hp_loss":0,"event_name":"FaceTrader","floor":20,"gold_loss":0}],"is_beta":false,"boss_relics":[{"not_picked":["Tiny House","Empty Cage"],"picked":"HoveringKite"}],"items_purged_floors":[],"is_endless":false,"potions_floor_spawned":[4,7,13,16,18,21],"killed_by":"Book of Stabbing","ascension_level":19}}