{"host":"h5pmktbc0hzjipqc","time":1609696683,"event":{"mods":["2.2 Compatiblity","AchievementEnabler","BaseMod","Better Altar","Better Match","Better Note","Better Sensory Stone","Better Skull","Better Third Choice","Better Vampires","BetterRewards","Block Reminder","Clawfect","Colored Powertips","Conspire","Curses Come First","Energized Spire","GifTheSpireLib","Halation","Hero for Fun","Hubris","Jedi Mod","Minty Spire (QoL Compilation)","Permanent Neow","Quick Restart","Rare Cards Sparkle","Relic Sorter","Relic Stats","Replay The Spire","Spicy Shops","Spikes Relics","StSLib","Synergy Search","The Jungle","Trackpad","Unceasing Turn Reminder","everything is the same but u backflip on backflip","vexMod"],"gold_per_floor":[21,21,39,39,59,59,71,71,71,71,87,103,116,127,127,227,227,237,537,555,555,569,569,588,588,588,588,588,588,588],"floor_reached":29,"playtime":1668,"items_purged":[],"score":329,"play_id":"1dd98b88-b0c1-41c9-945d-e39bc7cca056","local_time":"20210103115803","is_ascension_mode":false,"campfire_choices":[{"data":"Strike_Y","floor":6,"key":"SMITH"},{"data":"Strike_Y","floor":15,"key":"SMITH"},{"floor":23,"key":"REST"},{"data":"Defend_Y","floor":25,"key":"SMITH"},{"data":"Toss_Stone","floor":27,"key":"SMITH"}],"circlet_count":0,"master_deck":["Strike_Y","Strike_Y","Strike_Y+1","Strike_Y+1","Strike_Y","Defend_Y+1","Defend_Y","Defend_Y","Defend_Y","Defend_Y","Yawn","Toss_Stone+1","Toss_Stone","Normal_Punch","Slap","Consecutive_Normal_Punch","Serious_Side_Hops","Consecutive_Normal_Punch"],"relics":["Cape","hubris:Towel","hubris:NiceRug"],"acts_visited":["Exordium","TheCity"],"potions_floor_usage":[],"damage_taken":[{"damage":0,"enemies":"Jaw Worm","floor":1,"turns":1},{"damage":0,"enemies":"Cultist","floor":3,"turns":1},{"damage":0,"enemies":"2 Louse","floor":5,"turns":2},{"damage":0,"enemies":"Gremlin Gang","floor":7,"turns":2},{"damage":0,"enemies":"Lagavulin","floor":8,"turns":1},{"damage":0,"enemies":"Large Slime","floor":11,"turns":1},{"damage":0,"enemies":"2 Fungi Beasts","floor":12,"turns":1},{"damage":0,"enemies":"Blue Slaver","floor":13,"turns":1},{"damage":0,"enemies":"Exordium Thugs","floor":14,"turns":1},{"damage":0,"enemies":"Fading Forest","floor":16,"turns":1},{"damage":0,"enemies":"Chosen","floor":18,"turns":1},{"damage":0,"enemies":"hubris:Merchant","floor":19,"turns":2},{"damage":0,"enemies":"conspire:FuzzyDice","floor":20,"turns":1},{"damage":0,"enemies":"Snecko","floor":22,"turns":1},{"damage":0,"enemies":"Snake Plant","floor":24,"turns":1},{"damage":0,"enemies":"Centurion and Healer","floor":29,"turns":1}],"seed_played":"-2868911925408960880","potions_obtained":[{"floor":11,"key":"Explosive Potion"},{"floor":14,"key":"PowerPotion"},{"floor":18,"key":"Block Potion"}],"is_trial":false,"path_per_floor":["M","?","M","?","M","R","M","E","T","?","M","M","M","M","R","B",null,"M","$","M","$","M","R","M","R","T","R","$","M"],"character_chosen":"OPM","items_purchased":[],"campfire_rested":1,"item_purchase_floors":[],"current_hp_per_floor":[999,999,999,999,999,999,999,999,999,999,999,999,999,999,999,999,999,999,999,999,999,999,999,999,999,999,999,999,999,999],"gold":588,"neow_bonus":"THREE_CARDS","is_daily":false,"chose_seed":false,"campfire_upgraded":4,"win_rate":0.0,"timestamp":1609696683,"path_taken":["M","?","?","?","M","R","M","E","T","?","M","M","M","M","R","BOSS","M","$","M","$","M","R","M","R","T","R","$","M"],"items_purchased_type":[],"build_version":"2020-12-22","purchased_purges":0,"victory":false,"max_hp_per_floor":[999,999,999,999,999,999,999,999,999,999,999,999,999,999,999,999,999,999,999,999,999,999,999,999,999,999,999,999,999,999],"relic_stats":{"counters":[16,19],"obtain_stats":[{"Cape":0,"hubris:Towel":4,"hubris:NiceRug":19},{"Cape":0,"hubris:Towel":2,"hubris:NiceRug":12},{"Cape":0,"hubris:Towel":2,"hubris:NiceRug":15}]},"card_choices":[{"not_picked":["Slap","Hop"],"picked":"Ignore","floor":0},{"not_picked":["Hop","Slap"],"picked":"Yawn","floor":1},{"not_picked":["Side_Hop","Yawn"],"picked":"Toss_Stone","floor":3},{"not_picked":["Side_Hop","Do_Nothing"],"picked":"Toss_Stone","floor":5},{"not_picked":["Ignore","Hop","Side_Hop"],"picked":"SKIP","floor":7},{"not_picked":["Ignore","Do_Nothing","Hip_Strike"],"picked":"SKIP","floor":8},{"not_picked":["Hop","Side_Hop"],"picked":"Normal_Punch","floor":11},{"not_picked":["Ignore","Side_Hop","Hop"],"picked":"SKIP","floor":12},{"not_picked":["Ignore","Hop"],"picked":"Slap","floor":13},{"not_picked":["Get_Hopes_Up","Ignore"],"picked":"Consecutive_Normal_Punch","floor":14},{"not_picked":["Hip_Strike","Oh"],"picked":"Serious_Side_Hops","floor":16},{"not_picked":["Ignore","Toss_Stone","Slap+1"],"picked":"SKIP","floor":18},{"not_picked":["Slap"],"picked":"SKIP","floor":19},{"not_picked":["Toss_Stone"],"picked":"SKIP","floor":19},{"not_picked":["Do_Nothing"],"picked":"SKIP","floor":19},{"not_picked":["Ignore"],"picked":"SKIP","floor":19},{"not_picked":["Wear_Disguise"],"picked":"SKIP","floor":19},{"not_picked":["ReplayTheSpireMod:Private Reserves"],"picked":"SKIP","floor":19},{"not_picked":["Secret Technique"],"picked":"SKIP","floor":19},{"not_picked":["Ignore+1","Toss_Stone"],"picked":"Consecutive_Normal_Punch","floor":20},{"not_picked":["Hop+1","Slap","Ignore"],"picked":"SKIP","floor":22},{"not_picked":["Yawn+1","Toss_Stone","Consecutive_Normal_Punch"],"picked":"SKIP","floor":24}],"player_experience":26425,"relics_obtained":[],"event_choices":[{"damage_healed":0,"gold_gain":0,"player_choice":"","damage_taken":1,"relics_obtained":[],"max_hp_gain":0,"max_hp_loss":0,"event_name":"betterSkull:BetterSkull","floor":2,"gold_loss":0,"cards_upgraded":[]},{"cards_removed":["Ignore"],"damage_healed":0,"gold_gain":0,"player_choice":"Purged","damage_taken":0,"max_hp_gain":0,"max_hp_loss":0,"event_name":"Purifier","floor":10,"gold_loss":0}],"is_beta":false,"boss_relics":[{"not_picked":["vexMod:TanglingVine","Replay:Wanted Poster","conspire:SeveredTorchhead"]}],"items_purged_floors":[],"is_endless":false,"potions_floor_spawned":[3,8,11,13,14,16,18],"killed_by":"Centurion and Healer","ascension_level":0}}