{"host":"q2n6tlickby1elp8","time":1609652717,"event":{"mods":["BaseMod","BetterRewards","Colored Powertips","Marisa£®ÏF”Í°°ƒß¿Ì…≥£©","Minty Spire (QoL Compilation)","Remilia£®¿Ÿ√◊¿Ú—«£©","SOS£®Àπ∞Õ¥Ô÷Æ◊”£©","Shop Mod","SuperFastMode","The Construct","The Disciple","The Servant 0.9.4","Youmu£®ªÍ∆«—˝√Œ£©","[IsaacMod]“‘»ˆº‚À˛"],"gold_per_floor":[128,52,116,158,158,158,189,189,189,35,74,74,74,28,28,127,127,144,193,254,254,254,254,279,53,103,128,92,106,106,147,147,287,287,318,333,333,333,333,333],"floor_reached":39,"playtime":1997,"items_purged":[],"score":379,"play_id":"aaab8d84-4158-4a26-be3b-0eade5def68b","local_time":"20210103134517","is_ascension_mode":false,"campfire_choices":[{"floor":6.0,"key":"REST"},{"floor":8.0,"key":"REST"},{"data":"LucifercomboC","floor":15.0,"key":"SMITH"},{"floor":23,"key":"REST"},{"floor":30,"key":"REST"},{"data":"Enemystep","floor":32,"key":"SMITH"}],"circlet_count":0,"master_deck":["Attack_a","Attack_a","Attack_b","Shoot","Shoot","Provocation","Defend_Dante","Defend_Dante","Defend_Dante","Defend_Dante","Redorb","Pandora","Lucifer","Airhike","Swordmaster","Dash2","Swordcombo+1","LucifercomboC+1","EbonyIvory","Enemystep+1","Stinger","LucifercomboD+1","Royaldefend+1","Writhe","Straight","Gunstinger","Unrisingdragon","Greenorb+1","Kick13","Darkslayer","GilgameshcomboA+1","Chargeshoot+1","Madness","Madness"],"relics":["SSS","Combocheck","HushsDoor","DeathBook","Leech","construct:WeddingRing","Nilry\u0027s Codex","StoneCalendar","Bag of Marbles","Lantern","Toy Ornithopter","Runic Pyramid"],"acts_visited":["Exordium","TheCity","TheBeyond"],"potions_floor_usage":[31,33,33,33,33,33,33,39],"damage_taken":[{"damage":19.0,"enemies":"Small Slimes","floor":1.0,"turns":3.0},{"damage":0.0,"enemies":"Cultist","floor":3.0,"turns":4.0},{"damage":26.0,"enemies":"2 Louse","floor":4.0,"turns":3.0},{"damage":30.0,"enemies":"Lagavulin","floor":7.0,"turns":5.0},{"damage":0.0,"enemies":"Looter","floor":11.0,"turns":3.0},{"damage":17.0,"enemies":"Slime Boss","floor":16.0,"turns":5.0},{"damage":6.0,"enemies":"Spheric Guardian","floor":18.0,"turns":3.0},{"damage":5,"enemies":"Chosen","floor":19,"turns":4},{"damage":12,"enemies":"3 Cultists","floor":20,"turns":4},{"damage":12,"enemies":"Snake Plant","floor":24,"turns":4},{"damage":67,"enemies":"Cultist and Chosen","floor":29,"turns":6},{"damage":0,"enemies":"Centurion and Healer","floor":31,"turns":4},{"damage":77,"enemies":"Collector","floor":33,"turns":8},{"damage":8,"enemies":"Orb Walker","floor":35,"turns":3},{"damage":44,"enemies":"3 Shapes","floor":36,"turns":3},{"damage":51,"enemies":"Spire Growth","floor":39,"turns":4}],"seed_played":"-3258430729985813488","potions_obtained":[{"floor":3.0,"key":"Fire Potion"},{"floor":11.0,"key":"construct:ShiftPotion"},{"floor":18.0,"key":"SkillPotion"},{"floor":19,"key":"SneckoOil"},{"floor":29,"key":"EntropicBrew"},{"floor":31,"key":"SpeedPotion"},{"floor":35,"key":"SteroidPotion"}],"is_trial":false,"path_per_floor":["M","$","M","M","?","R","E","R","T","$","M","?","?","$","R","B",null,"M","M","M","?","?","R","M","$","T","T","$","M","R","M","R","B",null,"M","M","?","?","M"],"character_chosen":"DANTE","items_purchased":["Lucifer","Swordcombo","EbonyIvory","Bag of Marbles","Gunstinger","Unrisingdragon"],"campfire_rested":4,"item_purchase_floors":[2,10,14,25,25,28],"current_hp_per_floor":[69,69,69,43,43,69,39,65,65,65,67,67,67,67,67,55,88,82,81,73,57,57,83,75,75,75,75,75,14,40,66,66,32,88,83,50,39,39,0,0],"gold":333,"neow_bonus":"TEN_PERCENT_HP_BONUS","is_daily":false,"chose_seed":false,"campfire_upgraded":2,"win_rate":0.0,"timestamp":1609652717,"path_taken":["M","$","M","M","?","R","E","R","T","$","?","?","?","?","R","BOSS","M","M","M","?","?","R","M","$","T","?","$","M","R","M","R","BOSS","M","M","?","?","M"],"items_purchased_type":["Card","Card","Card","Relic","Card","Card"],"build_version":"2020-12-22","purchased_purges":0,"victory":false,"max_hp_per_floor":[88,88,88,88,88,88,88,88,88,88,88,88,88,88,88,88,88,88,88,88,88,88,88,88,88,88,88,88,88,88,88,88,88,88,88,88,88,88,88,88],"card_choices":[{"not_picked":[],"picked":"Bomb","floor":0.0},{"not_picked":["Honeycombofire","Weaponupgrade"],"picked":"Pandora","floor":1.0},{"not_picked":["Hightime","Kick13"],"picked":"Airhike","floor":3.0},{"not_picked":["Millionstab","Chargeshoot2"],"picked":"Swordmaster","floor":4.0},{"not_picked":["GilgameshcomboA","Weaponupgrade"],"picked":"Dash2","floor":7.0},{"not_picked":["Weaponreturn","Chargeshoot2"],"picked":"LucifercomboC","floor":11.0},{"not_picked":["Swordcombo","Trickster"],"picked":"Enemystep","floor":16.0},{"not_picked":["Whiteorb","EbonyIvory"],"picked":"Stinger","floor":18.0},{"not_picked":["LucifercomboA","Dash1"],"picked":"LucifercomboD+1","floor":19},{"not_picked":["Hightime","Weaponupgrade"],"picked":"Royaldefend+1","floor":20},{"not_picked":["BeastUppercut","Weaponupgrade"],"picked":"Straight","floor":24},{"not_picked":["Millionstab","Chargeshoot"],"picked":"Greenorb+1","floor":29},{"not_picked":["Honeycombofire","DevilstarS"],"picked":"Kick13","floor":31},{"not_picked":["Trickster","Stylechange"],"picked":"Darkslayer","floor":33},{"not_picked":["CoyoteA","Gilgamesh+1"],"picked":"GilgameshcomboA+1","floor":35},{"not_picked":["Weaponupgrade+1","Dash2"],"picked":"Chargeshoot+1","floor":36}],"player_experience":119012,"relics_obtained":[{"floor":7.0,"key":"Leech"},{"floor":21,"key":"Nilry\u0027s Codex"},{"floor":26,"key":"Lantern"},{"floor":27,"key":"Toy Ornithopter"}],"event_choices":[{"damage_healed":0.0,"max_hp_gain":0.0,"max_hp_loss":0.0,"gold_gain":0.0,"event_name":"Golden Wing","player_choice":"Ignored","floor":5.0,"gold_loss":0.0,"damage_taken":0.0},{"damage_healed":0.0,"max_hp_gain":0.0,"max_hp_loss":0.0,"gold_gain":0.0,"event_name":"Living Wall","player_choice":"Grow","floor":12.0,"gold_loss":0.0,"damage_taken":0.0,"cards_upgraded":["Swordcombo"]},{"damage_healed":0,"gold_gain":0,"player_choice":"Obtained Book","damage_taken":16,"max_hp_gain":0,"max_hp_loss":0,"event_name":"Cursed Tome","floor":21,"gold_loss":0},{"damage_healed":0,"gold_gain":0,"player_choice":"Opened","damage_taken":0,"relics_obtained":["StoneCalendar"],"max_hp_gain":0,"max_hp_loss":0,"event_name":"The Mausoleum","floor":22,"gold_loss":0,"cards_obtained":["Writhe"]},{"damage_healed":0,"gold_gain":0,"player_choice":"Embrace Madness","damage_taken":11,"max_hp_gain":0,"max_hp_loss":0,"event_name":"Winding Halls","floor":37,"gold_loss":0,"cards_obtained":["Madness","Madness"]},{"damage_healed":0,"gold_gain":0,"player_choice":"Ignored","damage_taken":0,"max_hp_gain":0,"max_hp_loss":0,"event_name":"The Moai Head","floor":38,"gold_loss":0}],"is_beta":false,"boss_relics":[{"not_picked":["Philosopher\u0027s Stone","Cursed Key"],"picked":"construct:WeddingRing"},{"not_picked":[]},{"not_picked":["Pandora\u0027s Box","Tiny House"],"picked":"Runic Pyramid"},{"not_picked":[]}],"items_purged_floors":[],"is_endless":false,"potions_floor_spawned":[3,11,18,19,24,29,31,35],"killed_by":"Spire Growth","ascension_level":0}}