{"host":"hfxp6ue4pvwo3fit","time":1609660638,"event":{"mods":["AchievementEnabler","BaseMod","Colored Map","Colored Powertips","Highlight Path","Minty Spire (QoL Compilation)","Relic Stats","StSLib","SuperFastMode"],"gold_per_floor":[116,62,212,13,13,13,38,38,62,62,80,80,80,90,90,90,90],"floor_reached":16,"playtime":325,"items_purged":["Doubt"],"score":192,"play_id":"db978250-298e-4af4-9dd7-eed9fda8b735","local_time":"20210103015718","is_ascension_mode":true,"campfire_choices":[{"data":"All Out Attack","floor":6,"key":"SMITH"},{"data":"Crippling Poison","floor":8,"key":"SMITH"},{"floor":15,"key":"REST"}],"circlet_count":0,"master_deck":["AscendersBane","Strike_G","Strike_G","Strike_G","Strike_G","Defend_G","Defend_G","Defend_G+1","Defend_G","Survivor+1","Neutralize","Crippling Poison+1","Poisoned Stab","Footwork","All Out Attack+1","Quick Slash","Footwork","Deadly Poison"],"relics":["Ring of the Snake","Juzu Bracelet","Pen Nib","Nunchaku"],"acts_visited":["Exordium"],"potions_floor_usage":[16],"damage_taken":[{"damage":0,"enemies":"Jaw Worm","floor":1,"turns":4},{"damage":30,"enemies":"Lagavulin","floor":7,"turns":10},{"damage":4,"enemies":"Cultist","floor":11,"turns":3},{"damage":0,"enemies":"2 Louse","floor":14,"turns":2},{"damage":33,"enemies":"Slime Boss","floor":16,"turns":7}],"seed_played":"-6328736972255379228","potions_obtained":[{"floor":1,"key":"PowerPotion"},{"floor":11,"key":"DuplicationPotion"}],"is_trial":false,"path_per_floor":["M","$","?","$","?","R","E","R","T","?","M","?","$","M","R","B"],"character_chosen":"THE_SILENT","items_purchased":["Poisoned Stab","Footwork","All Out Attack"],"campfire_rested":1,"item_purchase_floors":[2,4,4],"current_hp_per_floor":[59,59,59,59,59,59,29,29,29,11,7,2,2,2,20,0,0],"gold":90,"neow_bonus":"REMOVE_TWO","is_daily":false,"chose_seed":false,"campfire_upgraded":2,"win_rate":0.0,"timestamp":1609660638,"path_taken":["M","$","?","$","?","R","E","R","T","?","M","?","?","M","R","BOSS"],"items_purchased_type":["Card","Card","Card"],"build_version":"2020-12-22","purchased_purges":1,"victory":false,"max_hp_per_floor":[60,60,60,60,60,60,60,60,60,60,60,60,60,60,60,60,60],"relic_stats":{"Nunchaku":[2],"counters":[5,26],"Pen Nib":[2],"Juzu Bracelet":1,"obtain_stats":[{"Nunchaku":9,"Pen Nib":7,"Juzu Bracelet":5,"Ring of the Snake":0},{"Nunchaku":2,"Pen Nib":2,"Juzu Bracelet":1,"Ring of the Snake":0},{"Nunchaku":14,"Pen Nib":14,"Juzu Bracelet":4,"Ring of the Snake":0}],"Ring of the Snake":[10]},"card_choices":[{"not_picked":["Riddle With Holes","Cloak And Dagger"],"picked":"Crippling Poison","floor":1},{"not_picked":["PiercingWail","Sucker Punch"],"picked":"Quick Slash","floor":7},{"not_picked":["Cloak And Dagger","Concentrate"],"picked":"Footwork","floor":11},{"not_picked":["Expertise","Riddle With Holes"],"picked":"Deadly Poison","floor":14}],"player_experience":467897,"relics_obtained":[{"floor":7,"key":"Pen Nib"},{"floor":9,"key":"Nunchaku"}],"event_choices":[{"damage_healed":0,"gold_gain":150,"player_choice":"AGREE","damage_taken":0,"max_hp_gain":0,"max_hp_loss":0,"event_name":"Liars Game","floor":3,"gold_loss":0,"cards_obtained":["Doubt"]},{"damage_healed":0,"gold_gain":0,"player_choice":"Gave Potion","damage_taken":0,"relics_obtained":["Juzu Bracelet"],"max_hp_gain":0,"max_hp_loss":0,"event_name":"WeMeetAgain","floor":5,"gold_loss":0},{"damage_healed":0,"gold_gain":0,"player_choice":"Entered Light","damage_taken":18,"max_hp_gain":0,"max_hp_loss":0,"event_name":"Shining Light","floor":10,"gold_loss":0,"cards_upgraded":["Defend_G","Survivor"]},{"damage_healed":0,"gold_gain":0,"player_choice":"Fled","damage_taken":5,"max_hp_gain":0,"max_hp_loss":0,"event_name":"Scrap Ooze","floor":12,"gold_loss":0}],"is_beta":false,"boss_relics":[],"items_purged_floors":[4],"is_endless":false,"potions_floor_spawned":[1,11],"killed_by":"Slime Boss","ascension_level":20}}