{"host":"b4oqa93y40rb9616","time":1609640650,"event":{"mods":["BaseMod","Colored Map","Custom Start","DeckTracker","Keyboard Shortcuts","Minty Spire (QoL Compilation)","Permanent Neow","Quick Restart","StSLib","SuperFastMode","everything is the same but u backflip on backflip"],"gold_per_floor":[110,260,260,273,28,60,72,119,131,143,155,187,199,231,243,334,346,375,387,399,428,452,464,476,476],"floor_reached":24,"playtime":610,"items_purged":["Doubt"],"score":408,"play_id":"98442ef1-cef2-4eac-a9ea-b50dd478953d","local_time":"20210103112410","is_ascension_mode":true,"campfire_choices":[{"floor":7.0,"key":"REST"},{"floor":10.0,"key":"REST"},{"data":"Eruption","floor":15.0,"key":"SMITH"},{"floor":23.0,"key":"REST"}],"circlet_count":0,"master_deck":["AscendersBane","Strike_P","Strike_P","Defend_P","Defend_P","Defend_P","Defend_P","Eruption+1","Vigilance","CrushJoints","InnerPeace","Adaptation","Tantrum","MentalFortress","Scrawl","Collect","JustLucky"],"relics":["PureWater","Peace Pipe","Membership Card","MawBank","HornCleat","SlaversCollar","Nloth\u0027s Gift"],"acts_visited":["Exordium","TheCity"],"potions_floor_usage":[24],"damage_taken":[{"damage":4.0,"enemies":"Jaw Worm","floor":1.0,"turns":4.0},{"damage":2.0,"enemies":"Small Slimes","floor":4.0,"turns":3.0},{"damage":54.0,"enemies":"3 Sentries","floor":6.0,"turns":9.0},{"damage":9.0,"enemies":"Gremlin Nob","floor":8.0,"turns":3.0},{"damage":0.0,"enemies":"Cultist","floor":12.0,"turns":3.0},{"damage":0.0,"enemies":"Large Slime","floor":14.0,"turns":6.0},{"damage":24.0,"enemies":"Slime Boss","floor":16.0,"turns":8.0},{"damage":5.0,"enemies":"Chosen","floor":18.0,"turns":5.0},{"damage":4.0,"enemies":"Spheric Guardian","floor":21.0,"turns":3.0},{"damage":27.0,"enemies":"3 Cultists","floor":22.0,"turns":6.0},{"damage":28,"enemies":"Snake Plant","floor":24,"turns":4}],"seed_played":"-2399350605680288232","potions_obtained":[{"floor":1.0,"key":"SkillPotion"},{"floor":3.0,"key":"Weak Potion"},{"floor":3.0,"key":"LiquidBronze"},{"floor":8.0,"key":"EssenceOfSteel"},{"floor":14.0,"key":"Dexterity Potion"},{"floor":18.0,"key":"FearPotion"}],"is_trial":false,"path_per_floor":["M","?","?","M","$","E","R","E","T","R","$","M","$","M","R","B",null,"M","?","?","M","M","R","M"],"character_chosen":"WATCHER","items_purchased":["Membership Card","Adaptation"],"campfire_rested":3,"item_purchase_floors":[5,5],"current_hp_per_floor":[57,57,57,55,55,1,19,10,10,28,28,28,28,28,28,4,48,43,43,43,39,12,30,2,2],"gold":476,"neow_bonus":"ONE_RARE_RELIC","is_daily":false,"chose_seed":false,"campfire_upgraded":1,"win_rate":0.0,"timestamp":1609640650,"path_taken":["M","?","?","M","$","E","R","E","T","R","$","?","$","M","R","BOSS","M","?","?","M","M","R","M"],"items_purchased_type":["Relic","Card"],"build_version":"2020-12-22","purchased_purges":1,"victory":false,"max_hp_per_floor":[62,62,62,62,62,62,62,62,62,62,62,62,62,62,62,62,62,62,62,62,62,62,62,62,62],"card_choices":[{"not_picked":["Fasting2","Halt"],"picked":"CrushJoints","floor":1.0},{"not_picked":["Evaluate","JustLucky"],"picked":"InnerPeace","floor":4.0},{"not_picked":["Meditate","ThirdEye"],"picked":"Tantrum","floor":6.0},{"not_picked":["Consecrate","CutThroughFate"],"picked":"MentalFortress","floor":8.0},{"not_picked":["Evaluate","Consecrate","DeceiveReality"],"picked":"SKIP","floor":12.0},{"not_picked":["SignatureMove","BattleHymn"],"picked":"Scrawl","floor":14.0},{"not_picked":["FlurryOfBlows","PathToVictory","Wallop"],"picked":"SKIP","floor":18.0},{"not_picked":["Judgement","Meditate","Study"],"picked":"SKIP","floor":21.0},{"not_picked":["Halt","FollowUp","SashWhip"],"picked":"SKIP","floor":22.0}],"player_experience":416489,"relics_obtained":[{"floor":6.0,"key":"MawBank"},{"floor":8.0,"key":"Orichalcum"},{"floor":9.0,"key":"HornCleat"}],"event_choices":[{"damage_healed":0.0,"max_hp_gain":0.0,"max_hp_loss":0.0,"gold_gain":150.0,"event_name":"Liars Game","player_choice":"AGREE","floor":2.0,"gold_loss":0.0,"damage_taken":0.0,"cards_obtained":["Doubt"]},{"damage_healed":0.0,"max_hp_gain":0.0,"max_hp_loss":0.0,"gold_gain":0.0,"event_name":"Lab","player_choice":"Got Potions","floor":3.0,"gold_loss":0.0,"damage_taken":0.0},{"damage_healed":0.0,"max_hp_gain":0.0,"max_hp_loss":0.0,"gold_gain":0.0,"cards_transformed":["Strike_P","Strike_P"],"event_name":"Drug Dealer","player_choice":"Became Test Subject","floor":19.0,"gold_loss":0.0,"damage_taken":0.0,"cards_obtained":["Collect","JustLucky"]},{"damage_healed":0.0,"max_hp_gain":0.0,"max_hp_loss":0.0,"gold_gain":0.0,"event_name":"N\u0027loth","player_choice":"Traded Relic","floor":20.0,"relics_lost":["Orichalcum"],"gold_loss":0.0,"damage_taken":0.0,"relics_obtained":["Nloth\u0027s Gift"]}],"is_beta":false,"boss_relics":[{"not_picked":["Cursed Key","Fusion Hammer"],"picked":"SlaversCollar"}],"items_purged_floors":[5],"is_endless":false,"potions_floor_spawned":[1,8,14,18],"killed_by":"Snake Plant","ascension_level":20}}