{"host":"uonldg9uriwfhjjx","time":1609673964,"event":{"mods":["AchievementEnabler","BaseMod","Minty Spire (QoL Compilation)","Relic Stats"],"gold_per_floor":[12,32,49,124,135,165,165,165,165,90,110,110,141,154,154,154,154],"floor_reached":16,"playtime":8840,"items_purged":["Strike_R"],"score":202,"play_id":"77ba8539-2494-45fb-a556-6ddf38b99f3d","local_time":"20210103063924","is_ascension_mode":true,"campfire_choices":[{"data":"Uppercut","floor":8,"key":"SMITH"},{"floor":12,"key":"REST"},{"data":"Infernal Blade","floor":15,"key":"SMITH"}],"circlet_count":0,"master_deck":["AscendersBane","Strike_R","Strike_R","Strike_R","Defend_R","Defend_R","Defend_R","Bash","Reaper","Uppercut+1","Thunderclap","Cleave","Armaments+1","Reaper","Infernal Blade+1"],"relics":["Burning Blood","Gambling Chip","Gremlin Horn","Bottled Flame"],"acts_visited":["Exordium"],"potions_floor_usage":[3],"damage_taken":[{"damage":6,"enemies":"Jaw Worm","floor":1,"turns":4},{"damage":0,"enemies":"Cultist","floor":2,"turns":3},{"damage":3,"enemies":"2 Louse","floor":3,"turns":3},{"damage":0,"enemies":"Exordium Wildlife","floor":5,"turns":3},{"damage":56,"enemies":"Gremlin Nob","floor":6,"turns":5},{"damage":18,"enemies":"Large Slime","floor":11,"turns":5},{"damage":34,"enemies":"3 Sentries","floor":13,"turns":6},{"damage":17,"enemies":"3 Louse","floor":14,"turns":3},{"damage":76,"enemies":"Hexaghost","floor":16,"turns":9}],"seed_played":"-5626288456115586877","potions_obtained":[{"floor":2,"key":"ElixirPotion"},{"floor":3,"key":"Fruit Juice"},{"floor":13,"key":"Swift Potion"}],"is_trial":false,"path_per_floor":["M","M","M","?","M","E","?","R","T","$","M","R","E","M","R","B"],"character_chosen":"IRONCLAD","items_purchased":[],"campfire_rested":1,"item_purchase_floors":[],"current_hp_per_floor":[72,75,80,69,80,30,30,30,30,30,21,45,44,60,60,0,0],"gold":154,"neow_bonus":"TRANSFORM_TWO_CARDS","is_daily":false,"chose_seed":false,"campfire_upgraded":2,"win_rate":0.0,"timestamp":1609673964,"path_taken":["M","M","M","?","M","E","?","R","T","$","?","R","E","M","R","BOSS"],"items_purchased_type":[],"build_version":"2020-12-22","purchased_purges":1,"victory":false,"max_hp_per_floor":[75,75,80,80,80,80,80,80,80,80,80,80,80,80,80,80,80],"relic_stats":{"Gremlin Horn":[5,5],"counters":[9,41],"Gambling Chip":[6],"obtain_stats":[{"Bottled Flame":13,"Gremlin Horn":9,"Gambling Chip":6,"Burning Blood":0},{"Bottled Flame":7,"Gremlin Horn":5,"Gambling Chip":5,"Burning Blood":0},{"Bottled Flame":29,"Gremlin Horn":18,"Gambling Chip":18,"Burning Blood":0}],"Burning Blood":36},"card_choices":[{"not_picked":["Iron Wave","Wild Strike","Fire Breathing"],"picked":"SKIP","floor":1},{"not_picked":["Anger","Shrug It Off"],"picked":"Thunderclap","floor":2},{"not_picked":["Pommel Strike","Feel No Pain"],"picked":"Cleave","floor":3},{"not_picked":["Body Slam","Feel No Pain"],"picked":"Armaments","floor":5},{"not_picked":["Armaments","Body Slam"],"picked":"Reaper","floor":6},{"not_picked":["Carnage","Cleave","Wild Strike"],"picked":"SKIP","floor":11},{"not_picked":["Havoc","Armaments"],"picked":"Infernal Blade","floor":13},{"not_picked":["Second Wind","Hemokinesis","Body Slam"],"picked":"SKIP","floor":14}],"player_experience":718598,"relics_obtained":[{"floor":6,"key":"Gambling Chip"},{"floor":9,"key":"Gremlin Horn"},{"floor":13,"key":"Bottled Flame"}],"event_choices":[{"damage_healed":0,"gold_gain":75,"player_choice":"Gather Gold","damage_taken":11,"max_hp_gain":0,"max_hp_loss":0,"event_name":"World of Goop","floor":4,"gold_loss":0},{"damage_healed":0,"gold_gain":0,"player_choice":"Upgraded","damage_taken":0,"max_hp_gain":0,"max_hp_loss":0,"event_name":"Upgrade Shrine","floor":7,"gold_loss":0,"cards_upgraded":["Armaments"]}],"is_beta":false,"boss_relics":[],"items_purged_floors":[10],"is_endless":false,"potions_floor_spawned":[2,3,13],"killed_by":"Hexaghost","ascension_level":16}}