{"host":"otf1z5955ddlv5pq","time":1609653510,"event":{"mods":["BaseMod","Beaked The Cultist","Better Altar","Better Match","Better Note","Better Sensory Stone","Better Skull","Better Third Choice","Colored Map","Colored Powertips","Downfall","Minty Spire (QoL Compilation)","Rare Cards Sparkle","Replay The Spire","StSLib"],"gold_per_floor":[118,218,228,238,14,14,27,27,108,119,119,136,136,136,136,233,233,222,122,122,132,82,82,82,82,82,82,6,6,34,49,49,151,151,168,43,43,55,75,75,106,118,118,118,118,132,132,143,143,143,143],"floor_reached":50,"playtime":4197,"items_purged":["Strike_G","Normality","Injury"],"score":714,"play_id":"1951f44b-2c2a-4f29-9113-08acb8a6e4c5","local_time":"20210102215830","is_ascension_mode":true,"campfire_choices":[{"data":"Survivor","floor":6.0,"key":"SMITH"},{"data":"Infinite Blades","floor":8.0,"key":"SMITH"},{"data":"Blade Dance","floor":11.0,"key":"SMITH"},{"data":"Hidden Blade","floor":15.0,"key":"SMITH"},{"floor":23.0,"key":"REST"},{"data":"Neutralize","floor":25.0,"key":"SMITH"},{"data":"Poisoned Stab","floor":27.0,"key":"SMITH"},{"data":"Accuracy","floor":29.0,"key":"SMITH"},{"data":"Dodge and Roll","floor":32.0,"key":"SMITH"},{"data":"Dodge and Roll","floor":40,"key":"SMITH"},{"data":"Cloak And Dagger","floor":49,"key":"SMITH"}],"circlet_count":0,"master_deck":["Strike_G","Defend_G","Defend_G","Defend_G","Survivor+1","Neutralize+1","Poisoned Stab+1","Blade Dance+1","Infinite Blades+1","Hidden Blade+1","After Image+1","Blade Dance+1","Accuracy+1","Dodge and Roll+1","CommonCold","Slice+1","Dodge and Roll+1","Cloak And Dagger+1","Cloak And Dagger","Terror+1"],"relics":["Ring of the Snake","NeowsBlessing","Regal Pillow","Replay:Bottled Steam","ReplayTheSpireMod:Ring of Addiction","ReplayTheSpireMod:Ring of Collecting","Chameleon Ring","Toy Ornithopter","beaked:SacredDeck","Ring of Peace","StrikeDummy","Pondfish Scales","Kintsugi","Frozen Egg 2","Divine Protection"],"acts_visited":["Exordium","TheCity","TheBeyond"],"potions_floor_usage":[35,38,41],"damage_taken":[{"damage":0.0,"enemies":"Small Slimes","floor":1.0,"turns":1.0},{"damage":0.0,"enemies":"Cultist","floor":3.0,"turns":1.0},{"damage":0.0,"enemies":"2 Louse","floor":4.0,"turns":1.0},{"damage":0.0,"enemies":"Exordium Wildlife","floor":7.0,"turns":4.0},{"damage":2.0,"enemies":"Blue Slaver","floor":10.0,"turns":3.0},{"damage":1.0,"enemies":"2 Fungi Beasts","floor":12.0,"turns":3.0},{"damage":0.0,"enemies":"Slime Boss","floor":16.0,"turns":6.0},{"damage":28.0,"enemies":"2 Thieves","floor":18.0,"turns":4.0},{"damage":20.0,"enemies":"Chosen","floor":21.0,"turns":7.0},{"damage":17.0,"enemies":"Slavers","floor":30.0,"turns":4.0},{"damage":11.0,"enemies":"Snake Plant","floor":31.0,"turns":5.0},{"damage":27,"enemies":"Pondfish","floor":33,"turns":9},{"damage":0,"enemies":"Orb Walker","floor":35,"turns":2},{"damage":8,"enemies":"3 Darklings","floor":38,"turns":6},{"damage":3,"enemies":"Sphere and 2 Shapes","floor":39,"turns":5},{"damage":34,"enemies":"beaked:SuperParasite","floor":41,"turns":10},{"damage":0,"enemies":"Transient","floor":42,"turns":5},{"damage":0,"enemies":"Spire Growth","floor":46,"turns":5},{"damage":0,"enemies":"3 Darklings","floor":48,"turns":5},{"damage":62,"enemies":"Time Eater","floor":50,"turns":10}],"seed_played":"6500543871417697324","potions_obtained":[{"floor":4.0,"key":"Swift Potion"},{"floor":7.0,"key":"SteroidPotion"},{"floor":14.0,"key":"Regen Potion"},{"floor":14.0,"key":"Dexterity Potion"},{"floor":16.0,"key":"Weak Potion"},{"floor":18.0,"key":"Dexterity Potion"},{"floor":30.0,"key":"AttackPotion"},{"floor":31.0,"key":"sneckomod:MuddlingPotion"},{"floor":38,"key":"Death Potion"},{"floor":42,"key":"Energy Potion"}],"is_trial":false,"path_per_floor":["M","?","M","M","$","R","M","R","T","M","R","M","?","?","R","B",null,"M","$","?","M","?","R","?","R","T","R","$","R","E","M","R","B",null,"M","$","?","M","M","R","E","M","T","?","$","M","?","M","R","B"],"character_chosen":"THE_SILENT","items_purchased":["Regal Pillow","Accuracy"],"campfire_rested":1,"item_purchase_floors":[5,28],"current_hp_per_floor":[70,70,70,70,70,70,70,70,70,68,68,67,67,67,67,70,70,42,42,42,27,27,62,62,62,62,62,62,62,47,56,56,29,64,64,64,61,53,50,50,21,21,21,53,51,51,51,49,49,0,0],"gold":143,"neow_bonus":"THREE_ENEMY_KILL","is_daily":false,"chose_seed":false,"campfire_upgraded":10,"win_rate":0.0,"timestamp":1609653510,"path_taken":["M","?","?","M","$","R","M","R","T","M","R","M","?","?","R","BOSS","M","$","?","M","?","R","?","R","T","R","$","R","E","M","R","BOSS","M","$","?","M","M","R","E","M","T","?","$","M","?","M","R","BOSS"],"items_purchased_type":["Relic","Card"],"build_version":"2020-12-22","purchased_purges":3,"victory":false,"max_hp_per_floor":[70,70,70,70,70,70,70,70,70,70,70,70,70,70,70,70,70,70,70,68,68,68,68,68,66,66,66,64,64,64,64,64,64,64,64,64,61,61,61,61,61,61,61,53,51,51,51,49,49,49,49],"card_choices":[{"not_picked":["Dodge and Roll","Quick Slash"],"picked":"Poisoned Stab","floor":1.0},{"not_picked":["Quick Slash","Sucker Punch"],"picked":"Blade Dance","floor":3.0},{"not_picked":["Dodge and Roll","Underhanded Strike","Backflip"],"picked":"SKIP","floor":4.0},{"not_picked":["Sucker Punch","Flying Knee"],"picked":"Infinite Blades","floor":7.0},{"not_picked":["Backflip","Bouncing Flask"],"picked":"Hidden Blade","floor":10.0},{"not_picked":["Skewer","Bouncing Flask","Dagger Spray"],"picked":"SKIP","floor":12.0},{"not_picked":["Deadly Poison","Reflex+1","Blur"],"picked":"SKIP","floor":18.0},{"not_picked":["Outmaneuver","Prepared","Acrobatics+1"],"picked":"SKIP","floor":21.0},{"not_picked":["Hidden Blade","Toxin Wave+1","Dagger Spray"],"picked":"SKIP","floor":30.0},{"not_picked":["Bouncing Flask","Outmaneuver"],"picked":"Dodge and Roll","floor":31.0},{"not_picked":["Concentrate+1","Quick Slash+1","Hidden Blade"],"picked":"SKIP","floor":35},{"not_picked":["Endless Agony","Outmaneuver+1"],"picked":"Slice+1","floor":38},{"not_picked":["Reflex+1","Prepared+1"],"picked":"Dodge and Roll","floor":39},{"not_picked":["Outmaneuver+1","Bane"],"picked":"Cloak And Dagger","floor":41},{"not_picked":["Heel Hook","Slice+1"],"picked":"Cloak And Dagger","floor":42},{"not_picked":["Slice+1","Dash+1","Sucker Punch"],"picked":"SKIP","floor":46},{"not_picked":["Calculated Gamble","Dagger Throw","Skewer"],"picked":"SKIP","floor":48}],"player_experience":1152484,"relics_obtained":[{"floor":9.0,"key":"Replay:Bottled Steam"},{"floor":14.0,"key":"ReplayTheSpireMod:Ring of Addiction"},{"floor":14.0,"key":"ReplayTheSpireMod:Ring of Collecting"},{"floor":14.0,"key":"Chameleon Ring"},{"floor":14.0,"key":"Toy Ornithopter"},{"floor":26.0,"key":"Ring of Peace"},{"floor":26.0,"key":"StrikeDummy"},{"floor":30.0,"key":"Pondfish Scales"},{"floor":41,"key":"Frozen Egg 2"},{"floor":43,"key":"Divine Protection"}],"event_choices":[{"damage_healed":0.0,"max_hp_gain":0.0,"max_hp_loss":0.0,"gold_gain":100.0,"event_name":"Golden Shrine","player_choice":"Pray","floor":2.0,"gold_loss":0.0,"damage_taken":0.0},{"damage_healed":0.0,"max_hp_gain":0.0,"max_hp_loss":0.0,"gold_gain":0.0,"event_name":"betterThird:BetterSerpent","player_choice":"Ignored","floor":13.0,"gold_loss":0.0,"damage_taken":136.0},{"damage_healed":0.0,"max_hp_gain":0.0,"max_hp_loss":0.0,"gold_gain":0.0,"event_name":"Duplicator","player_choice":"Copied","floor":20.0,"gold_loss":0.0,"damage_taken":0.0,"cards_obtained":["Blade Dance"]},{"damage_healed":0.0,"max_hp_gain":0.0,"max_hp_loss":0.0,"gold_gain":0.0,"event_name":"The Joust","player_choice":"Bet on Murderer","floor":22.0,"gold_loss":50.0,"damage_taken":0.0},{"damage_healed":0.0,"max_hp_gain":0.0,"max_hp_loss":0.0,"gold_gain":0.0,"event_name":"Accursed Blacksmith","player_choice":"Forge","floor":24.0,"gold_loss":0.0,"damage_taken":0.0,"cards_upgraded":["After Image"]},{"damage_healed":0,"gold_gain":0,"player_choice":"Max HP","damage_taken":0,"max_hp_gain":0,"max_hp_loss":3,"event_name":"Winding Halls","floor":37,"gold_loss":0},{"damage_healed":53,"gold_gain":0,"player_choice":"Heal","damage_taken":0,"max_hp_gain":0,"max_hp_loss":8,"event_name":"The Moai Head","floor":44,"gold_loss":0},{"damage_healed":0,"gold_gain":3,"player_choice":"4","damage_taken":0,"max_hp_gain":0,"max_hp_loss":0,"event_name":"betterStone:BetterStone","floor":47,"gold_loss":0,"cards_obtained":["Terror"]}],"is_beta":false,"boss_relics":[{"not_picked":["Calling Bell","Snecko Scales"],"picked":"beaked:SacredDeck"},{"not_picked":["Black Star","ChewingGum"],"picked":"Kintsugi"}],"items_purged_floors":[5,19,36],"is_endless":false,"potions_floor_spawned":[4,7,16,18,30,31,38,42],"killed_by":"Time Eater","ascension_level":1}}