{"host":"k9ktbd3ums043v5c","time":1609669059,"event":{"mods":["BaseMod","GifTheSpireLib","Googly Eyes","KinomotoSakuraMod(木之本樱)","Lobotomy","LobotomyExtend","Luminous","Marisa（F雨　魔理沙）","Minty Spire (QoL Compilation)","SIMod","StSLib","SuperFastMode","The Gatherer","Yuyuko","【功能Mod】聪明的最终Boss"],"gold_per_floor":[115,128,146,122,137,137,147,121,121,121,7,27,27,44,44,44,44],"floor_reached":16,"playtime":418,"items_purged":[],"score":94,"play_id":"661e1a11-0ad4-4069-af9d-f08d7b492447","local_time":"20210103181739","is_ascension_mode":false,"campfire_choices":[],"circlet_count":0,"master_deck":["SpecialBullet","SpecialBullet","SpecialBullet","SpecialBullet","SpecialBullet","SpecialBullet","SpecialBullet","SpecialBullet","InformationCode","TrainingCode","CentralCode","Noise","GreedKing","RedEyes+1","DespairKnight","WristCuter","TheSmile","SpiderBud","Penitence","RedShoes","Tough","Horn","Dark Shackles","PunishingBird","LifeForTheDareDevil","Laetitia_ego","SecurityCode"],"relics":["CogitoBucket","LetterFromLob","Ancient Tea Set","AdjustmentMirror"],"acts_visited":["Exordium"],"potions_floor_usage":[],"damage_taken":[{"damage":11,"enemies":"Jaw Worm","floor":1,"turns":2},{"damage":6,"enemies":"Cultist","floor":2,"turns":3},{"damage":7,"enemies":"Small Slimes","floor":3,"turns":3},{"damage":11,"enemies":"Exordium Thugs","floor":5,"turns":4},{"damage":23,"enemies":"Lots of Slimes","floor":7,"turns":3},{"damage":25,"enemies":"Gremlin Gang","floor":12,"turns":4},{"damage":0,"enemies":"Blue Slaver","floor":14,"turns":1},{"damage":10,"enemies":"The Guardian","floor":16,"turns":4}],"seed_played":"-380110708156918327","potions_obtained":[{"floor":0,"key":"FairyPotion"},{"floor":0,"key":"Strength Potion"},{"floor":0,"key":"PowerPotion"},{"floor":14,"key":"Block Potion"}],"is_trial":false,"path_per_floor":["M","M","M","$","M","R","M","$","T","?","$","M","R","M","R","B"],"character_chosen":"Angela","items_purchased":["WristCuter","Tough","Horn","Dark Shackles"],"campfire_rested":0,"item_purchase_floors":[4,8,11,11],"current_hp_per_floor":[59,53,46,46,35,35,12,12,12,12,12,9,9,9,9,0,0],"gold":44,"neow_bonus":"THREE_SMALL_POTIONS","is_daily":false,"chose_seed":false,"campfire_upgraded":0,"win_rate":0.0,"timestamp":1609669059,"path_taken":["M","M","M","$","M","R","M","$","T","?","$","?","R","M","R","BOSS"],"items_purchased_type":["Card","Card","Card","Card"],"build_version":"2020-12-22","purchased_purges":0,"victory":false,"max_hp_per_floor":[70,70,70,70,70,70,70,70,70,70,70,70,70,70,70,70,70],"card_choices":[{"not_picked":["Regret_ego"],"picked":"Noise","floor":1},{"not_picked":["FairyFestival","Murderer"],"picked":"GreedKing","floor":1},{"not_picked":["Regret_ego","DaCapo"],"picked":"SKIP","floor":2},{"not_picked":["Wingbeat"],"picked":"RedEyes","floor":3},{"not_picked":["WallGazer","Laetitia"],"picked":"DespairKnight","floor":3},{"not_picked":["Discord"],"picked":"TheSmile","floor":5},{"not_picked":["CrumblingArmor","UniverseFragment"],"picked":"SpiderBud","floor":5},{"not_picked":["RapturousDream"],"picked":"Penitence","floor":7},{"not_picked":["Murderer","UniverseFragment"],"picked":"RedShoes","floor":7},{"not_picked":["Murderer","SnowQueen"],"picked":"PunishingBird","floor":12},{"not_picked":["BlackSwan_ego"],"picked":"LifeForTheDareDevil","floor":12},{"not_picked":["WristCuter"],"picked":"Laetitia_ego","floor":14}],"player_experience":71268,"relics_obtained":[{"floor":1,"key":"LetterFromLob"},{"floor":9,"key":"Ancient Tea Set"}],"event_choices":[{"damage_healed":0,"gold_gain":0,"player_choice":"Forge","damage_taken":0,"max_hp_gain":0,"max_hp_loss":0,"event_name":"Accursed Blacksmith","floor":10,"gold_loss":0,"cards_upgraded":["RedEyes"]}],"is_beta":false,"boss_relics":[],"items_purged_floors":[],"is_endless":false,"potions_floor_spawned":[2,5,14],"killed_by":"The Guardian","ascension_level":0}}