{"host":"xurz8oye0j2lsa2k","time":1609696252,"event":{"mods":["AchievementEnabler","BaseMod","Colored Map","Downfall","Hubris","Minty Spire (QoL Compilation)","Permanent Neow","StSLib"],"gold_per_floor":[113,113,113,113,113,113,39,51,51,51,51,77,2,34,34,137,137,157,157,174,187,33,63,77,87,87,87,101,120,120,120],"floor_reached":30,"playtime":1672,"items_purged":[],"score":333,"play_id":"1d526605-0e80-49d5-b81e-ec0bd37edf7d","local_time":"20210103125052","is_ascension_mode":false,"campfire_choices":[{"floor":6,"key":"RECALL"},{"data":"Zap","floor":11,"key":"SMITH"},{"data":"Dualcast","floor":15,"key":"SMITH"},{"floor":27,"key":"REST"}],"circlet_count":0,"master_deck":["Strike_B","Strike_B","Defend_B+1","Defend_B","Defend_B","Zap+1","Dualcast+1","expansioncontent:Corrupt","Hologram+1","Loop","Doom and Gloom","Core Surge","Conserve Battery+1","Electrodynamics","Core Surge+1","Turbo+1","hubris:Ukulele+1","Echo Form","Loop+1","Redo+1"],"relics":["Cracked Core","Strawberry","PreservedInsect","Symbiotic Virus","Bronze Scales","Orichalcum","Astrolabe","Oddly Smooth Stone","Runic Capacitor","Potion Belt","War Paint"],"acts_visited":["Exordium","TheCity"],"potions_floor_usage":[12,23,28],"damage_taken":[{"damage":0,"enemies":"Jaw Worm","floor":1,"turns":3},{"damage":0,"enemies":"Small Slimes","floor":8,"turns":4},{"damage":0,"enemies":"Lagavulin","floor":12,"turns":4},{"damage":18,"enemies":"3 Sentries","floor":14,"turns":4},{"damage":0,"enemies":"Hexaghost","floor":16,"turns":6},{"damage":5,"enemies":"Chosen","floor":18,"turns":4},{"damage":0,"enemies":"Shell Parasite","floor":20,"turns":3},{"damage":16,"enemies":"Centurion and Healer","floor":21,"turns":4},{"damage":26,"enemies":"Slavers","floor":23,"turns":3},{"damage":9,"enemies":"Snecko","floor":24,"turns":4},{"damage":18,"enemies":"Shelled Parasite and Fungi","floor":25,"turns":4},{"damage":3,"enemies":"Centurion and Healer","floor":28,"turns":5},{"damage":4,"enemies":"Chosen and Byrds","floor":29,"turns":3},{"damage":24,"enemies":"Sentry and Sphere","floor":30,"turns":3}],"seed_played":"8660192775979361053","potions_obtained":[{"floor":1,"key":"PowerPotion"},{"floor":18,"key":"Dexterity Potion"},{"floor":21,"key":"hexamod:EctoCoolerPotion"},{"floor":25,"key":"SpeedPotion"}],"is_trial":false,"path_per_floor":["M","?","?","?","?","R","$","M","T","?","R","E","$","E","R","B",null,"M","?","M","M","$","E","M","M","T","R","M","M","M"],"character_chosen":"DEFECT","items_purchased":["Loop","Double Energy","Runic Capacitor"],"campfire_rested":1,"item_purchase_floors":[7,13,22],"current_hp_per_floor":[68,54,61,43,43,43,43,43,43,43,43,43,43,25,25,25,75,70,70,70,54,54,28,19,1,1,23,20,16,0,0],"gold":120,"neow_bonus":"RANDOM_COLORLESS_2","is_daily":false,"chose_seed":false,"campfire_upgraded":2,"win_rate":0.0,"timestamp":1609696252,"path_taken":["M","?","?","?","?","R","$","?","T","?","R","E","?","E","R","BOSS","M","?","M","M","$","E","?","M","T","R","M","M","M"],"items_purchased_type":["Card","Card","Relic"],"build_version":"2020-12-22","purchased_purges":0,"victory":false,"max_hp_per_floor":[68,68,75,75,75,75,75,75,75,75,75,75,75,75,75,75,75,75,75,75,75,75,75,75,75,75,75,75,75,75,75],"card_choices":[{"not_picked":["HandOfGreed","Sadistic Nature"],"picked":"expansioncontent:Corrupt","floor":0},{"not_picked":["Compile Driver","Force Field"],"picked":"Hologram","floor":1},{"not_picked":["Steam","Rip and Tear"],"picked":"Doom and Gloom","floor":8},{"not_picked":["Ball Lightning","Leap"],"picked":"Conserve Battery","floor":12},{"not_picked":["Ball Lightning","Barrage","Compile Driver"],"picked":"SKIP","floor":14},{"not_picked":["hubris:SpecializedCircuitry","Core Surge"],"picked":"Electrodynamics","floor":16},{"not_picked":["Compile Driver","Skim+1","Streamline+1"],"picked":"SKIP","floor":18},{"not_picked":["Cold Snap+1","Conserve Battery","Turbo"],"picked":"SKIP","floor":20},{"not_picked":["Rebound","Loop"],"picked":"Echo Form","floor":21},{"not_picked":["Gash+1","Sweeping Beam"],"picked":"Loop+1","floor":23},{"not_picked":["Melter","Auto Shields+1","Rebound+1"],"picked":"SKIP","floor":24},{"not_picked":["Conserve Battery","Loop"],"picked":"Redo","floor":25},{"not_picked":["Streamline+1","Seek","Hologram"],"picked":"SKIP","floor":28},{"not_picked":["Beam Cell+1","Sweeping Beam","Barrage+1"],"picked":"SKIP","floor":29}],"player_experience":486825,"relics_obtained":[{"floor":9,"key":"Symbiotic Virus"},{"floor":12,"key":"Bronze Scales"},{"floor":14,"key":"Orichalcum"},{"floor":23,"key":"Potion Belt"},{"floor":26,"key":"War Paint"}],"event_choices":[{"damage_healed":0,"gold_gain":0,"player_choice":"Entered Light","damage_taken":14,"max_hp_gain":0,"max_hp_loss":0,"event_name":"Shining Light","floor":2,"gold_loss":0,"cards_upgraded":["Defend_B","Hologram"]},{"damage_healed":0,"gold_gain":0,"player_choice":"Box","damage_taken":0,"relics_obtained":["Strawberry"],"max_hp_gain":0,"max_hp_loss":0,"event_name":"Big Fish","floor":3,"gold_loss":0,"cards_obtained":["Regret"]},{"damage_healed":0,"gold_gain":0,"player_choice":"Success","damage_taken":18,"relics_obtained":["PreservedInsect"],"max_hp_gain":0,"max_hp_loss":0,"event_name":"Scrap Ooze","floor":4,"gold_loss":0},{"cards_removed":["Regret"],"damage_healed":0,"gold_gain":0,"player_choice":"Forget","damage_taken":0,"max_hp_gain":0,"max_hp_loss":0,"event_name":"Living Wall","floor":5,"gold_loss":0},{"damage_healed":0,"gold_gain":0,"cards_transformed":["Strike_B"],"player_choice":"Transformed","damage_taken":0,"max_hp_gain":0,"max_hp_loss":0,"event_name":"Transmorgrifier","floor":10,"gold_loss":0,"cards_obtained":["Core Surge"]},{"damage_healed":0,"gold_gain":0,"player_choice":"Gave Potion","damage_taken":0,"relics_obtained":["Oddly Smooth Stone"],"max_hp_gain":0,"max_hp_loss":0,"event_name":"WeMeetAgain","floor":19,"gold_loss":0}],"is_beta":false,"boss_relics":[{"not_picked":["Runic Dome","Tiny House"],"picked":"Astrolabe"}],"items_purged_floors":[],"is_endless":false,"potions_floor_spawned":[1,18,21,25],"killed_by":"Sentry and Sphere","ascension_level":0}}