{"host":"ockkdcgl3b18tfz9","time":1609690131,"event":{"mods":["2.2 Compatiblity","BaseMod","Better Skull","Better Third Choice","BetterRewards","Hermit","Minty Spire (QoL Compilation)","Quick Restart","Replay The Spire","Spicy Shops","StSLib","SuperFastMode","The Jungle"],"gold_per_floor":[116,54,64,76,86,86,102,126,126,146,146,146,146,164,164,292,292,317,335,30,30,30,30,30,44,71,71,121,9,9,53,53,176,176,191,191,191,207,226,226,355,355,382,382,382,117,137,1,1,1,1,1,1,40,40,40],"floor_reached":55,"playtime":1502,"items_purged":["Decay"],"score":1047,"play_id":"95694311-f1b4-42c7-a07d-090c1ddde631","local_time":"20210103230851","is_ascension_mode":true,"campfire_choices":[{"floor":6.0,"key":"REST"},{"floor":11.0,"key":"REST"},{"floor":13.0,"key":"RECALL"},{"data":"Normality","floor":15.0,"key":"PURGE"},{"data":"hermit:ShadowCloak","floor":23.0,"key":"SMITH"},{"floor":32.0,"key":"REST"},{"floor":40,"key":"REST"},{"floor":49,"key":"REST"}],"circlet_count":0,"master_deck":["hermit:Strike_Hermit","hermit:Strike_Hermit","hermit:Strike_Hermit+2","hermit:Defend_Hermit","hermit:Defend_Hermit","hermit:Defend_Hermit","hermit:Snapshot","hermit:Covet","hermit:Quickdraw","hermit:Desperado","hermit:Glare","hermit:Feint","hermit:Misfire+1","hermit:Roulette","hermit:SprayPray","hermit:NoHoldsBarred","hermit:GoldenBullet","hermit:Gambit+1","Injury","hermit:Magnum+1","Injury","Writhe","ReplayTheSpireMod:IOU","hermit:Snipe","hermit:TrackingShot+1","hermit:ShadowCloak","hermit:ShadowCloak+1","Shame","hermit:Gestalt+1","hermit:Vantage","Parasite","hermit:RoundhouseKick+1","hermit:Gestalt+1","ReplayTheSpireMod:IOU","Parasite","hermit:Manifest+1","ReplayTheSpireMod:Splinters","hermit:Feint+1","hermit:HoleUp+1","hermit:Enervate+1","hermit:ImpendingDoom","hermit:Determination","ReplayTheSpireMod:Doomed","ReplayTheSpireMod:Restless Dread","hermit:Snipe","hermit:Coalescence","hermit:Deadeye","hermit:Deadeye","hermit:Coalescence","hermit:FlashPowder","hermit:HighCaliber+1"],"relics":["hermit:Momento","Ice Cream","ClockworkSouvenir","Calipers","Medical Kit","Toy Ornithopter","Darkstone Periapt","Golden Idol","Replay:Ancient Bell","Juzu Bracelet","White Beast Statue","Ginger","Lee\u0027s Waffle","Pear","betterThird:NestCultRelic","Nunchaku","ReplayTheSpireMod:Ring of Addiction","Ring of Greed","Membership Card","Chameleon Ring","Potion Belt","Replay:Wax Seal","War Paint","Anchor","ChewingGum","Ornamental Fan","hermit:RyeStalk","Shuriken","ReplayTheSpireMod:CursedCoin","Strawberry","OrangePellets","Eternal Feather","Bird Faced Urn","Simple Rune","Guide Book","Unceasing Top","Whetstone"],"acts_visited":["Exordium","TheCity","TheBeyond","TheEnding"],"potions_floor_usage":[33,33,33,33,38,39,47,50,50,50,54,55],"damage_taken":[{"damage":1.0,"enemies":"Cultist","floor":1.0,"turns":3.0},{"damage":0.0,"enemies":"2 Louse","floor":3.0,"turns":1.0},{"damage":0.0,"enemies":"Small Slimes","floor":4.0,"turns":1.0},{"damage":8.0,"enemies":"3 Louse","floor":5.0,"turns":3.0},{"damage":9.0,"enemies":"Blue Slaver","floor":7.0,"turns":2.0},{"damage":8.0,"enemies":"Looter","floor":10.0,"turns":2.0},{"damage":0.0,"enemies":"Large Slime","floor":14.0,"turns":4.0},{"damage":61.0,"enemies":"Fading Forest","floor":16.0,"turns":11.0},{"damage":23.0,"enemies":"Shell Parasite","floor":18.0,"turns":3.0},{"damage":30.0,"enemies":"2 Thieves","floor":19.0,"turns":3.0},{"damage":0.0,"enemies":"Slavers","floor":24.0,"turns":1.0},{"damage":35.0,"enemies":"Snake Plant","floor":25.0,"turns":4.0},{"damage":29.0,"enemies":"Replay:Snechameleon","floor":31.0,"turns":7.0},{"damage":97,"enemies":"Pondfish","floor":33,"turns":13},{"damage":28,"enemies":"Orb Walker","floor":35,"turns":4},{"damage":60,"enemies":"3 Darklings","floor":38,"turns":5},{"damage":21,"enemies":"Writhing Mass","floor":39,"turns":7},{"damage":114,"enemies":"Jaw Worm Horde","floor":47,"turns":7},{"damage":63,"enemies":"Replay:Hell Engine","floor":50,"turns":12},{"damage":166,"enemies":"Shield and Spear","floor":54,"turns":7},{"damage":99,"enemies":"The Heart","floor":55,"turns":8}],"seed_played":"6569103357031419984","potions_obtained":[{"floor":4.0,"key":"Adrenaline Potion"},{"floor":7.0,"key":"DuplicationPotion"},{"floor":14.0,"key":"Swift Potion"},{"floor":18.0,"key":"SmokeBomb"},{"floor":19.0,"key":"SkillPotion"},{"floor":25.0,"key":"hermit:BlackBile"},{"floor":28.0,"key":"DistilledChaos"},{"floor":28.0,"key":"Dexterity Potion"},{"floor":28.0,"key":"SteroidPotion"},{"floor":31.0,"key":"SkillPotion"},{"floor":33,"key":"DistilledChaos"},{"floor":35,"key":"Block Potion"},{"floor":38,"key":"Regen Potion"},{"floor":39,"key":"Block Potion"},{"floor":42,"key":"FairyPotion"},{"floor":42,"key":"Adrenaline Potion"},{"floor":44,"key":"hermit:Tonic"},{"floor":47,"key":"SkillPotion"},{"floor":52,"key":"GamblersBrew"},{"floor":52,"key":"BlessingOfTheForge"},{"floor":54,"key":"Fruit Juice"}],"is_trial":false,"path_per_floor":["M","$","M","M","M","R","M","T","T","M","R","?","R","M","R","B",null,"M","M","$","?","?","R","E","M","T","$","?","$","?","E","R","B",null,"M","?","?","M","M","R","?","R","T","R","T","$","M","$","R","B",null,"R","$","E","B"],"character_chosen":"HERMIT","items_purchased":["Ice Cream","ClockworkSouvenir","hermit:Quickdraw","hermit:Desperado","hermit:Glare","hermit:Feint","Medical Kit","Lee\u0027s Waffle","hermit:ShadowCloak","Pear","War Paint","hermit:Determination","ReplayTheSpireMod:CursedCoin","Strawberry","hermit:Snipe","OrangePellets","Eternal Feather","hermit:Coalescence","hermit:Deadeye","Bird Faced Urn","Simple Rune","Guide Book","hermit:FlashPowder","Unceasing Top"],"campfire_rested":5,"item_purchase_floors":[0,0,0,0,0,0,2,20,20,20,29,46,46,46,46,46,46,46,46,48,48,48,48,53],"current_hp_per_floor":[39,39,39,39,31,53,44,44,44,36,58,64,64,64,64,26,99,76,46,122,122,128,128,128,93,93,93,93,93,93,69,107,36,134,106,106,106,57,74,117,123,123,129,129,129,148,39,39,120,78,171,171,171,17,9,9],"gold":40,"neow_bonus":"","is_daily":false,"chose_seed":false,"campfire_upgraded":1,"win_rate":0.0,"timestamp":1609690131,"path_taken":["M","?","M","M","?","R","M","?","T","?","R","?","R","M","R","BOSS","M","M","$","?","?","R","E","M","T","?","?","$","?","E","R","BOSS","M","?","?","M","M","R","?","R","T","R","?","$","M","$","R","BOSS","R","$","E","BOSS"],"items_purchased_type":["Relic","Relic","Card","Card","Card","Card","Relic","Relic","Card","Relic","Relic","Card","Relic","Relic","Card","Relic","Relic","Card","Card","Relic","Relic","Relic","Card","Relic"],"build_version":"2020-12-22","purchased_purges":1,"victory":false,"max_hp_per_floor":[75,75,75,75,75,75,75,75,75,75,75,81,81,81,81,81,99,99,99,122,122,128,128,128,128,128,128,128,128,128,128,128,134,134,134,134,132,138,144,144,150,150,154,154,154,171,171,171,171,171,171,171,171,176,176,176],"card_choices":[{"not_picked":["hermit:LowProfile","hermit:Ricochet"],"picked":"hermit:Misfire","floor":1.0},{"not_picked":["hermit:Enervate","hermit:Ricochet"],"picked":"hermit:Roulette","floor":3.0},{"not_picked":["hermit:Vantage","hermit:Spite"],"picked":"hermit:SprayPray","floor":4.0},{"not_picked":["hermit:HoleUp","hermit:ItchyTrigger"],"picked":"hermit:NoHoldsBarred","floor":5.0},{"not_picked":["hermit:Headshot","hermit:Horror"],"picked":"hermit:GoldenBullet","floor":7.0},{"not_picked":["hermit:BigShot","hermit:Cheat"],"picked":"hermit:Gambit","floor":10.0},{"not_picked":["hermit:Roulette","hermit:Spite","hermit:Ricochet"],"picked":"SKIP","floor":14.0},{"not_picked":["hermit:Dissolve","hermit:Gambit"],"picked":"hermit:Magnum","floor":16.0},{"not_picked":["Normality","Decay"],"picked":"Injury","floor":17.0},{"not_picked":["AbeCurse","Parasite"],"picked":"Writhe","floor":17.0},{"not_picked":["Looming Evil","ReplayTheSpireMod:Doomed"],"picked":"ReplayTheSpireMod:IOU","floor":17.0},{"not_picked":["hermit:Quickdraw+1","hermit:Roulette"],"picked":"hermit:Snipe","floor":18.0},{"not_picked":["hermit:Ricochet","hermit:FinalCanter"],"picked":"hermit:TrackingShot+1","floor":19.0},{"not_picked":["hermit:Manifest+1","hermit:Ricochet"],"picked":"hermit:Gestalt","floor":25.0},{"not_picked":["hermit:FinalCanter","hermit:DeadOrAlive"],"picked":"hermit:Vantage","floor":31.0},{"not_picked":["hermit:EternalForm","hermit:Reprieve"],"picked":"hermit:RoundhouseKick","floor":33},{"not_picked":["hermit:Misfire","hermit:TrackingShot+1"],"picked":"hermit:Gestalt+1","floor":35},{"not_picked":["hermit:Ricochet","hermit:FullyLoaded","hermit:Quickdraw"],"picked":"SKIP","floor":38},{"not_picked":["hermit:Dive+1","hermit:ItchyTrigger+1"],"picked":"hermit:Manifest+1","floor":39},{"not_picked":["hermit:LuckOfTheDraw","hermit:CalledShot"],"picked":"hermit:Feint+1","floor":41},{"not_picked":["hermit:Snipe","hermit:Scavenge"],"picked":"hermit:HoleUp+1","floor":41},{"not_picked":["hermit:Glare+1","hermit:Quickdraw+1"],"picked":"hermit:Enervate+1","floor":41},{"not_picked":["hermit:NoHoldsBarred+1","hermit:Quickdraw"],"picked":"hermit:Coalescence","floor":47},{"not_picked":["hermit:Brawl+1","hermit:WideOpen"],"picked":"hermit:HighCaliber+1","floor":54}],"player_experience":249171,"relics_obtained":[{"floor":8.0,"key":"Toy Ornithopter"},{"floor":9.0,"key":"Darkstone Periapt"},{"floor":28.0,"key":"ReplayTheSpireMod:Ring of Addiction"},{"floor":28.0,"key":"Ring of Greed"},{"floor":28.0,"key":"Membership Card"},{"floor":28.0,"key":"Chameleon Ring"},{"floor":28.0,"key":"Potion Belt"},{"floor":28.0,"key":"Replay:Wax Seal"},{"floor":31.0,"key":"Anchor"},{"floor":36,"key":"Ornamental Fan"},{"floor":43,"key":"hermit:RyeStalk"},{"floor":45,"key":"Shuriken"},{"floor":54,"key":"Whetstone"}],"event_choices":[{"damage_healed":0.0,"max_hp_gain":0.0,"max_hp_loss":0.0,"gold_gain":0.0,"event_name":"Golden Idol","player_choice":"Take Wound","floor":12.0,"gold_loss":0.0,"damage_taken":0.0,"relics_obtained":["Golden Idol"],"cards_obtained":["Injury"]},{"damage_healed":0.0,"max_hp_gain":0.0,"max_hp_loss":0.0,"gold_gain":0.0,"event_name":"betterThird:BetterNest","player_choice":"Madness","floor":21.0,"gold_loss":0.0,"damage_taken":0.0,"relics_obtained":["betterThird:NestCultRelic"]},{"damage_healed":0.0,"max_hp_gain":0.0,"max_hp_loss":0.0,"gold_gain":0.0,"event_name":"Addict","player_choice":"Stole Relic","floor":22.0,"gold_loss":0.0,"damage_taken":0.0,"relics_obtained":["Nunchaku"],"cards_obtained":["Shame"]},{"damage_healed":0.0,"max_hp_gain":0.0,"max_hp_loss":0.0,"gold_gain":0.0,"event_name":"Ghosts","player_choice":"Ignored","floor":30.0,"gold_loss":0.0,"damage_taken":0.0},{"damage_healed":0,"gold_gain":0,"player_choice":"Relic","damage_taken":0,"max_hp_gain":0,"max_hp_loss":0,"event_name":"Wheel of Change","floor":36,"gold_loss":0},{"cards_removed":["hermit:Defend_Hermit"],"damage_healed":0,"gold_gain":0,"player_choice":"Removed Skill","damage_taken":0,"max_hp_gain":0,"max_hp_loss":0,"event_name":"Falling","floor":37,"gold_loss":0}],"is_beta":false,"boss_relics":[{"not_picked":["Replay:Grab Bag","Honey Jar"],"picked":"Replay:Ancient Bell"},{"not_picked":["Replay:Baseball","MawBank"],"picked":"Juzu Bracelet"},{"not_picked":["InkBottle","Onion Ring"],"picked":"White Beast Statue"},{"not_picked":["Peace Pipe","Replay:Arrowhead"],"picked":"Ginger"},{"not_picked":["Fusion Hammer","Runic Dome"],"picked":"ChewingGum"}],"items_purged_floors":[29],"is_endless":false,"potions_floor_spawned":[4,7,14,18,19,24,25,31,33,35,38,39,47,54],"killed_by":"The Heart","ascension_level":4}}