{"host":"q5rfnziosjf1jfix","time":1609651077,"event":{"mods":["AchievementEnabler","BaseMod","Infinite Spire","Minty Spire (QoL Compilation)","StSLib"],"gold_per_floor":[117,67,67,85,96,131,206,221,298,298,308,321,351,369,369,468,468,478,494,204,222,222,257,274,286,309,309,323,323,337,337,337,442,442,455,329,341,20,70,70,116,116,142,142,142,174,174,192,192,192],"floor_reached":51,"playtime":6925,"items_purged":["Defend_B","Defend_B","Defend_B","Zap"],"score":684,"play_id":"e7d2fd9c-9127-4f39-a60c-7c14d78dd14b","local_time":"20210103071757","is_ascension_mode":false,"campfire_choices":[{"data":"Double Energy","floor":10,"key":"SMITH"},{"data":"infinitespire:UltimateForm","floor":15,"key":"SMITH"},{"data":"Double Energy","floor":29,"key":"SMITH"},{"data":"Capacitor","floor":32,"key":"SMITH"},{"data":"Chill","floor":40,"key":"SMITH"},{"data":"Amplify","floor":47,"key":"SMITH"},{"floor":49,"key":"REST"}],"circlet_count":0,"master_deck":["Dualcast","Beam Cell","infinitespire:UltimateForm+1","Cold Snap","Ball Lightning","Defragment","Double Energy+1","Chill+1","Chaos","Lockon","Amplify+1","Electrodynamics","Stack+1","Force Field+1","Biased Cognition+1","Storm","Melter","Double Energy+1","Ball Lightning+1","BootSequence","Hello World+1","Defragment","Capacitor+1","Necronomicurse","Amplify","Aggregate","Loop","Beam Cell+1","Coolheaded","Self Repair","Storm+1","Tempest","Writhe","Bandage Up","Redo","Force Field"],"relics":["Cracked Core","NeowsBlessing","Torii","Meat on the Bone","Smiling Mask","Astrolabe","infinitespire:Joker Card","Molten Egg 2","Centennial Puzzle","Ancient Tea Set","Necronomicon","Inserter","Vajra","infinitespire:Golems Mask","Du-Vu Doll","Boot","Membership Card","Nunchaku"],"acts_visited":["Exordium","TheCity","TheBeyond"],"potions_floor_usage":[6,13,13,16,33,33,35,39,41,50],"damage_taken":[{"damage":0,"enemies":"Cultist","floor":1,"turns":1},{"damage":0,"enemies":"Small Slimes","floor":4,"turns":1},{"damage":0,"enemies":"Jaw Worm","floor":5,"turns":1},{"damage":20,"enemies":"3 Sentries","floor":6,"turns":7},{"damage":7,"enemies":"Gremlin Gang","floor":8,"turns":5},{"damage":9,"enemies":"Large Slime","floor":11,"turns":4},{"damage":20,"enemies":"3 Louse","floor":12,"turns":3},{"damage":10,"enemies":"Lagavulin","floor":13,"turns":6},{"damage":1,"enemies":"2 Fungi Beasts","floor":14,"turns":3},{"damage":14,"enemies":"Slime Boss","floor":16,"turns":9},{"damage":2,"enemies":"Shell Parasite","floor":18,"turns":6},{"damage":2,"enemies":"Chosen","floor":19,"turns":4},{"damage":17,"enemies":"Centurion and Healer","floor":21,"turns":6},{"damage":19,"enemies":"Slavers","floor":23,"turns":5},{"damage":1,"enemies":"Cultist and Chosen","floor":24,"turns":3},{"damage":1,"enemies":"Snecko","floor":25,"turns":4},{"damage":1,"enemies":"Centurion and Healer","floor":28,"turns":4},{"damage":9,"enemies":"Snake Plant","floor":30,"turns":3},{"damage":12,"enemies":"Champ","floor":33,"turns":8},{"damage":1,"enemies":"3 Darklings","floor":35,"turns":2},{"damage":16,"enemies":"Orb Walker","floor":37,"turns":5},{"damage":2,"enemies":"Mind Bloom Boss Battle","floor":39,"turns":7},{"damage":32,"enemies":"2 Orb Walkers","floor":41,"turns":5},{"damage":41,"enemies":"Nemesis","floor":46,"turns":5},{"damage":0,"enemies":"Sphere and 2 Shapes","floor":48,"turns":3},{"damage":74,"enemies":"Donu and Deca","floor":50,"turns":6}],"seed_played":"9077195901406914433","potions_obtained":[{"floor":4,"key":"Explosive Potion"},{"floor":8,"key":"LiquidBronze"},{"floor":12,"key":"Fruit Juice"},{"floor":14,"key":"Dexterity Potion"},{"floor":23,"key":"FearPotion"},{"floor":24,"key":"Dexterity Potion"},{"floor":28,"key":"LiquidMemories"},{"floor":30,"key":"SpeedPotion"},{"floor":33,"key":"ColorlessPotion"},{"floor":37,"key":"Weak Potion"},{"floor":39,"key":"Fruit Juice"},{"floor":41,"key":"Ancient Potion"}],"is_trial":false,"path_per_floor":["M","?","?","M","M","E","?","M","T","R","M","M","E","M","R","B",null,"M","M","$","M","AVR","E","M","M","T","?","M","R","M","?","R","B",null,"M","$","M","$","?","R","?","?","T","AVR","?","E","R","M","R","B",null],"character_chosen":"DEFECT","items_purchased":["infinitespire:Joker Card","Loop","Coolheaded","Self Repair","Vajra"],"campfire_rested":1,"item_purchase_floors":[20,36,38,38,38],"current_hp_per_floor":[75,75,57,57,57,37,26,19,19,19,22,14,21,32,32,30,80,78,76,76,59,59,52,51,50,50,50,49,49,52,36,36,36,80,79,79,63,63,61,61,60,81,81,81,81,51,51,51,76,18],"gold":192,"neow_bonus":"THREE_ENEMY_KILL","is_daily":false,"chose_seed":false,"campfire_upgraded":6,"win_rate":0.0,"timestamp":1609651077,"path_taken":["M","?","?","M","M","E","?","M","T","R","M","M","E","?","R","BOSS","M","M","$","?","AVR","E","M","M","T","?","M","R","M","?","R","BOSS","M","$","M","$","?","R","?","?","T","AVR","?","E","R","?","R","BOSS"],"items_purchased_type":["Relic","Card","Card","Card","Relic"],"build_version":"2020-12-22","purchased_purges":4,"victory":true,"max_hp_per_floor":[75,75,75,75,75,75,75,75,75,75,75,75,80,80,80,80,80,80,80,80,80,80,80,80,80,80,80,80,80,80,80,80,80,80,80,80,80,80,80,80,85,85,85,85,85,85,85,85,85,85],"card_choices":[{"not_picked":["Hologram","Barrage"],"picked":"Beam Cell","floor":1},{"not_picked":["infinitespire:Gouge","infinitespire:FinalStrike"],"picked":"infinitespire:UltimateForm","floor":3},{"not_picked":["Melter","Sweeping Beam"],"picked":"Cold Snap","floor":4},{"not_picked":["Cold Snap","Reprogram"],"picked":"Ball Lightning","floor":5},{"not_picked":["Cold Snap","Barrage"],"picked":"Defragment","floor":6},{"not_picked":["Leap","Biased Cognition"],"picked":"Double Energy","floor":8},{"not_picked":["Compile Driver","Chaos"],"picked":"Chill","floor":11},{"not_picked":["Coolheaded","Beam Cell"],"picked":"Chaos","floor":12},{"not_picked":["Redo","Reprogram"],"picked":"Lockon","floor":13},{"not_picked":["Reinforced Body","Gash"],"picked":"Amplify","floor":14},{"not_picked":["Machine Learning","All For One"],"picked":"Electrodynamics","floor":16},{"not_picked":["Cold Snap","Tempest+1"],"picked":"Storm","floor":18},{"not_picked":["Auto Shields+1","Aggregate+1"],"picked":"Melter","floor":19},{"not_picked":["Barrage","Rip and Tear"],"picked":"Double Energy","floor":21},{"not_picked":["Cold Snap+1","Heatsinks"],"picked":"Ball Lightning+1","floor":23},{"not_picked":["Doom and Gloom+1","Tempest"],"picked":"BootSequence","floor":24},{"not_picked":["Steam+1","Gash+1"],"picked":"Hello World+1","floor":25},{"not_picked":["Beam Cell+1","Gash+1"],"picked":"Defragment","floor":28},{"not_picked":["Leap","Amplify"],"picked":"Capacitor","floor":30},{"not_picked":["Machine Learning","Rainbow"],"picked":"Amplify","floor":33},{"not_picked":["Go for the Eyes+1","Steam Power"],"picked":"Aggregate","floor":35},{"not_picked":["Doom and Gloom+1","Compile Driver+1"],"picked":"Beam Cell+1","floor":37},{"not_picked":["Electrodynamics","Double Energy+1"],"picked":"Storm+1","floor":39},{"not_picked":["FTL+1","Streamline+1"],"picked":"Tempest","floor":41},{"not_picked":["Forethought","Magnetism"],"picked":"Bandage Up","floor":45},{"not_picked":["Blizzard+1","Chill+1"],"picked":"Redo","floor":46},{"not_picked":["Double Energy","Cold Snap+1"],"picked":"Force Field","floor":48}],"player_experience":30083,"relics_obtained":[{"floor":6,"key":"Torii"},{"floor":9,"key":"Meat on the Bone"},{"floor":13,"key":"Smiling Mask"},{"floor":23,"key":"Centennial Puzzle"},{"floor":26,"key":"Ancient Tea Set"},{"floor":31,"key":"Necronomicon"},{"floor":39,"key":"infinitespire:Golems Mask"},{"floor":41,"key":"Du-Vu Doll"},{"floor":43,"key":"Boot"},{"floor":46,"key":"Nunchaku"}],"event_choices":[{"cards_removed":["Strike_B"],"damage_healed":0,"gold_gain":0,"player_choice":"Card Removal","damage_taken":0,"max_hp_gain":0,"max_hp_loss":0,"event_name":"The Cleric","floor":2,"gold_loss":50},{"damage_healed":0,"gold_gain":75,"player_choice":"Gather Gold","damage_taken":11,"max_hp_gain":0,"max_hp_loss":0,"event_name":"World of Goop","floor":7,"gold_loss":0},{"cards_removed":["Defend_B"],"damage_healed":0,"gold_gain":0,"player_choice":"Elegance","damage_taken":0,"max_hp_gain":0,"max_hp_loss":0,"event_name":"Back to Basics","floor":27,"gold_loss":0},{"damage_healed":0,"gold_gain":0,"player_choice":"Obtained Book","damage_taken":16,"max_hp_gain":0,"max_hp_loss":0,"event_name":"Cursed Tome","floor":31,"gold_loss":0},{"damage_healed":0,"gold_gain":0,"player_choice":"Fight","damage_taken":0,"max_hp_gain":0,"max_hp_loss":0,"event_name":"MindBloom","floor":39,"gold_loss":0},{"damage_healed":0,"gold_gain":0,"player_choice":"Fight","damage_taken":0,"max_hp_gain":0,"max_hp_loss":0,"event_name":"Mysterious Sphere","floor":41,"gold_loss":0},{"damage_healed":21,"gold_gain":0,"player_choice":"Writhe","damage_taken":0,"max_hp_gain":0,"max_hp_loss":0,"event_name":"Winding Halls","floor":42,"gold_loss":0,"cards_obtained":["Writhe"]},{"damage_healed":0,"gold_gain":0,"player_choice":"Memory 1","damage_taken":0,"max_hp_gain":0,"max_hp_loss":0,"event_name":"SensoryStone","floor":45,"gold_loss":0}],"is_beta":false,"boss_relics":[{"not_picked":["Cursed Key","Fusion Hammer"],"picked":"Astrolabe"},{"not_picked":["Coffee Dripper","Snecko Eye"],"picked":"Inserter"}],"items_purged_floors":[22,36,38,44],"is_endless":false,"potions_floor_spawned":[4,8,12,14,23,24,28,30,33,37,39,41],"ascension_level":0}}