{"host":"ryuep8ewa00k39z9","time":1609712696,"event":{"mods":["AchievementEnabler","BaseMod","Best Route Mod","Colored Map","Colored Powertips","Displayed Cursed Tome","Highlight Path","Minty Spire (QoL Compilation)","Quick Restart","SuperFastMode"],"gold_per_floor":[168,168,184,30,46,46,71,71,94,125,11,29,29,29,29,125,125,144,64,64,64,64,92,92,126,126,139,152,152,152,152,152,152,152],"floor_reached":33,"playtime":74659,"items_purged":["Strike_B"],"score":376,"play_id":"47eaa7fe-f38c-4b61-8298-d7397dff2762","local_time":"20210103162456","is_ascension_mode":true,"campfire_choices":[{"data":"Defragment","floor":6.0,"key":"SMITH"},{"data":"Darkness","floor":13.0,"key":"SMITH"},{"data":"Amplify","floor":15.0,"key":"SMITH"},{"floor":24.0,"key":"REST"},{"floor":30.0,"key":"REST"},{"data":"Storm","floor":32.0,"key":"SMITH"}],"circlet_count":0,"master_deck":["Zap+1","Dualcast","Doom and Gloom+1","Beam Cell","Defragment+1","Capacitor","Amplify+1","Darkness+1","Reboot","Undo","Beam Cell","Rebound","BootSequence","Multi-Cast","Genetic Algorithm","Melter","Darkness","Self Repair","Writhe","Fusion","Storm+1","Conserve Battery"],"relics":["Tiny House","Blood Vial","Ancient Tea Set","Bag of Preparation","Pandora\u0027s Box","WingedGreaves","Bronze Scales","Du-Vu Doll","Orichalcum"],"acts_visited":["Exordium","TheCity"],"potions_floor_usage":[33],"damage_taken":[{"damage":0.0,"enemies":"Cultist","floor":1.0,"turns":2.0},{"damage":0.0,"enemies":"2 Louse","floor":3.0,"turns":1.0},{"damage":4.0,"enemies":"Jaw Worm","floor":5.0,"turns":3.0},{"damage":10.0,"enemies":"Gremlin Nob","floor":7.0,"turns":3.0},{"damage":15.0,"enemies":"3 Sentries","floor":10.0,"turns":5.0},{"damage":0.0,"enemies":"3 Louse","floor":12.0,"turns":1.0},{"damage":38.0,"enemies":"Hexaghost","floor":16.0,"turns":5.0},{"damage":27.0,"enemies":"2 Thieves","floor":18.0,"turns":4.0},{"damage":24.0,"enemies":"Gremlin Leader","floor":23.0,"turns":7.0},{"damage":36.0,"enemies":"Book of Stabbing","floor":25.0,"turns":4.0},{"damage":5.0,"enemies":"3 Byrds","floor":27.0,"turns":3.0},{"damage":25.0,"enemies":"Snake Plant","floor":28.0,"turns":3.0},{"damage":67,"enemies":"Collector","floor":33,"turns":6}],"seed_played":"8586661383763339516","potions_obtained":[{"floor":0.0,"key":"Explosive Potion"},{"floor":2.0,"key":"Fruit Juice"},{"floor":2.0,"key":"Explosive Potion"},{"floor":2.0,"key":"FearPotion"},{"floor":3.0,"key":"Explosive Potion"},{"floor":5.0,"key":"Block Potion"},{"floor":7.0,"key":"SneckoOil"},{"floor":10.0,"key":"SkillPotion"},{"floor":25.0,"key":"Weak Potion"},{"floor":28.0,"key":"Energy Potion"}],"is_trial":false,"path_per_floor":["M","?","M","$","M","R","E","?","T","E","$","M","R","$","R","B",null,"M","$","?","$","?","E","R","E","T","M","M","?","R","?","R","B"],"character_chosen":"DEFECT","items_purchased":["Blood Vial","Darkness","Self Repair"],"campfire_rested":2,"item_purchase_floors":[4,11,19],"current_hp_per_floor":[73,78,78,78,76,76,68,68,68,55,55,57,57,57,57,21,69,44,44,44,44,44,36,61,41,41,45,29,29,54,82,82,17,17],"gold":152,"neow_bonus":"BOSS_RELIC","is_daily":false,"chose_seed":false,"campfire_upgraded":4,"win_rate":0.0,"timestamp":1609712696,"path_taken":["M","?","M","?","?","R","E","?","T","E","$","?","R","?","R","BOSS","M","?","?","?","?","E","R","E","T","M","?","?","R","?","R","BOSS"],"items_purchased_type":["Relic","Card","Card"],"build_version":"2020-12-22","purchased_purges":1,"victory":false,"max_hp_per_floor":[80,85,85,85,85,85,85,85,85,85,85,85,85,85,85,85,85,85,85,85,85,85,85,85,85,85,85,85,85,85,85,85,85,85],"card_choices":[{"not_picked":["Hologram","Barrage"],"picked":"Doom and Gloom","floor":0.0},{"not_picked":["Hologram","Coolheaded"],"picked":"Beam Cell","floor":1.0},{"not_picked":["Go for the Eyes","Force Field"],"picked":"Defragment","floor":3.0},{"not_picked":["Redo","Gash"],"picked":"Capacitor","floor":5.0},{"not_picked":["Go for the Eyes","Leap","Sweeping Beam"],"picked":"SKIP","floor":7.0},{"not_picked":["Hologram","Stack"],"picked":"Amplify","floor":10.0},{"not_picked":["Go for the Eyes","Ball Lightning","Steam Power"],"picked":"SKIP","floor":12.0},{"not_picked":["Rainbow","Core Surge"],"picked":"Reboot","floor":16.0},{"not_picked":["Rip and Tear","Hologram"],"picked":"Darkness","floor":18.0},{"not_picked":["Coolheaded","Ball Lightning+1"],"picked":"Fusion","floor":23.0},{"not_picked":["Force Field","Gash+1"],"picked":"Storm","floor":25.0},{"not_picked":["Coolheaded","Blizzard","Doom and Gloom"],"picked":"SKIP","floor":27.0},{"not_picked":["Streamline","Heatsinks+1"],"picked":"Conserve Battery","floor":28.0}],"player_experience":3752742,"relics_obtained":[{"floor":7.0,"key":"Ancient Tea Set"},{"floor":10.0,"key":"Bag of Preparation"},{"floor":23.0,"key":"Bronze Scales"},{"floor":25.0,"key":"Du-Vu Doll"},{"floor":26.0,"key":"Orichalcum"}],"event_choices":[{"damage_healed":0.0,"max_hp_gain":0.0,"max_hp_loss":0.0,"gold_gain":0.0,"event_name":"Lab","player_choice":"Got Potions","floor":2.0,"gold_loss":0.0,"damage_taken":0.0},{"damage_healed":0.0,"max_hp_gain":0.0,"max_hp_loss":0.0,"gold_gain":0.0,"event_name":"Accursed Blacksmith","player_choice":"Forge","floor":8.0,"gold_loss":0.0,"damage_taken":0.0,"cards_upgraded":["Doom and Gloom"]},{"damage_healed":0.0,"max_hp_gain":0.0,"max_hp_loss":0.0,"gold_gain":0.0,"event_name":"The Mausoleum","player_choice":"Opened","floor":20.0,"gold_loss":0.0,"damage_taken":0.0,"relics_obtained":["WingedGreaves"],"cards_obtained":["Writhe"]},{"damage_healed":0.0,"max_hp_gain":0.0,"max_hp_loss":0.0,"gold_gain":0.0,"event_name":"Forgotten Altar","player_choice":"Smashed Altar","floor":22.0,"gold_loss":0.0,"damage_taken":0.0,"cards_obtained":["Decay"]},{"cards_removed":["Decay"],"damage_healed":0.0,"max_hp_gain":0.0,"max_hp_loss":0.0,"gold_gain":0.0,"event_name":"Back to Basics","player_choice":"Elegance","floor":29.0,"gold_loss":0.0,"damage_taken":0.0},{"damage_healed":28.0,"max_hp_gain":0.0,"max_hp_loss":0.0,"gold_gain":0.0,"event_name":"The Library","player_choice":"Heal","floor":31.0,"gold_loss":0.0,"damage_taken":0.0}],"is_beta":false,"boss_relics":[{"not_picked":["Runic Dome","SlaversCollar"],"picked":"Pandora\u0027s Box"}],"items_purged_floors":[11],"is_endless":false,"potions_floor_spawned":[3,5,7,10,25,28],"killed_by":"Collector","ascension_level":6}}