{"host":"9tch52zpouts7b2p","time":1609649536,"event":{"mods":["BaseMod","Colored Map","Minty Spire (QoL Compilation)","StSLib","UnlockEverythingMod"],"gold_per_floor":[118,128,15,15,15,45,45,45,69,69,89,108,33,59,59,154,154,120,120,219,231,250,250,261,261,306,306,306],"floor_reached":27,"playtime":1831,"items_purged":["Strike_B"],"score":271,"play_id":"551d4eaf-fb31-4bc3-8daa-731edd2c3d7d","local_time":"20210103125216","is_ascension_mode":true,"campfire_choices":[{"floor":7.0,"key":"REST"},{"data":"Stack","floor":10.0,"key":"SMITH"},{"data":"Zap","floor":15.0,"key":"SMITH"},{"floor":23,"key":"REST"},{"floor":25,"key":"REST"}],"circlet_count":0,"master_deck":["Strike_B","Strike_B","Defend_B+1","Defend_B","Defend_B+1","Defend_B","Zap+1","Dualcast+1","Conserve Battery+1","Stack+1","Capacitor","Cold Snap","Cold Snap","Chill","Genetic Algorithm","Storm","Echo Form","Loop","Fusion+1","Redo+1","Coolheaded+1","Injury"],"relics":["NeowsBlessing","Matryoshka","Bottled Flame","Bag of Preparation","Anchor","Juzu Bracelet","Cursed Key","Nloth\u0027s Gift","Mercury Hourglass","War Paint"],"acts_visited":["Exordium","TheCity"],"potions_floor_usage":[18,24],"damage_taken":[{"damage":0.0,"enemies":"Cultist","floor":1.0,"turns":1.0},{"damage":0.0,"enemies":"Jaw Worm","floor":2.0,"turns":1.0},{"damage":0.0,"enemies":"Gremlin Nob","floor":6.0,"turns":1.0},{"damage":0.0,"enemies":"2 Louse","floor":11.0,"turns":2.0},{"damage":0.0,"enemies":"Lots of Slimes","floor":12.0,"turns":6.0},{"damage":4.0,"enemies":"Lagavulin","floor":14.0,"turns":8.0},{"damage":62.0,"enemies":"Hexaghost","floor":16.0,"turns":19.0},{"damage":10,"enemies":"2 Thieves","floor":18,"turns":5},{"damage":5,"enemies":"Spheric Guardian","floor":21,"turns":6},{"damage":21,"enemies":"Snake Plant","floor":22,"turns":10},{"damage":21,"enemies":"3 Cultists","floor":24,"turns":6},{"damage":23,"enemies":"Centurion and Healer","floor":27,"turns":8}],"seed_played":"-4037560918934638219","potions_obtained":[{"floor":11.0,"key":"SteroidPotion"},{"floor":14.0,"key":"SkillPotion"},{"floor":22,"key":"LiquidBronze"}],"is_trial":false,"path_per_floor":["M","M","$","?","?","E","R","?","T","R","M","M","$","E","R","B",null,"M","?","?","M","M","R","M","R","T","M"],"character_chosen":"DEFECT","items_purchased":["Capacitor","Cold Snap"],"campfire_rested":3,"item_purchase_floors":[3,3],"current_hp_per_floor":[75,75,75,60,53,53,75,75,75,75,75,75,75,71,71,9,75,65,65,65,60,39,61,40,62,62,39,39],"gold":306,"neow_bonus":"THREE_ENEMY_KILL","is_daily":false,"chose_seed":false,"campfire_upgraded":2,"win_rate":0.0,"timestamp":1609649536,"path_taken":["M","?","$","?","?","E","R","?","T","R","?","M","?","E","R","BOSS","M","?","?","M","M","R","M","R","T","M"],"items_purchased_type":["Card","Card"],"build_version":"2020-12-22","purchased_purges":1,"victory":false,"max_hp_per_floor":[75,75,75,75,75,75,75,75,75,75,75,75,75,75,75,75,75,75,75,75,75,75,75,75,75,75,75,75],"card_choices":[{"not_picked":["Hologram","Steam"],"picked":"Conserve Battery","floor":1.0},{"not_picked":["Rip and Tear","Consume"],"picked":"Stack","floor":2.0},{"not_picked":["Go for the Eyes","Hologram"],"picked":"Cold Snap","floor":6.0},{"not_picked":["Steam","Coolheaded"],"picked":"Chill","floor":11.0},{"not_picked":["Stack","Lockon"],"picked":"Genetic Algorithm","floor":12.0},{"not_picked":["Tempest","Ball Lightning"],"picked":"Storm","floor":14.0},{"not_picked":["Buffer","Rainbow"],"picked":"Echo Form","floor":16.0},{"not_picked":["Rebound","Beam Cell"],"picked":"Loop","floor":18},{"not_picked":["Conserve Battery","Compile Driver"],"picked":"Fusion+1","floor":21},{"not_picked":["Blizzard","Rebound+1"],"picked":"Redo+1","floor":22},{"not_picked":["Conserve Battery","Blizzard"],"picked":"Coolheaded+1","floor":24}],"player_experience":114195,"relics_obtained":[{"floor":6.0,"key":"Bottled Flame"},{"floor":9.0,"key":"Bag of Preparation"},{"floor":9.0,"key":"Anchor"},{"floor":14.0,"key":"Juzu Bracelet"},{"floor":26,"key":"Mercury Hourglass"},{"floor":26,"key":"War Paint"}],"event_choices":[{"damage_healed":0.0,"max_hp_gain":0.0,"max_hp_loss":0.0,"gold_gain":0.0,"event_name":"Shining Light","player_choice":"Entered Light","floor":4.0,"gold_loss":0.0,"damage_taken":15.0,"cards_upgraded":["Defend_B","Conserve Battery"]},{"damage_healed":0.0,"max_hp_gain":0.0,"max_hp_loss":0.0,"gold_gain":0.0,"event_name":"Scrap Ooze","player_choice":"Success","floor":5.0,"gold_loss":0.0,"damage_taken":7.0,"relics_obtained":["Matryoshka"]},{"cards_removed":["Strike_B"],"damage_healed":0.0,"max_hp_gain":0.0,"max_hp_loss":0.0,"gold_gain":0.0,"event_name":"Wheel of Change","player_choice":"Card Removal","floor":8.0,"gold_loss":0.0,"damage_taken":0.0},{"damage_healed":0,"gold_gain":0,"player_choice":"Traded Relic","damage_taken":0,"relics_obtained":["Nloth\u0027s Gift"],"max_hp_gain":0,"max_hp_loss":0,"event_name":"N\u0027loth","floor":19,"relics_lost":["Cracked Core"],"gold_loss":0},{"damage_healed":0,"gold_gain":99,"player_choice":"Stole From Cult","damage_taken":0,"max_hp_gain":0,"max_hp_loss":0,"event_name":"Nest","floor":20,"gold_loss":0}],"is_beta":false,"boss_relics":[{"not_picked":["FrozenCore","Coffee Dripper"],"picked":"Cursed Key"}],"items_purged_floors":[13],"is_endless":false,"potions_floor_spawned":[11,14,22],"killed_by":"Centurion and Healer","ascension_level":2}}