{"host":"s41rn2jhghpwfrvz","time":1609653079,"event":{"mods":["BaseMod","Minty Spire (QoL Compilation)","Quick Restart","Relic Stats","SuperFastMode"],"gold_per_floor":[114,114,125,125,143,143,169,169,169,195,210,210,236,256,256,332,332,351,361,118,118,118,146,158,203,215,252,274,327,364,376,388,477,489,517,529,573,585,624,662,694,706,718,754,413,447,322,335,335,335,335,335,335,175,208,208],"floor_reached":57,"playtime":1668,"items_purged":["Streamline","Burning Pact+1","Quick Slash+1"],"score":4064,"play_id":"2563542f-98a2-482d-bc4a-57d05e0f0fb7","local_time":"20210103075119","daily_mods":["SealedDeck","Diverse","DeadlyEvents"],"is_ascension_mode":true,"campfire_choices":[{"data":"Quick Slash","floor":6.0,"key":"SMITH"},{"data":"Feel No Pain","floor":12.0,"key":"SMITH"},{"data":"Blade Dance","floor":15.0,"key":"SMITH"},{"data":"Blur","floor":24.0,"key":"SMITH"},{"data":"Burning Pact","floor":32,"key":"SMITH"},{"data":"Dark Embrace","floor":42,"key":"SMITH"},{"floor":49,"key":"RECALL"},{"data":"Acrobatics","floor":53,"key":"SMITH"}],"circlet_count":0,"master_deck":["AscendersBane","Blade Dance+1","Prostrate+1","Acrobatics+1","Shrug It Off","Feel No Pain+1","Dark Embrace+1"],"relics":["Burning Blood","Molten Egg 2","Question Card","Gremlin Horn","Toy Ornithopter","Du-Vu Doll","Coffee Dripper","TheAbacus","MawBank","Toxic Egg 2","Calipers","CeramicFish","Shuriken","Empty Cage","Darkstone Periapt","Charon\u0027s Ashes","Bag of Preparation","White Beast Statue","Strawberry","Medical Kit","Whetstone","Anchor"],"acts_visited":["Exordium","TheCity","TheBeyond","TheEnding"],"potions_floor_usage":[27,56],"damage_taken":[{"damage":4.0,"enemies":"Small Slimes","floor":1.0,"turns":3.0},{"damage":0.0,"enemies":"Jaw Worm","floor":3.0,"turns":3.0},{"damage":5.0,"enemies":"2 Louse","floor":5.0,"turns":2.0},{"damage":26.0,"enemies":"3 Sentries","floor":7.0,"turns":7.0},{"damage":0.0,"enemies":"Lagavulin","floor":10.0,"turns":3.0},{"damage":3.0,"enemies":"Large Slime","floor":11.0,"turns":4.0},{"damage":0.0,"enemies":"3 Sentries","floor":13.0,"turns":8.0},{"damage":0.0,"enemies":"2 Fungi Beasts","floor":14.0,"turns":3.0},{"damage":11.0,"enemies":"Hexaghost","floor":16.0,"turns":6.0},{"damage":0.0,"enemies":"2 Thieves","floor":18.0,"turns":3.0},{"damage":0.0,"enemies":"Chosen","floor":19.0,"turns":3.0},{"damage":14.0,"enemies":"Slavers","floor":23.0,"turns":5.0},{"damage":0.0,"enemies":"Book of Stabbing","floor":25.0,"turns":4.0},{"damage":18,"enemies":"Slavers","floor":27,"turns":5},{"damage":0,"enemies":"Snake Plant","floor":28,"turns":4},{"damage":0,"enemies":"Book of Stabbing","floor":29,"turns":4},{"damage":0,"enemies":"Gremlin Leader","floor":30,"turns":3},{"damage":0,"enemies":"Automaton","floor":33,"turns":3},{"damage":0,"enemies":"Orb Walker","floor":35,"turns":2},{"damage":0,"enemies":"Nemesis","floor":37,"turns":3},{"damage":0,"enemies":"Reptomancer","floor":39,"turns":2},{"damage":0,"enemies":"Nemesis","floor":40,"turns":3},{"damage":0,"enemies":"3 Shapes","floor":41,"turns":2},{"damage":0,"enemies":"Giant Head","floor":46,"turns":2},{"damage":0,"enemies":"Jaw Worm Horde","floor":48,"turns":1},{"damage":0,"enemies":"Time Eater","floor":50,"turns":4},{"damage":0,"enemies":"Donu and Deca","floor":51,"turns":1},{"damage":0,"enemies":"Shield and Spear","floor":55,"turns":1},{"damage":0,"enemies":"The Heart","floor":56,"turns":4}],"seed_played":"2379338229872767938","potions_obtained":[{"floor":3.0,"key":"BlessingOfTheForge"},{"floor":7.0,"key":"EntropicBrew"},{"floor":19.0,"key":"Explosive Potion"},{"floor":27,"key":"ColorlessPotion"},{"floor":33,"key":"Strength Potion"}],"is_trial":true,"path_per_floor":["M","?","M","?","M","R","E","T","T","E","M","R","E","M","R","B",null,"M","M","$","?","?","E","R","E","T","E","M","E","E","?","R","B",null,"M","?","E","?","E","E","M","R","T","T","$","E","$","M","R","B","B",null,"R","$","E","B",null],"character_chosen":"IRONCLAD","items_purchased":["TheAbacus","Medical Kit","DuplicationPotion","Anchor"],"campfire_rested":0,"item_purchase_floors":[20,45,45,54],"current_hp_per_floor":[70,63,69,69,70,70,50,50,50,56,59,59,65,71,71,66,73,75,75,75,75,75,67,67,73,73,66,72,75,75,75,75,75,75,75,75,75,75,75,75,75,75,75,82,82,82,82,82,82,82,82,82,82,82,82,82],"gold":208,"neow_bonus":"","is_daily":false,"chose_seed":false,"campfire_upgraded":7,"win_rate":0.0,"timestamp":1609653079,"path_taken":["M","?","M","?","M","R","E","?","T","E","?","R","?","M","R","BOSS","M","M","$","?","?","E","R","E","T","E","?","E","?","?","R","BOSS","M","?","?","?","?","E","?","R","T","?","$","E","$","M","R","BOSS","BOSS","R","$","E","BOSS"],"items_purchased_type":["Relic","Relic","Potion","Relic"],"build_version":"2020-12-22","purchased_purges":3,"victory":true,"max_hp_per_floor":[75,75,75,75,75,75,75,75,75,75,75,75,75,75,75,75,75,75,75,75,75,75,75,75,75,75,75,75,75,75,75,75,75,75,75,75,75,75,75,75,75,75,75,82,82,82,82,82,82,82,82,82,82,82,82,82],"relic_stats":{"Darkstone Periapt":0,"Gremlin Horn":[21,25],"counters":[29,98],"CeramicFish":18,"Charon\u0027s Ashes":[557],"Bag of Preparation":[14],"Whetstone":[],"Question Card":22,"MawBank":264,"Medical Kit":[4],"Burning Blood":83,"TheAbacus":[708],"Shuriken":[68],"obtain_stats":[{"Darkstone Periapt":37,"Calipers":27,"Gremlin Horn":9,"CeramicFish":29,"Charon\u0027s Ashes":39,"Bag of Preparation":40,"Whetstone":46,"Question Card":8,"MawBank":23,"Empty Cage":34,"Medical Kit":45,"Burning Blood":0,"White Beast Statue":43,"Du-Vu Doll":13,"Anchor":54,"TheAbacus":20,"Shuriken":30,"Strawberry":44,"Molten Egg 2":7,"Coffee Dripper":17,"Toxic Egg 2":25,"Toy Ornithopter":10},{"Darkstone Periapt":20,"Calipers":14,"Gremlin Horn":4,"CeramicFish":16,"Charon\u0027s Ashes":21,"Bag of Preparation":22,"Whetstone":24,"Question Card":4,"MawBank":12,"Empty Cage":18,"Medical Kit":23,"Burning Blood":0,"White Beast Statue":23,"Du-Vu Doll":7,"Anchor":27,"TheAbacus":11,"Shuriken":17,"Strawberry":23,"Molten Egg 2":4,"Coffee Dripper":9,"Toxic Egg 2":13,"Toy Ornithopter":5},{"Darkstone Periapt":78,"Calipers":59,"Gremlin Horn":15,"CeramicFish":67,"Charon\u0027s Ashes":80,"Bag of Preparation":83,"Whetstone":87,"Question Card":15,"MawBank":50,"Empty Cage":73,"Medical Kit":85,"Burning Blood":0,"White Beast Statue":85,"Du-Vu Doll":30,"Anchor":93,"TheAbacus":45,"Shuriken":70,"Strawberry":85,"Molten Egg 2":15,"Coffee Dripper":39,"Toxic Egg 2":54,"Toy Ornithopter":18}],"Toy Ornithopter":5},"card_choices":[{"not_picked":["ClearTheMind","Underhanded Strike","Bane"],"picked":"SKIP","floor":1.0},{"not_picked":["Crescendo","Flying Knee","Streamline"],"picked":"SKIP","floor":3.0},{"not_picked":["Streamline","Limit Break","FlyingSleeves"],"picked":"SKIP","floor":5.0},{"not_picked":["FlurryOfBlows+1","Crescendo","EmptyMind"],"picked":"SKIP","floor":7.0},{"not_picked":["Consecrate+1","Doom and Gloom+1","ForeignInfluence"],"picked":"Feel No Pain","floor":10.0},{"not_picked":["Heavy Blade+1","Hologram","Thunderclap+1","Fire Breathing"],"picked":"SKIP","floor":11.0},{"not_picked":["Auto Shields","Hemokinesis+1","Warcry"],"picked":"Blur","floor":13.0},{"not_picked":["FTL+1","Entrench","Ball Lightning+1","Havoc"],"picked":"SKIP","floor":14.0},{"not_picked":["EmptyFist+1","Crescendo+1","Cloak And Dagger","Hologram"],"picked":"SKIP","floor":18.0},{"not_picked":["Masterful Stab+1","Compile Driver+1","Twin Strike+1","Infinite Blades"],"picked":"SKIP","floor":19.0},{"not_picked":["Hologram+1","Accuracy","True Grit","Expertise"],"picked":"SKIP","floor":23.0},{"not_picked":["WindmillStrike+1","Consume+1","Wallop+1","Endless Agony+1"],"picked":"SKIP","floor":25.0},{"not_picked":["CrushJoints+1","Doom and Gloom+1","Havoc+1","Footwork"],"picked":"SKIP","floor":27},{"not_picked":["Nirvana","Dagger Throw+1","Shockwave+1","Glass Knife+1"],"picked":"SKIP","floor":28},{"not_picked":["Warcry+1","Metallicize","Caltrops"],"picked":"Steam+1","floor":29},{"not_picked":["Calculated Gamble+1","Halt+1","Dagger Throw+1","Bane+1"],"picked":"SKIP","floor":30},{"not_picked":["Dagger Spray+1","Dagger Throw+1","ClearTheMind+1","Cold Snap+1"],"picked":"SKIP","floor":35},{"not_picked":["Vengeance+1","Headbutt+1","Fire Breathing","Wallop+1"],"picked":"SKIP","floor":37},{"not_picked":["EmptyFist+1","Barrage+1","Evaluate+1","Glass Knife+1"],"picked":"SKIP","floor":39},{"not_picked":["Wallop+1","Clash+1","Expertise+1","Auto Shields+1"],"picked":"SKIP","floor":40},{"not_picked":["Streamline+1","Beam Cell+1","Quick Slash+1"],"picked":"Dark Embrace","floor":41},{"not_picked":["Cold Snap+1","Blade Dance+1","Pummel+1","Wallop+1"],"picked":"SKIP","floor":46},{"not_picked":["Armaments+1","Intimidate+1","Coolheaded+1","Catalyst+1"],"picked":"SKIP","floor":48},{"not_picked":["Force Field+1","Whirlwind+1","EmptyFist+1","Bouncing Flask+1"],"picked":"SKIP","floor":55}],"player_experience":1636692,"relics_obtained":[{"floor":7.0,"key":"Molten Egg 2"},{"floor":8.0,"key":"Question Card"},{"floor":9.0,"key":"Gremlin Horn"},{"floor":10.0,"key":"Toy Ornithopter"},{"floor":13.0,"key":"Du-Vu Doll"},{"floor":23.0,"key":"MawBank"},{"floor":25.0,"key":"Toxic Egg 2"},{"floor":27,"key":"Calipers"},{"floor":29,"key":"CeramicFish"},{"floor":30,"key":"Shuriken"},{"floor":37,"key":"Darkstone Periapt"},{"floor":39,"key":"Charon\u0027s Ashes"},{"floor":40,"key":"Bag of Preparation"},{"floor":43,"key":"White Beast Statue"},{"floor":44,"key":"Strawberry"},{"floor":46,"key":"Whetstone"}],"event_choices":[{"cards_removed":["Warcry"],"damage_healed":0.0,"max_hp_gain":0.0,"max_hp_loss":0.0,"gold_gain":0.0,"event_name":"Golden Wing","player_choice":"Card Removal","floor":2.0,"gold_loss":0.0,"damage_taken":7.0},{"damage_healed":0.0,"max_hp_gain":0.0,"max_hp_loss":0.0,"gold_gain":0.0,"event_name":"Living Wall","player_choice":"Grow","floor":4.0,"gold_loss":0.0,"damage_taken":0.0,"cards_upgraded":["Prostrate"]},{"damage_healed":0.0,"max_hp_gain":0.0,"max_hp_loss":0.0,"gold_gain":0.0,"event_name":"Cursed Tome","player_choice":"Ignored","floor":21.0,"gold_loss":0.0,"damage_taken":0.0},{"cards_removed":["Protect"],"damage_healed":0.0,"max_hp_gain":0.0,"max_hp_loss":0.0,"gold_gain":0.0,"event_name":"Back to Basics","player_choice":"Elegance","floor":22.0,"gold_loss":0.0,"damage_taken":0.0},{"damage_healed":0,"gold_gain":0,"player_choice":"Ignored","damage_taken":0,"max_hp_gain":0,"max_hp_loss":0,"event_name":"Vampires","floor":31,"gold_loss":0},{"cards_removed":["Beam Cell"],"damage_healed":0,"gold_gain":0,"player_choice":"Purged","damage_taken":0,"max_hp_gain":0,"max_hp_loss":0,"event_name":"Purifier","floor":36,"gold_loss":0},{"damage_healed":0,"gold_gain":0,"player_choice":"0 cards matched","damage_taken":0,"max_hp_gain":0,"max_hp_loss":0,"event_name":"Match and Keep!","floor":38,"gold_loss":0,"cards_obtained":[]}],"is_beta":false,"boss_relics":[{"not_picked":["Fusion Hammer","Mark of Pain"],"picked":"Coffee Dripper"},{"not_picked":["Astrolabe","Runic Cube"],"picked":"Empty Cage"}],"items_purged_floors":[20,45,47],"is_endless":false,"potions_floor_spawned":[3,7,14,19,23,27,33,35,39,46,48,55],"ascension_level":20}}