{"host":"sc0o2qwpf9j16a4i","time":1609689214,"event":{"mods":["AchievementEnabler","BaseMod","BetterRewards","Block Reminder","Colored Map","Colored Powertips","Custom Start","Highlight Path","Minty Spire (QoL Compilation)","Relic Stats"],"gold_per_floor":[365,365,380,395,116,116,139,170,170,195,195,33,33,49,49,144,144,157,178,178,178,178,178,219,219,288,323,323,323,323,323],"floor_reached":30,"playtime":601,"items_purged":["Strike_R"],"score":532,"play_id":"9e0bc345-259d-4a59-bdf1-1be6b383db5f","local_time":"20210103175334","is_ascension_mode":true,"campfire_choices":[{"data":"Apotheosis","floor":6.0,"key":"SMITH"},{"data":"1","floor":11.0,"key":"LIFT"},{"data":"2","floor":15.0,"key":"LIFT"},{"floor":23.0,"key":"REST"},{"data":"3","floor":25.0,"key":"LIFT"}],"circlet_count":0,"master_deck":["AscendersBane","Strike_R+1","Strike_R+1","Strike_R+1","Strike_R+1","Defend_R+1","Defend_R+1","Defend_R+1","Defend_R+1","Bash","Anger","Twin Strike","Ghostly Armor","Apotheosis+1","Sword Boomerang","Barricade","Disarm","RitualDagger","Body Slam","Inflame"],"relics":["Burning Blood","Bloody Idol","Shuriken","Girya","Lee\u0027s Waffle","Fusion Hammer","WingedGreaves","InkBottle","Bag of Preparation"],"acts_visited":["Exordium","TheCity"],"potions_floor_usage":[],"damage_taken":[{"damage":12.0,"enemies":"Jaw Worm","floor":1.0,"turns":4.0},{"damage":9.0,"enemies":"Small Slimes","floor":3.0,"turns":4.0},{"damage":15.0,"enemies":"2 Louse","floor":4.0,"turns":3.0},{"damage":6.0,"enemies":"Exordium Wildlife","floor":7.0,"turns":5.0},{"damage":8.0,"enemies":"Gremlin Nob","floor":8.0,"turns":3.0},{"damage":1.0,"enemies":"Looter","floor":10.0,"turns":2.0},{"damage":0.0,"enemies":"2 Fungi Beasts","floor":14.0,"turns":3.0},{"damage":40.0,"enemies":"The Guardian","floor":16.0,"turns":11.0},{"damage":11.0,"enemies":"Spheric Guardian","floor":18.0,"turns":3.0},{"damage":23.0,"enemies":"2 Thieves","floor":19.0,"turns":4.0},{"damage":19.0,"enemies":"Gremlin Leader","floor":24.0,"turns":8.0},{"damage":45.0,"enemies":"Slavers","floor":27.0,"turns":5.0},{"damage":20,"enemies":"Gremlin Leader","floor":30,"turns":4}],"seed_played":"-7053023549704550586","potions_obtained":[{"floor":3.0,"key":"Block Potion"},{"floor":4.0,"key":"Regen Potion"},{"floor":7.0,"key":"LiquidMemories"},{"floor":8.0,"key":"PowerPotion"},{"floor":18.0,"key":"BloodPotion"},{"floor":19.0,"key":"Explosive Potion"}],"is_trial":false,"path_per_floor":["M","?","M","M","$","R","M","E","T","M","R","$","?","M","R","B",null,"M","M","?","?","?","R","E","R","T","E","?","?","E"],"character_chosen":"IRONCLAD","items_purchased":["Apotheosis","Lee\u0027s Waffle"],"campfire_rested":1,"item_purchase_floors":[5,12],"current_hp_per_floor":[62,62,59,50,50,50,50,48,48,53,53,69,69,69,69,35,61,56,39,39,39,33,53,53,53,53,14,14,14,0,0],"gold":323,"neow_bonus":"TWO_FIFTY_GOLD","is_daily":false,"chose_seed":false,"campfire_upgraded":1,"win_rate":0.0,"timestamp":1609689214,"path_taken":["M","?","M","M","$","R","M","E","T","M","R","$","?","M","R","BOSS","M","M","?","?","?","R","E","R","T","E","?","?","E"],"items_purchased_type":["Card","Relic"],"build_version":"2020-12-22","purchased_purges":1,"victory":false,"max_hp_per_floor":[68,62,62,62,62,62,62,62,62,62,62,69,69,69,69,69,69,69,69,69,69,69,69,69,69,69,69,69,69,69,69],"relic_stats":{"Lee\u0027s Waffle":16,"counters":[13,59],"Shuriken":[16],"Bloody Idol":0,"Bag of Preparation":[2],"obtain_stats":[{"Girya":9,"Lee\u0027s Waffle":12,"Golden Idol":2,"Shuriken":8,"Bloody Idol":28,"Fusion Hammer":17,"WingedGreaves":24,"Bag of Preparation":27,"Burning Blood":0,"InkBottle":26},{"Girya":5,"Lee\u0027s Waffle":6,"Golden Idol":1,"Shuriken":5,"Bloody Idol":12,"Fusion Hammer":8,"WingedGreaves":11,"Bag of Preparation":12,"Burning Blood":0,"InkBottle":11},{"Girya":19,"Lee\u0027s Waffle":21,"Golden Idol":4,"Shuriken":19,"Bloody Idol":55,"Fusion Hammer":35,"WingedGreaves":50,"Bag of Preparation":55,"Burning Blood":0,"InkBottle":50}],"Burning Blood":66,"InkBottle":[2]},"card_choices":[{"not_picked":["Rage","Fire Breathing"],"picked":"Anger","floor":1.0},{"not_picked":["Searing Blow","Dark Embrace"],"picked":"Twin Strike","floor":3.0},{"not_picked":["Wild Strike","Burning Pact"],"picked":"Ghostly Armor","floor":4.0},{"not_picked":["Seeing Red","Clash"],"picked":"Sword Boomerang","floor":7.0},{"not_picked":["Sentinel","Heavy Blade","Intimidate"],"picked":"SKIP","floor":8.0},{"not_picked":["Ghostly Armor","Iron Wave","Sword Boomerang"],"picked":"SKIP","floor":10.0},{"not_picked":["Havoc","Fire Breathing","Twin Strike"],"picked":"SKIP","floor":14.0},{"not_picked":["Reaper","Brutality"],"picked":"Barricade","floor":16.0},{"not_picked":["Intimidate","Thunderclap","Heavy Blade"],"picked":"SKIP","floor":18.0},{"not_picked":["Thunderclap","Flex"],"picked":"Disarm","floor":19.0},{"not_picked":["Armaments","Ghostly Armor"],"picked":"Body Slam","floor":24.0},{"not_picked":["Disarm","Flex"],"picked":"Inflame","floor":27}],"player_experience":541806,"relics_obtained":[{"floor":8.0,"key":"Shuriken"},{"floor":9.0,"key":"Girya"},{"floor":24.0,"key":"WingedGreaves"},{"floor":26.0,"key":"InkBottle"},{"floor":27,"key":"Bag of Preparation"}],"event_choices":[{"damage_healed":0.0,"max_hp_gain":0.0,"max_hp_loss":6.0,"gold_gain":0.0,"event_name":"Golden Idol","player_choice":"Lose Max HP","floor":2.0,"gold_loss":0.0,"damage_taken":0.0,"relics_obtained":["Golden Idol"]},{"damage_healed":0.0,"max_hp_gain":0.0,"max_hp_loss":0.0,"gold_gain":0.0,"event_name":"Liars Game","player_choice":"Ignored","floor":13.0,"gold_loss":0.0,"damage_taken":0.0},{"damage_healed":0.0,"max_hp_gain":0.0,"max_hp_loss":0.0,"gold_gain":0.0,"event_name":"Back to Basics","player_choice":"Simplicity","floor":20.0,"gold_loss":0.0,"damage_taken":0.0,"cards_upgraded":["Strike_R","Strike_R","Strike_R","Strike_R","Defend_R","Defend_R","Defend_R","Defend_R"]},{"damage_healed":0.0,"max_hp_gain":0.0,"max_hp_loss":0.0,"gold_gain":0.0,"event_name":"Vampires","player_choice":"Ignored","floor":21.0,"gold_loss":0.0,"damage_taken":0.0},{"damage_healed":0.0,"max_hp_gain":0.0,"max_hp_loss":0.0,"gold_gain":0.0,"event_name":"Nest","player_choice":"Joined the Cult","floor":22.0,"gold_loss":0.0,"damage_taken":6.0,"cards_obtained":["RitualDagger"]},{"damage_healed":0,"gold_gain":0,"player_choice":"Gave Idol","damage_taken":0,"relics_obtained":["Bloody Idol"],"max_hp_gain":0,"max_hp_loss":0,"event_name":"Forgotten Altar","floor":28,"relics_lost":["Golden Idol"],"gold_loss":0},{"damage_healed":0,"gold_gain":0,"player_choice":"Ignored","damage_taken":0,"max_hp_gain":0,"max_hp_loss":0,"event_name":"Cursed Tome","floor":29,"gold_loss":0}],"is_beta":false,"boss_relics":[{"not_picked":["Tiny House","Coffee Dripper"],"picked":"Fusion Hammer"}],"items_purged_floors":[5],"is_endless":false,"potions_floor_spawned":[3,4,7,8,18,19],"killed_by":"Gremlin Leader","ascension_level":20}}