{"host":"9b7hrp48q3pna783","time":1609697732,"event":{"mods":["BaseMod","Colored Map","Colored Powertips","Highlight Path","Minty Spire (QoL Compilation)","Relic Stats"],"gold_per_floor":[111,31,50,65,77,111,125,144,222,222,240,251,47,67,67,169,169,157,168,267,267,280,280,305,205,231,266,281,296,296,296,296,395,395,414,414,119,137,189,189,208,228,228,228,228,242,242,342,342,342],"floor_reached":51,"playtime":3365,"items_purged":["Strike_G","Strike_G","Strike_G"],"score":693,"play_id":"825019f3-f6e8-4ea3-8251-c92cf6bf0c80","local_time":"20210103131532","is_ascension_mode":false,"campfire_choices":[{"data":"Infinite Blades","floor":10,"key":"SMITH"},{"data":"Envenom","floor":15,"key":"SMITH"},{"data":"Wraith Form v2","floor":23,"key":"SMITH"},{"floor":30,"key":"REST"},{"floor":32,"key":"REST"},{"data":"Acrobatics","floor":40,"key":"SMITH"},{"floor":44,"key":"REST"},{"data":"A Thousand Cuts","floor":49,"key":"SMITH"}],"circlet_count":0,"master_deck":["Strike_G","Strike_G","Defend_G","Defend_G","Defend_G","Defend_G","Defend_G","Survivor","Neutralize","Accuracy","Cloak And Dagger","Cloak And Dagger","Infinite Blades+1","Dodge and Roll","Doppelganger","Cloak And Dagger","Noxious Fumes","Poisoned Stab","Envenom+1","Wraith Form v2+1","Outmaneuver","Envenom+1","Outmaneuver+1","Prepared+1","Footwork+1","Decay","A Thousand Cuts+1","Footwork","Catalyst","Prepared","Acrobatics+1","Infinite Blades","Noxious Fumes","Writhe"],"relics":["Ring of the Snake","NeowsBlessing","White Beast Statue","Mummified Hand","Runic Pyramid","Oddly Smooth Stone","Anchor","Mango","Busted Crown","The Specimen","Ninja Scroll"],"acts_visited":["Exordium","TheCity","TheBeyond"],"potions_floor_usage":[16,16,16,22,22,24,24,27,28,29,33,39,42,50,50,50],"damage_taken":[{"damage":0,"enemies":"Small Slimes","floor":1,"turns":1},{"damage":0,"enemies":"2 Louse","floor":3,"turns":2},{"damage":0,"enemies":"Cultist","floor":4,"turns":1},{"damage":3,"enemies":"3 Louse","floor":5,"turns":6},{"damage":39,"enemies":"Lagavulin","floor":6,"turns":12},{"damage":0,"enemies":"Looter","floor":7,"turns":4},{"damage":9,"enemies":"Exordium Wildlife","floor":8,"turns":6},{"damage":0,"enemies":"Large Slime","floor":11,"turns":6},{"damage":0,"enemies":"Looter","floor":12,"turns":3},{"damage":0,"enemies":"Gremlin Gang","floor":14,"turns":4},{"damage":24,"enemies":"The Guardian","floor":16,"turns":11},{"damage":26,"enemies":"2 Thieves","floor":18,"turns":4},{"damage":15,"enemies":"Spheric Guardian","floor":19,"turns":7},{"damage":9,"enemies":"3 Cultists","floor":22,"turns":5},{"damage":8,"enemies":"Book of Stabbing","floor":24,"turns":5},{"damage":13,"enemies":"Slavers","floor":27,"turns":6},{"damage":17,"enemies":"Centurion and Healer","floor":28,"turns":8},{"damage":14,"enemies":"Sentry and Sphere","floor":29,"turns":9},{"damage":53,"enemies":"Collector","floor":33,"turns":9},{"damage":4,"enemies":"3 Shapes","floor":35,"turns":5},{"damage":5,"enemies":"3 Darklings","floor":38,"turns":6},{"damage":36,"enemies":"2 Orb Walkers","floor":39,"turns":7},{"damage":17,"enemies":"Transient","floor":41,"turns":5},{"damage":10,"enemies":"Spire Growth","floor":42,"turns":6},{"damage":11,"enemies":"Jaw Worm Horde","floor":46,"turns":5},{"damage":45,"enemies":"Time Eater","floor":50,"turns":10}],"seed_played":"8790637323271732048","potions_obtained":[{"floor":1,"key":"Energy Potion"},{"floor":5,"key":"Poison Potion"},{"floor":6,"key":"Weak Potion"},{"floor":7,"key":"Regen Potion"},{"floor":11,"key":"CunningPotion"},{"floor":16,"key":"Regen Potion"},{"floor":18,"key":"BlessingOfTheForge"},{"floor":19,"key":"DistilledChaos"},{"floor":22,"key":"DuplicationPotion"},{"floor":24,"key":"Dexterity Potion"},{"floor":27,"key":"Regen Potion"},{"floor":28,"key":"Dexterity Potion"},{"floor":29,"key":"DistilledChaos"},{"floor":33,"key":"PowerPotion"},{"floor":35,"key":"EssenceOfSteel"},{"floor":38,"key":"Explosive Potion"},{"floor":39,"key":"CultistPotion"},{"floor":42,"key":"SpeedPotion"}],"is_trial":false,"path_per_floor":["M","$","M","M","M","E","M","M","T","R","M","M","$","M","R","B",null,"M","M","?","?","M","R","E","$","T","E","M","M","R","?","R","B",null,"M","?","$","M","?","R","M","M","T","R","?","M","?","?","R","B",null],"character_chosen":"THE_SILENT","items_purchased":["Accuracy","Noxious Fumes","Poisoned Stab","Footwork","Catalyst","Prepared"],"campfire_rested":3,"item_purchase_floors":[2,13,13,37,37,37],"current_hp_per_floor":[70,70,70,70,67,28,28,19,19,19,19,19,19,19,19,10,70,44,29,29,29,32,32,24,24,24,25,23,9,34,34,59,6,84,80,80,80,75,39,39,22,12,12,37,73,62,73,73,73,28],"gold":342,"neow_bonus":"THREE_ENEMY_KILL","is_daily":false,"chose_seed":false,"campfire_upgraded":5,"win_rate":0.0,"timestamp":1609697732,"path_taken":["M","$","M","M","M","E","M","M","T","R","M","M","$","M","R","BOSS","M","M","?","?","M","R","E","$","T","E","M","?","R","?","R","BOSS","M","?","$","M","?","R","?","M","T","R","?","M","?","?","R","BOSS"],"items_purchased_type":["Card","Card","Card","Card","Card","Card"],"build_version":"2020-12-22","purchased_purges":3,"victory":true,"max_hp_per_floor":[70,70,70,70,70,70,70,70,70,70,70,70,70,70,70,70,70,70,70,70,70,70,70,70,70,70,84,84,84,84,84,84,84,84,84,84,84,84,84,84,84,84,84,84,73,73,73,73,73,73],"relic_stats":{"Busted Crown":12,"counters":[26,153],"Mummified Hand":[116],"obtain_stats":[{"Anchor":26,"Busted Crown":34,"NeowsBlessing":0,"The Specimen":39,"Mummified Hand":9,"Ninja Scroll":43,"Oddly Smooth Stone":24,"Mango":27,"White Beast Statue":6,"Ring of the Snake":0,"Runic Pyramid":17},{"Anchor":15,"Busted Crown":19,"NeowsBlessing":0,"The Specimen":22,"Mummified Hand":7,"Ninja Scroll":24,"Oddly Smooth Stone":15,"Mango":16,"White Beast Statue":5,"Ring of the Snake":0,"Runic Pyramid":11},{"Anchor":77,"Busted Crown":109,"NeowsBlessing":0,"The Specimen":127,"Mummified Hand":32,"Ninja Scroll":138,"Oddly Smooth Stone":77,"Mango":83,"White Beast Statue":22,"Ring of the Snake":0,"Runic Pyramid":56}],"Ring of the Snake":[52]},"card_choices":[{"not_picked":["Dash","Well Laid Plans","Acrobatics"],"picked":"SKIP","floor":1},{"not_picked":["Eviscerate","Quick Slash"],"picked":"Cloak And Dagger","floor":3},{"not_picked":["Dagger Spray","Caltrops"],"picked":"Cloak And Dagger","floor":4},{"not_picked":["Reflex","Catalyst","Backstab"],"picked":"SKIP","floor":5},{"not_picked":["Heel Hook","Predator","Leg Sweep"],"picked":"SKIP","floor":6},{"not_picked":["Heel Hook","Predator","Leg Sweep"],"picked":"SKIP","floor":6},{"not_picked":["Bane","Dagger Spray"],"picked":"Infinite Blades","floor":7},{"not_picked":["Expertise","Bouncing Flask"],"picked":"Dodge and Roll","floor":8},{"not_picked":["Underhanded Strike","Dagger Spray"],"picked":"Doppelganger","floor":11},{"not_picked":["Dagger Spray","Dagger Throw"],"picked":"Cloak And Dagger","floor":12},{"not_picked":["Riddle With Holes","Underhanded Strike"],"picked":"Envenom","floor":14},{"not_picked":["Unload","Corpse Explosion"],"picked":"Wraith Form v2","floor":16},{"not_picked":["Deadly Poison","Prepared"],"picked":"Outmaneuver","floor":18},{"not_picked":["Sucker Punch","Poisoned Stab+1","Escape Plan"],"picked":"SKIP","floor":19},{"not_picked":["Reflex","Backflip","Predator"],"picked":"SKIP","floor":22},{"not_picked":["Infinite Blades","Flying Knee"],"picked":"Outmaneuver+1","floor":24},{"not_picked":["Dash","Bouncing Flask"],"picked":"Prepared+1","floor":27},{"not_picked":["Predator","Terror","Slice"],"picked":"SKIP","floor":28},{"not_picked":["Sucker Punch","Skewer+1"],"picked":"Footwork+1","floor":29},{"not_picked":["Envenom","Doppelganger"],"picked":"A Thousand Cuts","floor":33},{"not_picked":["Bouncing Flask+1"],"picked":"SKIP","floor":35},{"not_picked":["Slice+1"],"picked":"SKIP","floor":38},{"not_picked":[],"picked":"Acrobatics","floor":39},{"not_picked":[],"picked":"Infinite Blades","floor":41},{"not_picked":["Expertise+1"],"picked":"SKIP","floor":42},{"not_picked":[],"picked":"Noxious Fumes","floor":46}],"player_experience":56006,"relics_obtained":[{"floor":6,"key":"White Beast Statue"},{"floor":9,"key":"Mummified Hand"},{"floor":24,"key":"Oddly Smooth Stone"},{"floor":26,"key":"Anchor"},{"floor":27,"key":"Mango"},{"floor":39,"key":"The Specimen"},{"floor":43,"key":"Ninja Scroll"}],"event_choices":[{"damage_healed":0,"gold_gain":99,"player_choice":"Stole From Cult","damage_taken":0,"max_hp_gain":0,"max_hp_loss":0,"event_name":"Nest","floor":20,"gold_loss":0},{"damage_healed":0,"gold_gain":0,"player_choice":"Copied","damage_taken":0,"max_hp_gain":0,"max_hp_loss":0,"event_name":"Duplicator","floor":21,"gold_loss":0,"cards_obtained":["Envenom"]},{"damage_healed":0,"gold_gain":0,"player_choice":"Smashed Altar","damage_taken":0,"max_hp_gain":0,"max_hp_loss":0,"event_name":"Forgotten Altar","floor":31,"gold_loss":0,"cards_obtained":["Decay"]},{"damage_healed":0,"gold_gain":0,"player_choice":"Ignored","damage_taken":0,"max_hp_gain":0,"max_hp_loss":0,"event_name":"Tomb of Lord Red Mask","floor":36,"gold_loss":0},{"damage_healed":0,"gold_gain":0,"player_choice":"Fight","damage_taken":0,"max_hp_gain":0,"max_hp_loss":0,"event_name":"Mysterious Sphere","floor":39,"gold_loss":0},{"damage_healed":73,"gold_gain":0,"player_choice":"Heal","damage_taken":0,"max_hp_gain":0,"max_hp_loss":11,"event_name":"The Moai Head","floor":45,"gold_loss":0},{"damage_healed":18,"gold_gain":0,"player_choice":"Writhe","damage_taken":0,"max_hp_gain":0,"max_hp_loss":0,"event_name":"Winding Halls","floor":47,"gold_loss":0,"cards_obtained":["Writhe"]},{"damage_healed":0,"gold_gain":100,"player_choice":"Pray","damage_taken":0,"max_hp_gain":0,"max_hp_loss":0,"event_name":"Golden Shrine","floor":48,"gold_loss":0}],"is_beta":false,"boss_relics":[{"not_picked":["HoveringKite","Philosopher\u0027s Stone"],"picked":"Runic Pyramid"},{"not_picked":["Snecko Eye","Sozu"],"picked":"Busted Crown"}],"items_purged_floors":[13,25,37],"is_endless":false,"potions_floor_spawned":[1,5,6,7,8,11,12,14,16,18,19,22,24,27,28,29,33,35,38,39,41,42,46],"ascension_level":0}}