{"host":"Lado","time":1609693937,"event":{"mods":["Aspiration","BaseMod","Better Third Choice","BetterRewards","Card Forge","Conspire","Custom Start","Downfall","FutureSeer","Hero for Fun","Hubris","Infinite Spire","Mad Scientist","Marisa????????","Minty Spire (QoL Compilation)","Quick Restart","READ ME - Guardian Mod","Replay The Spire","Spicy Shops","StSLib","Td1madao Mod","The Administrix","The Animator","The Blackbeard","The Bladedancer","The Bug Knight","The Construct","The Cursed","The Disciple","The Gatherer","The Hierophant","The Jungle","The Marked","The Mystic","The Necromancer","The Sage","The Servant 0.9.4","The Valiant"],"gold_per_floor":[11,27,102,102,119,134,98,98,98,125,125,138,158,185,185,285,285,285],"floor_reached":17,"playtime":426,"items_purged":[],"score":292,"play_id":"2dc04e6a-b808-4ab1-be8a-bbb077c82c45","local_time":"20210103181217","is_ascension_mode":false,"campfire_choices":[{"floor":8,"key":"RECALL"}],"circlet_count":0,"master_deck":["Strike_Y+1","Strike_Y+1","Strike_Y+1","Strike_Y+1","Strike_Y+1","Defend_Y+1","Defend_Y+1","Defend_Y+1","Defend_Y+1","Defend_Y+1","Wear_Disguise+1","Normal_Punch+1","Wallop+1","Side_Hop+1","Get_Hopes_Up+1","Consecutive_Normal_Punch+1","Consecutive_Normal_Punch+1","Ignore+1","Toss_Stone+1","Toss_Stone+1","Serious_Side_Hops"],"relics":["Cape","Hammer of Thor","Seething Fire","Anvil of the Gods","NeowsBlessing","aspiration:HummingbirdHeart","Akabeko","hubris:MysteriousPyramids","ReplayTheSpireMod:Ring of Challenge","Ring of Panic","Replay:Bronze Core"],"acts_visited":["Exordium","TheCity"],"potions_floor_usage":[],"damage_taken":[{"damage":0,"enemies":"Jaw Worm","floor":1,"turns":1},{"damage":0,"enemies":"Small Slimes","floor":2,"turns":1},{"damage":0,"enemies":"Cultist","floor":5,"turns":1},{"damage":0,"enemies":"3 Louse","floor":6,"turns":1},{"damage":0,"enemies":"Gremlin Nob","floor":10,"turns":1},{"damage":0,"enemies":"Exordium Wildlife","floor":12,"turns":1},{"damage":0,"enemies":"Lots of Slimes","floor":13,"turns":3},{"damage":0,"enemies":"3 Sentries","floor":14,"turns":1},{"damage":0,"enemies":"Hexaghost","floor":16,"turns":1}],"seed_played":"-6886200513469605093","potions_obtained":[{"floor":2,"key":"ColorlessPotion"},{"floor":10,"key":"GamblersBrew"},{"floor":12,"key":"Dexterity Potion"}],"is_trial":false,"path_per_floor":["M","M","?","?","M","M","$","R","T","E","?","M","M","E","R","B",null],"character_chosen":"OPM","items_purchased":["Consecutive_Normal_Punch"],"campfire_rested":0,"item_purchase_floors":[7],"current_hp_per_floor":[999,999,999,999,999,999,999,999,999,999,999,999,999,999,999,999,999,999],"gold":285,"neow_bonus":"THREE_ENEMY_KILL","is_daily":false,"chose_seed":false,"campfire_upgraded":0,"win_rate":0.0,"timestamp":1609693937,"path_taken":["M","M","?","?","M","M","$","R","T","E","?","?","M","E","R","BOSS"],"items_purchased_type":["Card"],"build_version":"2020-12-18","purchased_purges":0,"victory":false,"max_hp_per_floor":[999,999,999,999,999,999,999,999,999,999,999,999,999,999,999,999,999,999],"card_choices":[{"not_picked":["Yawn","Ignore"],"picked":"Wear_Disguise","floor":1},{"not_picked":["Ignore","Do_Nothing"],"picked":"Normal_Punch","floor":2},{"not_picked":["Slap","Ignore"],"picked":"Side_Hop","floor":5},{"not_picked":["Yawn","Slap"],"picked":"Get_Hopes_Up","floor":6},{"not_picked":["Hop","Wear_Disguise"],"picked":"Consecutive_Normal_Punch","floor":10},{"not_picked":["Consecutive_Normal_Punch","Normal_Punch"],"picked":"Ignore","floor":12},{"not_picked":["Ignore","Side_Hop"],"picked":"Toss_Stone","floor":13},{"not_picked":["Hop","Wear_Disguise"],"picked":"Toss_Stone","floor":14},{"not_picked":["Terrifying_Presence","Serious_Punch"],"picked":"Serious_Side_Hops","floor":16}],"player_experience":499064,"relics_obtained":[{"floor":10,"key":"Akabeko"},{"floor":14,"key":"hubris:MysteriousPyramids"},{"floor":15,"key":"ReplayTheSpireMod:Ring of Challenge"},{"floor":15,"key":"Ring of Panic"}],"event_choices":[{"damage_healed":0,"gold_gain":75,"player_choice":"Gold","damage_taken":11,"max_hp_gain":0,"max_hp_loss":0,"event_name":"betterThird:BetterGoop","floor":3,"gold_loss":0},{"damage_healed":0,"gold_gain":0,"player_choice":"Ignored","damage_taken":0,"max_hp_gain":0,"max_hp_loss":0,"event_name":"Upgrade Shrine","floor":11,"gold_loss":0}],"is_beta":true,"boss_relics":[{"not_picked":["Kintsugi","Runic Pyramid"],"picked":"Replay:Bronze Core"}],"items_purged_floors":[],"is_endless":false,"potions_floor_spawned":[2,10,12,13,16],"ascension_level":0}}