{"host":"r65a7hy0otg6m46m","time":1609655272,"event":{"mods":["Aspiration","BaseMod","Beaked The Cultist","Bestiary","BetterRewards","Colored Map","Downfall","Fiend Mod","Friendly Minions","Glutton Mod","Hermit","Hubris","Hunter ??","Infinite Spire","Minty Spire (QoL Compilation)","Replay The Spire","Shop Mod","StSLib","The Bladedancer","The Bug Knight","The Clintock","The Cursed","The Death Knight","The Forsaken","The Hayseed","The IronCluck","The Necromancer","The Saiyan","The Servant 0.9.4","[IsaacMod]????","??????REMEMod"],"gold_per_floor":[99,116,133,144,172,184,232,232,232,250,278,278,297,308,319,425,425,350,376,376,100,220,306,306,426,426,128,128,128],"floor_reached":28,"playtime":2077,"items_purged":["Sickly"],"score":424,"play_id":"3e801176-6c2f-4dc7-bd56-0b979f32b78a","local_time":"20210103072752","is_ascension_mode":false,"campfire_choices":[{"data":"Fiend:FiendConsume","floor":1,"key":"SMITH"},{"data":"BettingIsNotGood","floor":9,"key":"SMITH"},{"floor":18,"key":"DIG"}],"circlet_count":0,"master_deck":["Fiend:FiendDemonSlash","Fiend:FiendDemonSlash","Fiend:FiendDemonSlash","Fiend:FiendDemonSlash","Fiend:FiendDemonSlash","Fiend:FiendFortify","Fiend:FiendFortify","Fiend:FiendFortify","Fiend:FiendFortify","Fiend:FiendConsume+1","BettingIsNotGood+1","Fiend:FiendRadiation","Fiend:FiendAlchemeat","Fiend:FiendGreaterDemonSlash","Fiend:FiendRam","Fiend:FiendRiskyDice","Fiend:FiendViolentOutburst","Fiend:FiendBulkUp","Fiend:FiendRam","hubris:Greed","Fiend:FiendFeast","hubris:Greed","hubris:Greed","hubris:Greed","hubris:Greed","hubris:Greed","hubris:Greed","hubris:Greed","Fiend:FiendLeech","hubris:Greed","hubris:Greed","hubris:Greed","hubris:Greed","hubris:Greed","hubris:Greed","Fiend:FiendNom","hubris:Greed","hubris:Greed","hubris:Greed","hubris:Greed","hubris:Greed","hubris:Greed","hubris:Greed","Fiend:FiendExecute","hubris:Greed","hubris:Greed","hubris:Greed","hubris:Greed","hubris:Greed","hubris:Greed","hubris:Greed","hubris:Greed","hubris:Greed","hubris:Greed","Fiend:FiendSalvage+1","beaked:Windmill+1","hubris:Greed","hubris:Greed","hubris:Greed","hubris:Greed","hubris:Greed","hubris:Greed"],"relics":["Fiend:FiendTotem","HushsDoor","Void","Ornamental Fan","REME_PuzzleBoxRelic","aspiration:BeakedSkillbook","downfall:HeartBlessingGreen","Replay:Towering Pillar of Hats","SatanicBible","Golden Egg","Ring of Fury","ReplayTheSpireMod:Ring of Collecting","Replay:Lucky Slots"],"acts_visited":["Exordium","TheCity"],"potions_floor_usage":[10,16,16,16,27],"damage_taken":[{"damage":0,"enemies":"Small Slimes","floor":2,"turns":4},{"damage":0,"enemies":"Cultist","floor":3,"turns":2},{"damage":6,"enemies":"2 Louse","floor":4,"turns":2},{"damage":28,"enemies":"Lots of Slimes","floor":5,"turns":5},{"damage":2,"enemies":"Exordium Thugs","floor":6,"turns":2},{"damage":12,"enemies":"3 Louse","floor":10,"turns":3},{"damage":45,"enemies":"Lagavulin","floor":11,"turns":5},{"damage":35,"enemies":"Exordium Wildlife","floor":13,"turns":3},{"damage":5,"enemies":"2 Fungi Beasts","floor":14,"turns":2},{"damage":0,"enemies":"Exordium Thugs","floor":15,"turns":1},{"damage":5,"enemies":"downfall:Silent","floor":16,"turns":5},{"damage":54,"enemies":"Chosen","floor":19,"turns":5},{"damage":0,"enemies":"downfall:FleeingMerchant","floor":21,"turns":4},{"damage":36,"enemies":"Colosseum Nobs","floor":22,"turns":4},{"damage":20,"enemies":"Spheric Guardian","floor":23,"turns":4},{"damage":0,"enemies":"Cultist and Chosen","floor":25,"turns":4},{"damage":0,"enemies":"downfall:FleeingMerchant","floor":27,"turns":4},{"damage":23,"enemies":"Snecko","floor":28,"turns":3}],"seed_played":"-6894024805403411363","potions_obtained":[{"floor":2,"key":"BlessingOfTheForge"},{"floor":4,"key":"Milkshake"},{"floor":6,"key":"DistilledChaos"},{"floor":14,"key":"Cursed Concoction"},{"floor":23,"key":"Ancient Potion"},{"floor":25,"key":"PowerPotion"}],"is_trial":false,"path_per_floor":["R_BF","M","M","M","M","M","T","?","R","M","E","?","M","M","M","B",null,"R_BF","M","?","$","?","M","T","M","?","$","M"],"character_chosen":"THE_FIEND","items_purchased":["hubris:BottledRain","beaked:Windmill","Replay:Lucky Slots"],"campfire_rested":0,"item_purchase_floors":[21,27,27],"current_hp_per_floor":[77,77,77,71,43,41,41,87,87,81,61,46,14,9,9,23,89,89,35,35,58,31,11,11,11,11,16,0,0],"gold":128,"neow_bonus":"TEN_PERCENT_HP_BONUS","is_daily":false,"chose_seed":false,"campfire_upgraded":2,"win_rate":0.0,"timestamp":1609655272,"path_taken":["R_BF","M","M","M","M","M","T","?","R","M","E","?","M","M","M","BOSS","R_BF","M","?","$","?","?","T","M","?","$","?"],"items_purchased_type":["Relic","Card","Relic"],"build_version":"2020-12-22","purchased_purges":1,"victory":false,"max_hp_per_floor":[77,77,77,77,77,77,77,87,87,87,89,89,89,89,89,89,89,89,89,89,89,89,89,89,89,89,89,89,89],"card_choices":[{"not_picked":[],"picked":"BettingIsNotGood","floor":0},{"not_picked":["Fiend:FiendAlchemeat","Fiend:FiendConserve"],"picked":"Fiend:FiendRadiation","floor":2},{"not_picked":["Fiend:FiendVaccine","Bomb"],"picked":"Fiend:FiendAlchemeat","floor":3},{"not_picked":["Fiend:FiendTransmeatation","Fiend:FiendMeatShield"],"picked":"Fiend:FiendGreaterDemonSlash","floor":4},{"not_picked":["Fiend:FiendFleshWhip","Bomb"],"picked":"Fiend:FiendRam","floor":5},{"not_picked":["Fiend:FiendDemonicContract","Fiend:FiendAlchemeat"],"picked":"Fiend:FiendRiskyDice","floor":6},{"not_picked":["Bomb","Fiend:FiendMutativeArms"],"picked":"Fiend:FiendViolentOutburst","floor":10},{"not_picked":["Fiend:FiendMeditate","Fiend:FiendBloodlust"],"picked":"Fiend:FiendBulkUp","floor":11},{"not_picked":["Fiend:FiendFleshPlating","Fiend:FiendMeatMagnet"],"picked":"Fiend:FiendRam","floor":13},{"not_picked":["Fiend:FiendDemonWhip","Fiend:FiendVaccine"],"picked":"Bomb","floor":14},{"not_picked":["Fiend:FiendBackFromHell","Fiend:FiendCancer"],"picked":"Bomb","floor":15},{"not_picked":["Fiend:FiendAmnesia","Fiend:FiendMutilation"],"picked":"Fiend:FiendFeast","floor":16},{"not_picked":["beaked:WarriorEssence","beaked:Tradeoff","beaked:DigDeeper","beaked:Recite"],"picked":"SKIP","floor":19},{"not_picked":["Fiend:FiendMeditate","beaked:Roost","beaked:Hexing+1","Fiend:FiendMeatMagnet"],"picked":"SKIP","floor":21},{"not_picked":["beaked:SurvivalInstinct","beaked:RuinSticks","Fiend:FiendMeditate"],"picked":"Fiend:FiendLeech","floor":22},{"not_picked":["beaked:Daydream","beaked:CursingBlood+1","beaked:Molting+1"],"picked":"Fiend:FiendNom","floor":23},{"not_picked":["Fiend:FiendVaccine","beaked:MaddeningMurmurs","Fiend:FiendDemonWhip"],"picked":"Fiend:FiendExecute","floor":25},{"not_picked":["Fiend:FiendBloodstone","beaked:TuckingFeathers","beaked:CursingBlood+1"],"picked":"Fiend:FiendSalvage+1","floor":27}],"player_experience":70171,"relics_obtained":[{"floor":7,"key":"Lantern"},{"floor":11,"key":"Ornamental Fan"},{"floor":18,"key":"Replay:Bottled Eggs"},{"floor":22,"key":"Replay:Towering Pillar of Hats"},{"floor":22,"key":"SatanicBible"},{"floor":24,"key":"Golden Egg"},{"floor":26,"key":"Ring of Fury"},{"floor":26,"key":"ReplayTheSpireMod:Ring of Collecting"}],"event_choices":[{"cards_removed":["Fiend:FiendAja"],"damage_healed":36,"gold_gain":0,"player_choice":"Offered Rare","damage_taken":0,"max_hp_gain":10,"max_hp_loss":0,"event_name":"Bonfire Elementals","floor":8,"gold_loss":0}],"is_beta":false,"boss_relics":[{"not_picked":["Replay:Cursed D8","Calling Bell"],"picked":"aspiration:BeakedSkillbook"},{"not_picked":[]}],"items_purged_floors":[27],"is_endless":false,"potions_floor_spawned":[2,4,6,14,23,25],"killed_by":"Snecko","ascension_level":0}}