{"host":"bczg3e1yq3rp3pkk","time":1609651096,"event":{"mods":["BaseMod","Hermit","Marisa£®ÏF”Í°°ƒß¿Ì…≥£©","Minty Spire (QoL Compilation)","Quick Restart","Replay The Spire","StSLib","The Runesmith","The Servant 0.9.4","vexMod"],"gold_per_floor":[112,287,303,303,303,333,333,333,333,344,373,373,390,405,405,405,405],"floor_reached":16,"playtime":614,"items_purged":[],"score":135,"play_id":"c70f28fd-1afe-4b70-b2e4-5fc6f985beab","local_time":"20210103131816","is_ascension_mode":false,"campfire_choices":[{"data":"1","floor":8.0,"key":"LIFT"},{"data":"2","floor":15,"key":"LIFT"}],"circlet_count":0,"master_deck":["hermit:Strike_Hermit","hermit:Strike_Hermit","hermit:Strike_Hermit","hermit:Defend_Hermit","hermit:Defend_Hermit","hermit:Defend_Hermit","hermit:Defend_Hermit","hermit:Snapshot","hermit:Covet+1","hermit:Manifest","Doubt","hermit:SprayPray+1","hermit:FlashPowder","hermit:LowProfile","hermit:Gestalt","hermit:Purgatory+1","hermit:GoldenBullet+1"],"relics":["hermit:Momento","NeowsBlessing","Girya","Chameleon Ring","Matryoshka","Molten Egg 2"],"acts_visited":["Exordium"],"potions_floor_usage":[16,16],"damage_taken":[{"damage":0.0,"enemies":"Cultist","floor":1.0,"turns":1.0},{"damage":0.0,"enemies":"Small Slimes","floor":3.0,"turns":1.0},{"damage":0.0,"enemies":"3 Sentries","floor":6.0,"turns":1.0},{"damage":0.0,"enemies":"2 Louse","floor":10.0,"turns":2.0},{"damage":3.0,"enemies":"Lagavulin","floor":11.0,"turns":7.0},{"damage":2,"enemies":"2 Fungi Beasts","floor":13,"turns":5},{"damage":2,"enemies":"Red Slaver","floor":14,"turns":4},{"damage":79,"enemies":"Fading Forest","floor":16,"turns":8}],"seed_played":"-13856385638708681","potions_obtained":[{"floor":6.0,"key":"SpeedPotion"},{"floor":10.0,"key":"hermit:Tonic"},{"floor":11.0,"key":"BlessingOfTheForge"},{"floor":12,"key":"Explosive Potion"}],"is_trial":false,"path_per_floor":["M","?","M","?","?","E","T","R","T","M","E","?","M","M","R","B"],"character_chosen":"HERMIT","items_purchased":[],"campfire_rested":0,"item_purchase_floors":[],"current_hp_per_floor":[75,75,75,68,53,53,53,53,53,53,50,50,48,46,46,0,0],"gold":405,"neow_bonus":"THREE_ENEMY_KILL","is_daily":false,"chose_seed":false,"campfire_upgraded":0,"win_rate":0.0,"timestamp":1609651096,"path_taken":["M","?","M","?","?","E","?","R","T","M","E","?","M","M","R","BOSS"],"items_purchased_type":[],"build_version":"2020-12-22","purchased_purges":0,"victory":false,"max_hp_per_floor":[75,75,75,75,75,75,75,75,75,75,75,75,75,75,75,75,75],"card_choices":[{"not_picked":["hermit:TrackingShot","hermit:Ricochet"],"picked":"hermit:Manifest","floor":1.0},{"not_picked":["hermit:Gestalt","hermit:WideOpen"],"picked":"hermit:SprayPray","floor":3.0},{"not_picked":["hermit:Feint","hermit:Combo"],"picked":"hermit:FlashPowder","floor":6.0},{"not_picked":["hermit:Desperado","hermit:Deadeye"],"picked":"hermit:LowProfile","floor":10.0},{"not_picked":["hermit:Horror","hermit:Coalescence"],"picked":"hermit:Gestalt","floor":11.0},{"not_picked":["hermit:ItchyTrigger+1","hermit:Snipe"],"picked":"hermit:Purgatory+1","floor":13},{"not_picked":["hermit:Gestalt","hermit:Shortfuse+1"],"picked":"hermit:GoldenBullet+1","floor":14}],"player_experience":332313,"relics_obtained":[{"floor":6.0,"key":"Girya"},{"floor":7.0,"key":"Chameleon Ring"},{"floor":9.0,"key":"Matryoshka"},{"floor":11.0,"key":"Molten Egg 2"}],"event_choices":[{"damage_healed":0.0,"max_hp_gain":0.0,"max_hp_loss":0.0,"gold_gain":175.0,"event_name":"Liars Game","player_choice":"AGREE","floor":2.0,"gold_loss":0.0,"damage_taken":0.0,"cards_obtained":["Doubt"]},{"cards_removed":["hermit:Strike_Hermit"],"damage_healed":0.0,"max_hp_gain":0.0,"max_hp_loss":0.0,"gold_gain":0.0,"event_name":"Golden Wing","player_choice":"Card Removal","floor":4.0,"gold_loss":0.0,"damage_taken":7.0},{"damage_healed":0.0,"max_hp_gain":0.0,"max_hp_loss":0.0,"gold_gain":0.0,"event_name":"Shining Light","player_choice":"Entered Light","floor":5.0,"gold_loss":0.0,"damage_taken":15.0,"cards_upgraded":["hermit:SprayPray","hermit:Covet"]}],"is_beta":false,"boss_relics":[],"items_purged_floors":[],"is_endless":false,"potions_floor_spawned":[6,10,11,14],"killed_by":"Fading Forest","ascension_level":0}}