{"host":"gjj8cpt329rt31is","time":1609695364,"event":{"mods":["BaseMod","BetterRewards","Colored Map","Hubris","Minty Spire (QoL Compilation)","Replay The Spire","StSLib"],"gold_per_floor":[110,125,141,154,168,200,218,233,233,195,207,277,307,322,322,420,420,434,451,466,95,106,136,165,208,220,249,261,298,310,354,366,483,495,524,553,584,616,628,640,686,698,710,750,782,844,883,895,907,919],"floor_reached":51,"playtime":4130,"items_purged":[],"score":1057,"play_id":"78bec495-e478-4d0f-8679-6e71fb70d6d0","local_time":"20210103113604","daily_mods":["Vintage","Heirloom"],"is_ascension_mode":true,"campfire_choices":[{"data":"Defend_R","floor":28,"key":"SMITH"},{"floor":30,"key":"REST"},{"floor":32,"key":"DIG"},{"data":"Bash","floor":40,"key":"SMITH"},{"data":"Strike_R+1","floor":42,"key":"PURGE"},{"data":"Strike_R+1","floor":49,"key":"PURGE"}],"circlet_count":0,"master_deck":["Strike_R+1","Strike_R+1","Strike_R+1","Defend_R+1","Defend_R+1","Defend_R","Defend_R+1","Bash+1","ReplayTheSpireMod:Limb From Limb+1","Evolve+1","Berserk+1","Immolate+1","CurseOfTheBell","Combust+1","Metallicize+1","Wild Strike+1","Demon Form+1","hubris:CleavingFinish+1","Shockwave+1","Inflame+1","Writhe"],"relics":["Burning Blood","Peace Pipe","Mercury Hourglass","White Beast Statue","Singing Bowl","Boot","Prayer Wheel","Toy Ornithopter","Pet Ghost","Golden Egg","Replay:Bottled Steam","Frozen Egg 2","Question Card","Orichalcum","Pear","Calling Bell","Replay:WaspNest","Regal Pillow","StoneCalendar","Replay:Bottled Eggs","hubris:CrystalStatue","Chameleon Ring","hubris:GlazedTorus","Blue Doll","MawBank","Bag of Preparation","ReplayTheSpireMod:Spearhead","Akabeko","Pen Nib","ReplayTheSpireMod:Lightbulb","Blue Candle","Busted Crown","Replay:Kaleidoscope","Blood Vial","War Paint","Mummified Hand","ReplayFunnel","Ancient Tea Set","Replay:Wax Seal","Lizard Tail","Du-Vu Doll"],"acts_visited":["Exordium","TheCity","TheBeyond"],"potions_floor_usage":[11,11,13,16,20,22,23,24,25,29,29,29,31,33,45,50,50,50],"damage_taken":[{"damage":1,"enemies":"Cultist","floor":1,"turns":4},{"damage":14,"enemies":"Jaw Worm","floor":2,"turns":4},{"damage":3,"enemies":"2 Louse","floor":3,"turns":3},{"damage":2,"enemies":"Looter","floor":4,"turns":4},{"damage":7,"enemies":"Exordium Wildlife","floor":5,"turns":5},{"damage":5,"enemies":"Replay:BlueRogue","floor":6,"turns":7},{"damage":6,"enemies":"Blue Slaver","floor":7,"turns":4},{"damage":15,"enemies":"Large Slime","floor":8,"turns":6},{"damage":9,"enemies":"Exordium Thugs","floor":11,"turns":5},{"damage":30,"enemies":"Lagavulin","floor":13,"turns":5},{"damage":26,"enemies":"Red Slaver","floor":14,"turns":5},{"damage":37,"enemies":"The Guardian","floor":16,"turns":12},{"damage":7,"enemies":"Chosen","floor":18,"turns":4},{"damage":17,"enemies":"Spheric Guardian","floor":19,"turns":3},{"damage":38,"enemies":"Centurion and Healer","floor":20,"turns":5},{"damage":3,"enemies":"Snecko","floor":22,"turns":3},{"damage":30,"enemies":"Book of Stabbing","floor":23,"turns":4},{"damage":2,"enemies":"3 Cultists","floor":24,"turns":3},{"damage":22,"enemies":"Gremlin Leader","floor":25,"turns":6},{"damage":14,"enemies":"Snake Plant","floor":27,"turns":3},{"damage":29,"enemies":"Slavers","floor":29,"turns":3},{"damage":18,"enemies":"Book of Stabbing","floor":31,"turns":4},{"damage":56,"enemies":"Automaton","floor":33,"turns":8},{"damage":0,"enemies":"3 Darklings","floor":35,"turns":1},{"damage":0,"enemies":"3 Shapes","floor":36,"turns":2},{"damage":28,"enemies":"Jaw Worm Horde","floor":37,"turns":3},{"damage":17,"enemies":"Sphere and 2 Shapes","floor":38,"turns":4},{"damage":18,"enemies":"R_Hoarder","floor":41,"turns":5},{"damage":19,"enemies":"Reptomancer","floor":44,"turns":5},{"damage":20,"enemies":"Spire Growth","floor":45,"turns":3},{"damage":2,"enemies":"Mind Bloom Boss Battle","floor":46,"turns":3},{"damage":6,"enemies":"Nemesis","floor":47,"turns":5},{"damage":77,"enemies":"Replay:Hell Engine","floor":50,"turns":6}],"seed_played":"3835310823366670250","potions_obtained":[{"floor":1,"key":"Venom Potion"},{"floor":3,"key":"DuplicationPotion"},{"floor":4,"key":"SteroidPotion"},{"floor":5,"key":"Cursed Concoction"},{"floor":6,"key":"BlessingOfTheForge"},{"floor":11,"key":"Swift Potion"},{"floor":13,"key":"HeartOfIron"},{"floor":14,"key":"Regen Potion"},{"floor":16,"key":"Reflective Coating"},{"floor":20,"key":"Explosive Potion"},{"floor":22,"key":"Block Potion"},{"floor":23,"key":"ColorlessPotion"},{"floor":24,"key":"AttackPotion"},{"floor":25,"key":"Ancient Potion"},{"floor":29,"key":"SteroidPotion"},{"floor":31,"key":"PowerPotion"},{"floor":33,"key":"Fire Potion"},{"floor":35,"key":"Fire Potion"},{"floor":36,"key":"FearPotion"},{"floor":38,"key":"Adrenaline Potion"},{"floor":45,"key":"Milkshake"},{"floor":47,"key":"Strength Potion"}],"is_trial":true,"path_per_floor":["M","M","M","M","M","E","M","M","T","$","M","T","E","M","R_BF","B",null,"M","M","M","$","M","E","M","E","T","M","R","E","R","E","R_BF","B",null,"M","M","M","M","?","R","E","R","T","E","M","?","E","?","R","B",null],"character_chosen":"IRONCLAD","items_purchased":["Evolve","Combust+1","hubris:GlazedTorus"],"campfire_rested":1,"item_purchase_floors":[10,21,21],"current_hp_per_floor":[77,69,72,76,75,76,76,67,67,67,74,74,55,45,72,46,79,78,67,54,54,62,43,52,43,43,35,35,27,69,64,64,19,75,81,87,67,58,58,58,48,48,48,39,32,38,40,64,64,10],"gold":931,"neow_bonus":"","is_daily":false,"chose_seed":false,"campfire_upgraded":2,"win_rate":0.0,"timestamp":1609695364,"path_taken":["M","M","?","M","M","E","?","M","T","$","M","?","E","M","R_BF","BOSS","M","M","M","$","M","E","M","E","T","M","R","E","R","E","R_BF","BOSS","M","M","M","M","?","R","E","R","T","E","M","?","E","?","R","BOSS"],"items_purchased_type":["Card","Card","Relic"],"build_version":"2020-12-22","purchased_purges":0,"victory":true,"max_hp_per_floor":[80,80,80,80,80,80,80,80,80,80,80,80,80,90,90,90,90,90,90,90,90,90,90,90,92,92,92,92,92,92,94,94,94,94,94,94,94,94,94,94,94,94,94,96,96,96,96,96,96,96],"card_choices":[{"not_picked":["Cleave","Wild Strike"],"picked":"ReplayTheSpireMod:Limb From Limb","floor":6},{"not_picked":["Rupture+1","Headbutt","Fiend Fire"],"picked":"Berserk+1","floor":13},{"not_picked":["Barricade+1","Corruption+1","Bludgeon"],"picked":"Immolate","floor":16},{"not_picked":["Anger","Twin Strike+1","Shrug It Off"],"picked":"Metallicize+1","floor":23},{"not_picked":["Shrug It Off","hubris:ReadiedAction","Intimidate","Heavy Blade"],"picked":"Singing Bowl","floor":25},{"not_picked":["ReplayReversal+1","Power Through","Anger"],"picked":"Wild Strike+1","floor":29},{"not_picked":["ReplayTheSpireMod:Stacked","Havoc+1","Clothesline","Anger"],"picked":"Singing Bowl","floor":31},{"not_picked":["Reaper","Double Tap","Corruption+1"],"picked":"Demon Form+1","floor":33},{"not_picked":["Bludgeon"],"picked":"hubris:CleavingFinish+1","floor":41},{"not_picked":["Perfected Strike","ReplayTheSpireMod:Muscle Training"],"picked":"Singing Bowl","floor":44},{"not_picked":["Rage"],"picked":"Shockwave+1","floor":46},{"not_picked":["Seeing Red"],"picked":"Inflame+1","floor":47}],"player_experience":289533,"relics_obtained":[{"floor":1,"key":"Mercury Hourglass"},{"floor":2,"key":"White Beast Statue"},{"floor":3,"key":"Singing Bowl"},{"floor":4,"key":"Boot"},{"floor":5,"key":"Prayer Wheel"},{"floor":6,"key":"Toy Ornithopter"},{"floor":7,"key":"Pet Ghost"},{"floor":8,"key":"Golden Egg"},{"floor":9,"key":"Replay:Bottled Steam"},{"floor":11,"key":"Frozen Egg 2"},{"floor":12,"key":"Question Card"},{"floor":13,"key":"Orichalcum"},{"floor":14,"key":"Pear"},{"floor":17,"key":"Replay:WaspNest"},{"floor":17,"key":"Regal Pillow"},{"floor":17,"key":"StoneCalendar"},{"floor":18,"key":"Replay:Bottled Eggs"},{"floor":19,"key":"hubris:CrystalStatue"},{"floor":20,"key":"Chameleon Ring"},{"floor":22,"key":"Blue Doll"},{"floor":23,"key":"MawBank"},{"floor":24,"key":"Bag of Preparation"},{"floor":25,"key":"ReplayTheSpireMod:Spearhead"},{"floor":26,"key":"Akabeko"},{"floor":29,"key":"Pen Nib"},{"floor":31,"key":"ReplayTheSpireMod:Lightbulb"},{"floor":32,"key":"Blue Candle"},{"floor":35,"key":"Replay:Kaleidoscope"},{"floor":36,"key":"Blood Vial"},{"floor":37,"key":"War Paint"},{"floor":38,"key":"Mummified Hand"},{"floor":41,"key":"ReplayFunnel"},{"floor":43,"key":"Ancient Tea Set"},{"floor":44,"key":"Replay:Wax Seal"},{"floor":46,"key":"Lizard Tail"},{"floor":47,"key":"Du-Vu Doll"}],"event_choices":[{"damage_healed":0,"gold_gain":0,"player_choice":"Fight","damage_taken":0,"max_hp_gain":0,"max_hp_loss":0,"event_name":"MindBloom","floor":46,"gold_loss":0},{"damage_healed":24,"gold_gain":0,"player_choice":"Writhe","damage_taken":0,"max_hp_gain":0,"max_hp_loss":0,"event_name":"Winding Halls","floor":48,"gold_loss":0,"cards_obtained":["Writhe"]}],"is_beta":false,"boss_relics":[{"not_picked":["Ooze Armor","Philosopher\u0027s Stone"],"picked":"Calling Bell"},{"not_picked":["Abe\u0027s Treasure","Runic Dome"],"picked":"Busted Crown"}],"items_purged_floors":[],"is_endless":false,"potions_floor_spawned":[1,3,4,5,6,7,8,11,13,14,16,18,19,20,22,23,24,25,27,29,31,33,35,36,37,38,41,44,45,46,47],"ascension_level":7}}