{"host":"igi9xpgoc000gxf5","time":1609687409,"event":{"mods":["BaseMod","Colored Powertips","Downfall","Googly Eyes","Minty Spire (QoL Compilation)","StSLib"],"gold_per_floor":[99,99,99,119,56,56,56,74,74,84,46,63,63,14,27,125,125,125,140,153,153,153,170,170,170,170,188,199,217,234,234,234,234],"floor_reached":31,"playtime":4048,"items_purged":[],"score":229,"play_id":"fa142519-341a-491b-8e75-efd79c2da7ee","local_time":"20210103162329","is_ascension_mode":false,"campfire_choices":[{"data":"champ:Taunt","floor":1,"key":"SMITH"},{"data":"champ:Backstep","floor":6,"key":"SMITH"},{"data":"champ:Aggression","floor":9,"key":"SMITH"},{"data":"champ:Control","floor":13,"key":"SMITH"},{"data":"champ:SteelEdge","floor":18,"key":"SMITH"},{"floor":25,"key":"REST"}],"circlet_count":0,"master_deck":["champ:Strike","champ:Strike","champ:Strike","champ:Defend","champ:Defend","champ:Defend","champ:Defend","champ:Execute","champ:Taunt+1","champ:BerserkerStyle","champ:IronFortress","champ:FlashCut","champ:Backstep+1","champ:Aggression+1","champ:Control","champ:RageSigil","champ:ShieldSigil","champ:Control+1","champ:EnragedBash","champ:Lariat","champ:Backstep","champ:SteelEdge+1","CurseOfTheBell","champ:Duel","champ:Control","Necronomicurse","champ:SkillfulDodge","champ:PerfectedStrike","champ:Shatter","champ:MurderStrike","champ:TornadoPunch"],"relics":["champ:ChampionCrown","Centennial Puzzle","Thread and Needle","Calling Bell","Oddly Smooth Stone","Ornamental Fan","Bird Faced Urn","Necronomicon","Mummified Hand"],"acts_visited":["Exordium","TheCity"],"potions_floor_usage":[12,31],"damage_taken":[{"damage":10,"enemies":"2 Louse","floor":4,"turns":3},{"damage":12,"enemies":"downfall:FleeingMerchant","floor":5,"turns":4},{"damage":7,"enemies":"Jaw Worm","floor":8,"turns":3},{"damage":0,"enemies":"Cultist","floor":10,"turns":3},{"damage":4,"enemies":"downfall:FleeingMerchant","floor":11,"turns":4},{"damage":17,"enemies":"Red Slaver","floor":12,"turns":3},{"damage":5,"enemies":"downfall:FleeingMerchant","floor":14,"turns":4},{"damage":10,"enemies":"3 Louse","floor":15,"turns":4},{"damage":43,"enemies":"downfall:Ironclad","floor":16,"turns":8},{"damage":33,"enemies":"Shell Parasite","floor":19,"turns":7},{"damage":27,"enemies":"3 Cultists","floor":20,"turns":7},{"damage":11,"enemies":"Centurion and Healer","floor":23,"turns":10},{"damage":56,"enemies":"Chosen and Byrds","floor":27,"turns":7},{"damage":24,"enemies":"Snake Plant","floor":28,"turns":5},{"damage":23,"enemies":"3 Cultists","floor":29,"turns":6},{"damage":54,"enemies":"Cultist and Chosen","floor":30,"turns":9},{"damage":24,"enemies":"Snake Plant","floor":31,"turns":3}],"seed_played":"1110392646231982032","potions_obtained":[{"floor":8,"key":"Ancient Potion"},{"floor":12,"key":"Fruit Juice"},{"floor":16,"key":"SteroidPotion"},{"floor":28,"key":"BlessingOfTheForge"},{"floor":29,"key":"Dexterity Potion"}],"is_trial":false,"path_per_floor":["R","?","?","M","$","R","T","M","R","M","$","M","R","$","M","B",null,"R","M","M","?","?","M","T","R","?","M","M","M","M","M"],"character_chosen":"THE_CHAMP","items_purchased":["champ:Backstep","champ:ShieldSigil","champ:Lariat"],"campfire_rested":1,"item_purchase_floors":[5,11,14],"current_hp_per_floor":[90,95,95,92,92,92,92,92,92,92,88,91,91,91,85,70,100,100,99,79,79,63,65,65,95,95,75,60,53,16,0,0,0],"gold":234,"neow_bonus":"RANDOM_COMMON_RELIC","is_daily":false,"chose_seed":false,"campfire_upgraded":5,"win_rate":0.0,"timestamp":1609687409,"path_taken":["R","?","?","M","$","R","T","?","R","M","$","M","R","?","M","BOSS","R","M","M","?","?","M","T","R","?","?","M","M","M","M"],"items_purchased_type":["Card","Card","Card"],"build_version":"2020-12-22","purchased_purges":0,"victory":false,"max_hp_per_floor":[90,95,95,95,95,95,95,95,95,95,95,100,100,100,100,100,100,100,100,100,100,100,100,100,100,100,100,100,100,100,100,100,100],"card_choices":[{"not_picked":["champ:RageSigil","champ:EnragedBash"],"picked":"champ:IronFortress","floor":4},{"not_picked":["champ:ArenaPreparation","champ:CrookedStrike"],"picked":"champ:FlashCut","floor":5},{"not_picked":["champ:CrookedStrike","champ:AdrenalArmor"],"picked":"champ:Aggression","floor":8},{"not_picked":["champ:CrookedStrike","champ:HeartStrike"],"picked":"champ:Control","floor":10},{"not_picked":["champ:ViciousMockery","champ:PerfectedStrike"],"picked":"champ:RageSigil","floor":11},{"not_picked":["champ:FocusedDefense","champ:ViciousMockery"],"picked":"champ:Control","floor":12},{"not_picked":["champ:RisingSlash","champ:ShieldWall"],"picked":"champ:EnragedBash","floor":14},{"not_picked":["champ:ShieldSigil","champ:RapidStrikes"],"picked":"champ:Backstep","floor":15},{"not_picked":["champ:DancingMaster","champ:Improvising"],"picked":"champ:SteelEdge","floor":16},{"not_picked":["champ:Haymaker","champ:ViciousMockery"],"picked":"champ:Duel","floor":19},{"not_picked":["champ:BringItOn","champ:DefensiveShout+1"],"picked":"champ:Control","floor":20},{"not_picked":["champ:GladiatorsShout+1","champ:Haymaker"],"picked":"champ:SkillfulDodge","floor":23},{"not_picked":["champ:StanceDance","champ:Aggression+1"],"picked":"champ:PerfectedStrike","floor":27},{"not_picked":["champ:Haymaker","champ:ArenaPreparation"],"picked":"champ:Shatter","floor":28},{"not_picked":["champ:AdrenalArmor","champ:Riposte+1"],"picked":"champ:MurderStrike","floor":29},{"not_picked":["champ:RageSigil","champ:IronFortress+1"],"picked":"champ:TornadoPunch","floor":30}],"player_experience":915704,"relics_obtained":[{"floor":7,"key":"Thread and Needle"},{"floor":17,"key":"Oddly Smooth Stone"},{"floor":17,"key":"Ornamental Fan"},{"floor":17,"key":"Bird Faced Urn"},{"floor":22,"key":"Necronomicon"},{"floor":24,"key":"Mummified Hand"}],"event_choices":[{"damage_healed":0,"gold_gain":0,"player_choice":"Donut","damage_taken":0,"max_hp_gain":5,"max_hp_loss":0,"event_name":"Big Fish","floor":2,"gold_loss":0},{"damage_healed":0,"gold_gain":0,"cards_transformed":["champ:Strike"],"player_choice":"Transformed","damage_taken":0,"max_hp_gain":0,"max_hp_loss":0,"event_name":"Transmorgrifier","floor":3,"gold_loss":0,"cards_obtained":["champ:BerserkerStyle"]},{"damage_healed":0,"gold_gain":0,"player_choice":"Ignored","damage_taken":0,"max_hp_gain":0,"max_hp_loss":0,"event_name":"Vampires","floor":21,"gold_loss":0}],"is_beta":false,"boss_relics":[{"not_picked":["Fusion Hammer","downfall:Hecktoplasm"],"picked":"Calling Bell"}],"items_purged_floors":[],"is_endless":false,"potions_floor_spawned":[8,12,16,28,29,30],"killed_by":"Snake Plant","ascension_level":0}}