{"host":"ox77rn1xcurm2t5a","time":1609634970,"event":{"mods":["2.2 Compatiblity","AchievementEnabler","Act Like it!","Aspiration","BaseMod","Best Route Mod","Better Match","Better Note","Better Sensory Stone","Block Reminder","Colored Map","Colored Powertips","Conjunction","Conspire","Custom Start","Energized Spire","GifTheSpireLib","Gold Saver","Gremlin Skip","Halation","Highlight Path","Hubris","Infinite Spire","Minty Spire (QoL Compilation)","Pale of the Ancients","Quick Restart","Replay The Spire","Reworked Bosses","ShortenTheSpire","Spire Exporter","StSLib","Stuff the Spire","Wandering Minibosses","vexMod"],"gold_per_floor":[110,120,139,64,64,64,89,89,113,113,144,144,144,155,155,260,260,274,287,39,39,39],"floor_reached":21,"playtime":403,"items_purged":["Strike_B"],"score":290,"play_id":"60fd5680-efdd-4ba3-b23c-01d2251d42b5","local_time":"20210103024930","is_ascension_mode":true,"campfire_choices":[{"data":"Streamline","floor":6,"key":"SMITH"},{"data":"Streamline","floor":8,"key":"SMITH"},{"data":"Zap","floor":13,"key":"SMITH"},{"floor":15,"key":"RECALL"}],"circlet_count":0,"master_deck":["AscendersBane","Strike_B","Strike_B","Strike_B","Defend_B","Defend_B","Defend_B","Defend_B","Zap+1","Dualcast","Streamline+1","Gash","Streamline+1","StuffTheSpire:Innocence","Machine Learning","Echo Form","Defragment+1"],"relics":["Cracked Core","NeowsBlessing","ReplayTheSpireMod:TigerMarble","StuffTheSpire:SapphireSignet"],"acts_visited":["Exordium","TheCity"],"potions_floor_usage":[7,7,14,19],"damage_taken":[{"damage":0,"enemies":"Cultist","floor":1,"turns":1},{"damage":0,"enemies":"2 Louse","floor":2,"turns":1},{"damage":0,"enemies":"Small Slimes","floor":3,"turns":1},{"damage":20,"enemies":"Gremlin Nob","floor":7,"turns":4},{"damage":11,"enemies":"Lagavulin","floor":11,"turns":6},{"damage":7,"enemies":"3 Louse","floor":14,"turns":2},{"damage":7,"enemies":"Hexaghost","floor":16,"turns":8},{"damage":20,"enemies":"Spheric Guardian","floor":18,"turns":4},{"damage":42,"enemies":"3 Byrds","floor":19,"turns":5},{"damage":0,"enemies":"Cultist and Chosen","floor":21,"turns":1}],"seed_played":"-5578671977889448127","potions_obtained":[{"floor":2,"key":"LiquidMemories"},{"floor":3,"key":"ColorlessPotion"},{"floor":11,"key":"SteroidPotion"},{"floor":18,"key":"EssenceOfDarkness"},{"floor":19,"key":"GamblersBrew"}],"is_trial":false,"path_per_floor":["M","M","M","$","?","R","E","R","T","?","E","?","R","M","R","B",null,"M","M","$","M"],"character_chosen":"DEFECT","items_purchased":["StuffTheSpire:SapphireSignet"],"campfire_rested":0,"item_purchase_floors":[20],"current_hp_per_floor":[68,68,68,68,68,68,48,48,48,48,37,37,37,30,30,23,62,46,4,4,4,4],"gold":39,"neow_bonus":"THREE_ENEMY_KILL","is_daily":false,"chose_seed":false,"campfire_upgraded":3,"win_rate":0.0,"timestamp":1609634970,"path_taken":["M","?","M","$","?","R","E","R","T","?","E","?","R","M","R","BOSS","M","M","$","M"],"items_purchased_type":["Relic"],"build_version":"2020-12-22","purchased_purges":1,"victory":false,"max_hp_per_floor":[75,75,75,75,75,75,75,75,75,75,75,75,75,75,75,75,75,75,75,75,75,75],"card_choices":[{"not_picked":["ReplayTheSpireMod:Calculation Training","Barrage"],"picked":"Streamline","floor":1},{"not_picked":["Doom and Gloom","Beam Cell"],"picked":"Gash","floor":2},{"not_picked":["Conserve Battery","ReplayTheSpireMod:GoodbyeWorld","StuffTheSpire:ShieldGenerator"],"picked":"SKIP","floor":3},{"not_picked":["Panic Button","Steam"],"picked":"Streamline","floor":7},{"not_picked":["StuffTheSpire:Vigor","StuffTheSpire:CelestialWarden"],"picked":"StuffTheSpire:Innocence","floor":10},{"not_picked":["Turbo","Go for the Eyes"],"picked":"Machine Learning","floor":11},{"not_picked":["Scrape","Beam Cell","Redo"],"picked":"SKIP","floor":14},{"not_picked":["Buffer","StuffTheSpire:LaunchingStrike"],"picked":"Echo Form","floor":16},{"not_picked":["Hello World","Leap","ReplayTheSpireMod:Dual Polarity"],"picked":"SKIP","floor":18},{"not_picked":["Panic Button","Redo"],"picked":"Defragment+1","floor":19}],"player_experience":2881829,"relics_obtained":[{"floor":7,"key":"Happy Flower"},{"floor":11,"key":"ReplayTheSpireMod:TigerMarble"}],"event_choices":[{"damage_healed":0,"gold_gain":0,"player_choice":"Disagree","damage_taken":0,"max_hp_gain":0,"max_hp_loss":0,"event_name":"conspire:LoneGhost","floor":5,"gold_loss":0},{"damage_healed":0,"gold_gain":0,"player_choice":"Ignored","damage_taken":0,"max_hp_gain":0,"max_hp_loss":0,"event_name":"Golden Idol","floor":12,"gold_loss":0}],"is_beta":false,"boss_relics":[{"not_picked":["energizedSpire:DeadBattery","vexMod:MegatonBomb","halation:Yufonium"]}],"items_purged_floors":[4],"is_endless":false,"potions_floor_spawned":[2,3,11,18,19],"killed_by":"Cultist and Chosen","ascension_level":11}}