{"host":"gx7yyrn1gkym3qpb","time":1609671021,"event":{"mods":["AchievementEnabler","BaseMod","Better Altar","Better Match","Better Note","Better Sensory Stone","Better Skull","Better Third Choice","Highlight Path","Minty Spire (QoL Compilation)","Permanent Neow","Quick Restart","StSLib","Unceasing Turn Reminder"],"gold_per_floor":[218,234,248,263,263,291,291,310,335,335,335],"floor_reached":10,"playtime":476,"items_purged":[],"score":126,"play_id":"fd7eeae2-ca3e-4557-bfc8-c712da00e6e1","local_time":"20210103055021","is_ascension_mode":true,"campfire_choices":[{"floor":7,"key":"REST"}],"circlet_count":0,"master_deck":["AscendersBane","Strike_G","Strike_G","Strike_G","Strike_G","Strike_G","Defend_G","Defend_G","Defend_G","Defend_G","Defend_G","Survivor","Neutralize","Caltrops","Caltrops","Bouncing Flask","PiercingWail","Blur","Backstab"],"relics":["Ring of the Snake","Calipers","Lantern"],"acts_visited":["Exordium"],"potions_floor_usage":[6,10],"damage_taken":[{"damage":1,"enemies":"Cultist","floor":1,"turns":5},{"damage":7,"enemies":"Jaw Worm","floor":2,"turns":5},{"damage":5,"enemies":"2 Louse","floor":3,"turns":4},{"damage":6,"enemies":"Red Slaver","floor":4,"turns":4},{"damage":33,"enemies":"Lagavulin","floor":6,"turns":11},{"damage":4,"enemies":"Lots of Slimes","floor":8,"turns":8},{"damage":26,"enemies":"3 Sentries","floor":10,"turns":8}],"seed_played":"-4705940883270385637","potions_obtained":[{"floor":1,"key":"FearPotion"},{"floor":3,"key":"SteroidPotion"},{"floor":4,"key":"DistilledChaos"}],"is_trial":false,"path_per_floor":["M","M","M","M","?","E","R","M","T","E"],"character_chosen":"THE_SILENT","items_purchased":[],"campfire_rested":1,"item_purchase_floors":[],"current_hp_per_floor":[58,51,46,40,40,7,26,22,22,0,0],"gold":335,"neow_bonus":"HUNDRED_GOLD","is_daily":false,"chose_seed":false,"campfire_upgraded":0,"win_rate":0.0,"timestamp":1609671021,"path_taken":["M","M","M","M","?","E","R","M","T","E"],"items_purchased_type":[],"build_version":"2020-12-22","purchased_purges":0,"victory":false,"max_hp_per_floor":[66,66,66,66,66,66,66,66,66,66,66],"card_choices":[{"not_picked":["Masterful Stab","Slice"],"picked":"Caltrops","floor":1},{"not_picked":["Bane","Quick Slash"],"picked":"Caltrops","floor":2},{"not_picked":["All Out Attack","Sucker Punch"],"picked":"Bouncing Flask","floor":3},{"not_picked":["Outmaneuver","Bane"],"picked":"PiercingWail","floor":4},{"not_picked":["Dagger Throw","Choke"],"picked":"Blur","floor":6},{"not_picked":["Dagger Throw","Dodge and Roll"],"picked":"Backstab","floor":8}],"player_experience":378481,"relics_obtained":[{"floor":6,"key":"Calipers"},{"floor":9,"key":"Lantern"}],"event_choices":[{"damage_healed":0,"gold_gain":0,"player_choice":"Ignored","damage_taken":263,"max_hp_gain":0,"max_hp_loss":0,"event_name":"betterThird:BetterSerpent","floor":5,"gold_loss":0}],"is_beta":false,"boss_relics":[],"items_purged_floors":[],"is_endless":false,"potions_floor_spawned":[1,3,4],"killed_by":"3 Sentries","ascension_level":16}}