{"host":"hm3ikmf8oxbtqms2","time":1609675450,"event":{"mods":["BaseMod","Best Route Mod","Bestiary","Better Vampires","Block Reminder","Colored Map","Colored Powertips","Curses Come First","DeckTracker","Displayed Cursed Tome","Highlight Path","Minty Spire (QoL Compilation)","Quick Restart","StSLib"],"gold_per_floor":[113,113,124,199,35,35,48,74,100,67,67,67,92,106,106,210,210,220,240,240,240,240,240,265,265,265,365,365,365,398,46,46,142,142,157,173,173,173,26,26,26,26,26,37,49,49,49],"floor_reached":46,"playtime":4238,"items_purged":["Defend_G"],"score":579,"play_id":"ec4ffce9-1f14-4a9f-9cbb-9ff349b443cf","local_time":"20210103070410","is_ascension_mode":true,"campfire_choices":[{"data":"Infinite Blades","floor":6.0,"key":"SMITH"},{"floor":11.0,"key":"REST"},{"floor":15.0,"key":"REST"},{"floor":23.0,"key":"REST"},{"floor":25.0,"key":"REST"},{"floor":32.0,"key":"REST"},{"data":"Cloak And Dagger","floor":40.0,"key":"SMITH"},{"data":"Neutralize","floor":42.0,"key":"SMITH"}],"circlet_count":0,"master_deck":["Strike_G","Strike_G","Defend_G+1","Defend_G","Defend_G","Defend_G+1","Survivor","Neutralize+1","Dagger Throw","Well Laid Plans","Blade Dance","Infinite Blades+1","Deadly Poison","Predator","Noxious Fumes","Footwork","Deflect","Phantasmal Killer+1","Malaise+1","Calculated Gamble+1","Dagger Spray+1","Dodge and Roll+1","Tactician","Blade Dance+1","Escape Plan+1","Cloak And Dagger+1","Die Die Die","Adrenaline","Underhanded Strike","Backflip+1","Catalyst+1","Riddle With Holes+1"],"relics":["Ring of the Snake","NeowsBlessing","Vajra","Omamori","War Paint","Astrolabe","Question Card","Calipers","Ornamental Fan","Mango","Bottled Lightning","Nunchaku","Lantern","HoveringKite","Pen Nib","Frozen Egg 2"],"acts_visited":["Exordium","TheCity","TheBeyond"],"potions_floor_usage":[],"damage_taken":[{"damage":0.0,"enemies":"2 Louse","floor":1.0,"turns":1.0},{"damage":0.0,"enemies":"Cultist","floor":3.0,"turns":1.0},{"damage":0.0,"enemies":"Jaw Worm","floor":7.0,"turns":1.0},{"damage":22.0,"enemies":"Lagavulin","floor":8.0,"turns":5.0},{"damage":26.0,"enemies":"Gremlin Nob","floor":13.0,"turns":5.0},{"damage":22.0,"enemies":"Exordium Thugs","floor":14.0,"turns":4.0},{"damage":2.0,"enemies":"The Guardian","floor":16.0,"turns":12.0},{"damage":20.0,"enemies":"3 Byrds","floor":18.0,"turns":5.0},{"damage":42.0,"enemies":"2 Thieves","floor":19.0,"turns":4.0},{"damage":2.0,"enemies":"Gremlin Leader","floor":24.0,"turns":8.0},{"damage":21.0,"enemies":"Colosseum Slavers","floor":27.0,"turns":3.0},{"damage":6.0,"enemies":"Colosseum Nobs","floor":27.0,"turns":5.0},{"damage":0.0,"enemies":"3 Cultists","floor":29.0,"turns":1.0},{"damage":20.0,"enemies":"Book of Stabbing","floor":30.0,"turns":6.0},{"damage":54.0,"enemies":"Automaton","floor":33.0,"turns":10.0},{"damage":8.0,"enemies":"3 Darklings","floor":35.0,"turns":3.0},{"damage":7.0,"enemies":"3 Shapes","floor":36.0,"turns":2.0},{"damage":39.0,"enemies":"Sphere and 2 Shapes","floor":44.0,"turns":4.0},{"damage":18.0,"enemies":"Spire Growth","floor":45.0,"turns":5.0},{"damage":31,"enemies":"2 Orb Walkers","floor":46,"turns":3}],"seed_played":"-3605221217524428311","potions_obtained":[{"floor":3.0,"key":"Fire Potion"},{"floor":8.0,"key":"Poison Potion"},{"floor":12.0,"key":"FairyPotion"},{"floor":12.0,"key":"Weak Potion"},{"floor":14.0,"key":"Weak Potion"},{"floor":16.0,"key":"GhostInAJar"},{"floor":19.0,"key":"Ancient Potion"},{"floor":24.0,"key":"Strength Potion"},{"floor":27.0,"key":"SmokeBomb"},{"floor":36.0,"key":"Fire Potion"}],"is_trial":false,"path_per_floor":["M","?","M","?","$","R","M","E","T","$","R","?","E","M","R","B",null,"M","M","?","?","?","R","E","R","T","?","?","M","E","$","R","B",null,"M","M","?","?","$","R","$","R","T","M","M","?"],"character_chosen":"THE_SILENT","items_purchased":["Infinite Blades","Deadly Poison","Predator","Noxious Fumes","Cloak And Dagger","Lantern","Die Die Die","Pen Nib"],"campfire_rested":5,"item_purchase_floors":[5,5,5,10,31,31,31,39],"current_hp_per_floor":[70,70,70,59,59,59,59,37,37,37,58,58,32,10,31,29,70,50,8,8,8,8,29,27,48,48,35,35,35,15,15,40,25,84,76,69,69,69,69,69,69,69,69,30,12,0,0],"gold":49,"neow_bonus":"THREE_ENEMY_KILL","is_daily":false,"chose_seed":false,"campfire_upgraded":3,"win_rate":0.0,"timestamp":1609675450,"path_taken":["M","?","?","?","$","R","M","E","T","?","R","?","E","?","R","BOSS","M","M","?","?","?","R","E","R","T","?","?","?","E","$","R","BOSS","M","M","?","?","?","R","$","R","T","M","?","?"],"items_purchased_type":["Card","Card","Card","Card","Card","Relic","Card","Relic"],"build_version":"2020-12-22","purchased_purges":1,"victory":false,"max_hp_per_floor":[70,70,70,70,70,70,70,70,70,70,70,70,70,70,70,70,70,70,70,70,70,70,70,70,70,70,84,84,84,84,84,84,84,84,84,84,80,80,80,80,80,80,80,80,80,80,80],"card_choices":[{"not_picked":["Poisoned Stab","Tactician"],"picked":"Dagger Throw","floor":1.0},{"not_picked":["Riddle With Holes","Backflip"],"picked":"Blade Dance","floor":3.0},{"not_picked":["Reflex","Masterful Stab","Escape Plan"],"picked":"SKIP","floor":7.0},{"not_picked":["Quick Slash","Predator"],"picked":"Malaise","floor":8.0},{"not_picked":["Predator","Backflip"],"picked":"Footwork","floor":13.0},{"not_picked":["PiercingWail","Quick Slash"],"picked":"Deflect","floor":14.0},{"not_picked":["Tactician","Bane"],"picked":"Dagger Spray+1","floor":18.0},{"not_picked":["Deflect+1","Blade Dance"],"picked":"Dodge and Roll+1","floor":19.0},{"not_picked":["Blade Dance","After Image","Expertise"],"picked":"Tactician","floor":24.0},{"not_picked":["Leg Sweep+1","Flying Knee","Deflect"],"picked":"Blade Dance+1","floor":27.0},{"not_picked":["Dagger Spray","Riddle With Holes","Backflip"],"picked":"Escape Plan+1","floor":30.0},{"not_picked":["Wraith Form v2","Die Die Die","Doppelganger"],"picked":"Adrenaline","floor":33.0},{"not_picked":["Slice+1","Bane","Dash+1"],"picked":"Underhanded Strike","floor":35.0},{"not_picked":["Poisoned Stab","Choke+1","Slice"],"picked":"Backflip+1","floor":36.0},{"not_picked":["Underhanded Strike+1","Distraction","Flying Knee"],"picked":"Catalyst+1","floor":44.0},{"not_picked":["Caltrops+1","Slice+1","Underhanded Strike+1"],"picked":"Riddle With Holes+1","floor":45.0}],"player_experience":283394,"relics_obtained":[{"floor":8.0,"key":"Vajra"},{"floor":9.0,"key":"Omamori"},{"floor":13.0,"key":"War Paint"},{"floor":24.0,"key":"Calipers"},{"floor":26.0,"key":"Ornamental Fan"},{"floor":27.0,"key":"Mango"},{"floor":27.0,"key":"Bottled Lightning"},{"floor":30.0,"key":"Nunchaku"},{"floor":43.0,"key":"Frozen Egg 2"}],"event_choices":[{"damage_healed":0.0,"max_hp_gain":0.0,"max_hp_loss":0.0,"gold_gain":0.0,"cards_transformed":["Strike_G"],"event_name":"Transmorgrifier","player_choice":"Transformed","floor":2.0,"gold_loss":0.0,"damage_taken":0.0,"cards_obtained":["Well Laid Plans"]},{"damage_healed":0.0,"max_hp_gain":0.0,"max_hp_loss":0.0,"gold_gain":75.0,"event_name":"World of Goop","player_choice":"Gather Gold","floor":4.0,"gold_loss":0.0,"damage_taken":11.0},{"damage_healed":0.0,"max_hp_gain":0.0,"max_hp_loss":0.0,"gold_gain":0.0,"event_name":"Lab","player_choice":"Got Potions","floor":12.0,"gold_loss":0.0,"damage_taken":0.0},{"damage_healed":0.0,"max_hp_gain":0.0,"max_hp_loss":0.0,"gold_gain":0.0,"event_name":"Beggar","player_choice":"Ignored","floor":20.0,"gold_loss":0.0,"damage_taken":0.0},{"damage_healed":0.0,"max_hp_gain":0.0,"max_hp_loss":0.0,"gold_gain":0.0,"event_name":"The Mausoleum","player_choice":"Opened","floor":22.0,"gold_loss":0.0,"damage_taken":0.0,"relics_obtained":["Question Card"]},{"damage_healed":0.0,"max_hp_gain":0.0,"max_hp_loss":0.0,"gold_gain":0.0,"event_name":"Colosseum","player_choice":"Fight","floor":27.0,"gold_loss":0.0,"damage_taken":0.0},{"damage_healed":0.0,"max_hp_gain":0.0,"max_hp_loss":0.0,"gold_gain":0.0,"event_name":"Colosseum","player_choice":"Fought Nobs","floor":27.0,"gold_loss":0.0,"damage_taken":0.0},{"damage_healed":0.0,"max_hp_gain":0.0,"max_hp_loss":0.0,"gold_gain":0.0,"event_name":"Forgotten Altar","player_choice":"Smashed Altar","floor":28.0,"gold_loss":0.0,"damage_taken":0.0,"cards_obtained":["Decay"]},{"damage_healed":0.0,"max_hp_gain":0.0,"max_hp_loss":4.0,"gold_gain":0.0,"event_name":"Winding Halls","player_choice":"Max HP","floor":37.0,"gold_loss":0.0,"damage_taken":0.0},{"damage_healed":0.0,"max_hp_gain":0.0,"max_hp_loss":0.0,"gold_gain":0.0,"event_name":"Tomb of Lord Red Mask","player_choice":"Ignored","floor":38.0,"gold_loss":0.0,"damage_taken":0.0},{"damage_healed":0,"gold_gain":0,"player_choice":"Fight","damage_taken":0,"max_hp_gain":0,"max_hp_loss":0,"event_name":"Mysterious Sphere","floor":46,"gold_loss":0}],"is_beta":false,"boss_relics":[{"not_picked":["Runic Pyramid","Ectoplasm"],"picked":"Astrolabe"},{"not_picked":["Tiny House","Calling Bell"],"picked":"HoveringKite"}],"items_purged_floors":[31],"is_endless":false,"potions_floor_spawned":[3,8,14,16,19,24,27,27,36],"killed_by":"2 Orb Walkers","ascension_level":4}}