{"host":"Bilverbakes","time":1609649165,"event":{"mods":["2.2 Compatiblity","AchievementEnabler","BaseMod","Bestiary","Colored Map","Minty Spire (QoL Compilation)","Relic Stats","StSLib","ojb\u0027s Info Mod"],"gold_per_floor":[111,122,122,87,104,132,145,145,145,145,162,162,0,30,30,104,104,114,40,40,56,70,70,101,101,150,150,165,165,165],"floor_reached":29,"playtime":1746,"items_purged":[],"score":468,"play_id":"87205b95-803b-42f3-b5c0-4ec6dd2da87f","local_time":"20210102224605","is_ascension_mode":true,"campfire_choices":[{"data":"Defragment","floor":8,"key":"SMITH"},{"data":"Go for the Eyes","floor":12,"key":"SMITH"},{"data":"Machine Learning","floor":15,"key":"SMITH"},{"data":"Hologram","floor":23,"key":"SMITH"}],"circlet_count":0,"master_deck":["AscendersBane","Strike_B+1","Defend_B","Defend_B","Defend_B+1","Defend_B","Zap","Dualcast","Compile Driver","Ball Lightning","Defragment+1","Cold Snap","Go for the Eyes+1","Lockon","Undo","Defragment+1","Machine Learning+1","Rainbow","Skim","Hologram+1","FTL+1","Doom and Gloom","Hyperbeam","Sweeping Beam","Pain","Coolheaded"],"relics":["Coffee Dripper","Mercury Hourglass","Pantograph","DollysMirror","StrikeDummy","Cursed Key","Smiling Mask","Juzu Bracelet"],"acts_visited":["Exordium","TheCity"],"potions_floor_usage":[14,27],"damage_taken":[{"damage":9,"enemies":"Small Slimes","floor":1,"turns":4},{"damage":4,"enemies":"2 Louse","floor":2,"turns":2},{"damage":7,"enemies":"Jaw Worm","floor":5,"turns":3},{"damage":13,"enemies":"Lagavulin","floor":6,"turns":7},{"damage":1,"enemies":"Looter","floor":7,"turns":3},{"damage":6,"enemies":"Red Slaver","floor":11,"turns":2},{"damage":10,"enemies":"Gremlin Nob","floor":14,"turns":3},{"damage":13,"enemies":"Hexaghost","floor":16,"turns":6},{"damage":14,"enemies":"2 Thieves","floor":18,"turns":3},{"damage":1,"enemies":"Spheric Guardian","floor":21,"turns":4},{"damage":2,"enemies":"3 Cultists","floor":22,"turns":5},{"damage":9,"enemies":"Book of Stabbing","floor":24,"turns":4},{"damage":16,"enemies":"Colosseum Slavers","floor":27,"turns":2},{"damage":2,"enemies":"Snecko","floor":28,"turns":4},{"damage":1,"enemies":"Cultist and Chosen","floor":29,"turns":2}],"seed_played":"-2592838760480007325","potions_obtained":[{"floor":6,"key":"CultistPotion"},{"floor":7,"key":"LiquidMemories"},{"floor":18,"key":"GamblersBrew"},{"floor":22,"key":"DistilledChaos"}],"is_trial":false,"path_per_floor":["M","M","?","?","M","E","M","R","T","?","M","R","$","E","R","B",null,"M","$","$","M","M","R","E","?","T","?","M","M"],"character_chosen":"DEFECT","items_purchased":["DollysMirror","Skim"],"campfire_rested":0,"item_purchase_floors":[13,19],"current_hp_per_floor":[55,51,51,68,61,48,47,47,47,26,20,20,20,10,10,22,59,45,45,45,44,42,42,33,33,33,17,15,14,14],"gold":165,"neow_bonus":"BOSS_RELIC","is_daily":false,"chose_seed":false,"campfire_upgraded":4,"win_rate":0.0,"timestamp":1609649165,"path_taken":["M","M","?","?","M","E","M","R","T","?","M","R","?","E","R","BOSS","M","?","$","M","M","R","E","?","T","?","M","M"],"items_purchased_type":["Relic","Card"],"build_version":"2020-12-18","purchased_purges":0,"victory":false,"max_hp_per_floor":[71,71,71,71,71,71,71,71,71,71,71,71,71,71,71,71,71,71,71,71,71,71,71,71,71,71,71,71,71,71],"relic_stats":{"counters":[15,54],"Pantograph":25,"Juzu Bracelet":0,"Cursed Key":1,"Smiling Mask":0,"obtain_stats":[{"DollysMirror":13,"Pantograph":9,"Coffee Dripper":0,"Juzu Bracelet":26,"Cracked Core":0,"StrikeDummy":14,"Cursed Key":17,"Smiling Mask":24,"Mercury Hourglass":6},{"DollysMirror":6,"Pantograph":5,"Coffee Dripper":0,"Juzu Bracelet":12,"Cracked Core":0,"StrikeDummy":7,"Cursed Key":8,"Smiling Mask":12,"Mercury Hourglass":4},{"DollysMirror":21,"Pantograph":19,"Coffee Dripper":0,"Juzu Bracelet":46,"Cracked Core":0,"StrikeDummy":24,"Cursed Key":30,"Smiling Mask":46,"Mercury Hourglass":16}],"Mercury Hourglass":[147]},"card_choices":[{"not_picked":["Rebound","Beam Cell"],"picked":"Compile Driver","floor":1},{"not_picked":["Heatsinks","Go for the Eyes"],"picked":"Ball Lightning","floor":2},{"not_picked":["Go for the Eyes","Streamline"],"picked":"Cold Snap","floor":5},{"not_picked":["Gash","Turbo"],"picked":"Go for the Eyes","floor":6},{"not_picked":["Gash","Beam Cell"],"picked":"Lockon","floor":7},{"not_picked":["Static Discharge","Streamline"],"picked":"Undo","floor":11},{"not_picked":["Stack","Aggregate"],"picked":"Machine Learning","floor":14},{"not_picked":["Creative AI","Core Surge"],"picked":"Rainbow","floor":16},{"not_picked":["Melter","Scrape+1","Conserve Battery"],"picked":"SKIP","floor":18},{"not_picked":["Heatsinks+1","Leap"],"picked":"Hologram","floor":21},{"not_picked":["Barrage","Steam"],"picked":"FTL+1","floor":22},{"not_picked":["Core Surge","Cold Snap+1"],"picked":"Doom and Gloom","floor":24},{"not_picked":["Turbo","Barrage"],"picked":"Coolheaded","floor":28}],"player_experience":554991,"relics_obtained":[{"floor":6,"key":"Mercury Hourglass"},{"floor":9,"key":"Pantograph"},{"floor":14,"key":"StrikeDummy"},{"floor":24,"key":"Smiling Mask"},{"floor":26,"key":"Juzu Bracelet"}],"event_choices":[{"damage_healed":0,"gold_gain":0,"cards_transformed":["Strike_B"],"player_choice":"Change","damage_taken":0,"max_hp_gain":0,"max_hp_loss":0,"event_name":"Living Wall","floor":3,"gold_loss":0,"cards_obtained":["Defragment"]},{"damage_healed":17,"gold_gain":0,"player_choice":"Healed","damage_taken":0,"max_hp_gain":0,"max_hp_loss":0,"event_name":"The Cleric","floor":4,"gold_loss":35},{"damage_healed":0,"gold_gain":0,"player_choice":"Entered Light","damage_taken":21,"max_hp_gain":0,"max_hp_loss":0,"event_name":"Shining Light","floor":10,"gold_loss":0,"cards_upgraded":["Strike_B","Defend_B"]},{"damage_healed":0,"gold_gain":0,"cards_transformed":["Strike_B","Strike_B"],"player_choice":"Became Test Subject","damage_taken":0,"max_hp_gain":0,"max_hp_loss":0,"event_name":"Drug Dealer","floor":25,"gold_loss":0,"cards_obtained":["Hyperbeam","Sweeping Beam"]},{"damage_healed":0,"gold_gain":0,"player_choice":"Fight","damage_taken":0,"max_hp_gain":0,"max_hp_loss":0,"event_name":"Colosseum","floor":27,"gold_loss":0},{"damage_healed":0,"gold_gain":0,"player_choice":"Fled From Nobs","damage_taken":0,"max_hp_gain":0,"max_hp_loss":0,"event_name":"Colosseum","floor":27,"gold_loss":0}],"is_beta":true,"boss_relics":[{"not_picked":["Ectoplasm","Sozu"],"picked":"Cursed Key"}],"items_purged_floors":[],"is_endless":false,"potions_floor_spawned":[6,7,18,22,27],"killed_by":"Cultist and Chosen","ascension_level":17}}