{"host":"73u9ojxmo0iakdto","time":1609636925,"event":{"mods":["BaseMod","Better Third Choice","Downfall","Minty Spire (QoL Compilation)","Permanent Neow","StSLib"],"gold_per_floor":[153,153,228,153,111,192,285,285,285,285],"floor_reached":8,"playtime":464,"items_purged":[],"score":324,"play_id":"7c2b7392-ab29-4ab2-95b5-22efd8246827","local_time":"20210102192205","daily_mods":["SealedDeck","Vintage","Heirloom","Time Dilation","Flight","downfall:Lament","DeadlyEvents","Elite Swarm","Midas"],"is_ascension_mode":true,"campfire_choices":[],"circlet_count":0,"master_deck":["AscendersBane","hexamod:Firestarter","hexamod:Firestarter","hexamod:Firestarter+1","hexamod:InspiringFlames","hexamod:BurningTouch+1","hexamod:BurningTouch","hexamod:RadiantFlame","hexamod:GhostOfSpirePast","hexamod:FirstSeal","hexamod:ThirdSeal","hexamod:TimeOfNeed","hexamod:EmpoweringStance","hexamod:SixthSeal","hexamod:SixthSeal"],"relics":["hexamod:SpiritBrand","NeowsBlessing","Ice Cream","Incense Burner","Darkstone Periapt","PreservedInsect"],"acts_visited":["Exordium"],"potions_floor_usage":[],"damage_taken":[{"damage":0,"enemies":"Jaw Worm","floor":1,"turns":1},{"damage":0,"enemies":"Lagavulin","floor":6,"turns":3},{"damage":0,"enemies":"3 Sentries","floor":7,"turns":2},{"damage":46,"enemies":"Gremlin Nob","floor":8,"turns":4}],"seed_played":"4711282086677791806","potions_obtained":[],"is_trial":true,"path_per_floor":["M","?","?","?","$","E","E","E"],"character_chosen":"THE_SPIRIT","items_purchased":["hexamod:ThirdSeal"],"campfire_rested":0,"item_purchase_floors":[5],"current_hp_per_floor":[57,38,27,27,27,34,41,0,0,0],"gold":285,"neow_bonus":"","is_daily":false,"chose_seed":false,"campfire_upgraded":0,"win_rate":0.0,"timestamp":1609636925,"path_taken":["M","?","?","?","?","E","E","E"],"items_purchased_type":["Card"],"build_version":"2020-12-22","purchased_purges":0,"victory":false,"max_hp_per_floor":[63,63,63,63,63,63,63,63,63,63],"card_choices":[{"not_picked":["hexamod:Toasty","hexamod:ParanormalForm"],"picked":"hexamod:TimeOfNeed","floor":6},{"not_picked":["hexamod:TurnItUp","hexamod:Toasty"],"picked":"hexamod:EmpoweringStance","floor":6},{"not_picked":["hexamod:SearingWound","hexamod:GhostflameInferno"],"picked":"hexamod:SixthSeal","floor":7},{"not_picked":["hexamod:Toasty","hexamod:TimeWarp"],"picked":"hexamod:SixthSeal","floor":7}],"player_experience":216597,"relics_obtained":[{"floor":1,"key":"Incense Burner"},{"floor":6,"key":"Darkstone Periapt"},{"floor":7,"key":"PreservedInsect"}],"event_choices":[{"damage_healed":57,"gold_gain":0,"player_choice":"Upgrade","damage_taken":19,"max_hp_gain":0,"max_hp_loss":63,"event_name":"betterThird:BetterShining","floor":2,"gold_loss":0,"cards_upgraded":["hexamod:Firestarter","hexamod:BurningTouch"]},{"damage_healed":0,"gold_gain":75,"player_choice":"Gold","damage_taken":11,"max_hp_gain":0,"max_hp_loss":0,"event_name":"betterThird:BetterGoop","floor":3,"gold_loss":0},{"cards_removed":["hexamod:BurningTouch"],"damage_healed":0,"gold_gain":0,"player_choice":"Card Removal","damage_taken":0,"max_hp_gain":0,"max_hp_loss":0,"event_name":"The Cleric","floor":4,"gold_loss":75}],"is_beta":false,"boss_relics":[],"items_purged_floors":[],"is_endless":true,"potions_floor_spawned":[],"killed_by":"Gremlin Nob","ascension_level":20}}