{"host":"sfkslwp4t49i7lrt","time":1609687593,"event":{"mods":["BaseMod","Bestiary","Block Reminder","Downfall","Highlight Path","Minty Spire (QoL Compilation)","Relic Stats","StSLib","everything is the same but u backflip on backflip","slay the spire mod where everything is the same but ironclad has a cowboy hat"],"gold_per_floor":[99,114,125,225,225,238,238,238,238,257,267,267,278,278,291,394,394,394,394,394,394,394,429,429,23,23,40,40,40,65,87,106,201,201,101,114,114,131,116,135,135,135,146,176,0,0,64,114,131,131,131,162,31,31,31],"floor_reached":56,"playtime":3779,"items_purged":["hexamod:Strike","hexamod:Strike","hexamod:Strike"],"score":1625,"play_id":"c290acc5-2059-4bd6-847d-6a9c19d085e4","local_time":"20210103222633","is_ascension_mode":true,"campfire_choices":[{"data":"hexamod:Float","floor":1.0,"key":"SMITH"},{"data":"hexamod:SkipABeat","floor":9.0,"key":"SMITH"},{"data":"hexamod:FastForward","floor":18.0,"key":"SMITH"},{"data":"hexamod:ShieldOfDarkness","floor":26,"key":"SMITH"},{"data":"hexamod:ThermalTransfer","floor":28,"key":"SMITH"},{"floor":35,"key":"RECALL"},{"data":"expansioncontent:FaceSlap","floor":45,"key":"SMITH"},{"data":"expansioncontent:StudyTheSpire","floor":54,"key":"SMITH"}],"circlet_count":0,"master_deck":["hexamod:Defend","hexamod:Defend","hexamod:Defend","hexamod:Defend","hexamod:Sear","hexamod:Float+1","hexamod:ThermalTransfer+1","hexamod:ShieldOfDarkness+1","hexamod:SkipABeat+1","hexamod:FastForward+1","hexamod:StepThrough","hexamod:SwordOfDarkness","hexamod:SpectersWail","hexamod:CatchUp+1","hexamod:FirstSeal","hexamod:TimeOfNeed","hexamod:EmpoweredFlame+1","expansioncontent:FaceSlap+1","expansioncontent:ChargeUp","expansioncontent:ChargeUp","hexamod:GhostOfSpireFuture+1","expansioncontent:StudyTheSpire+1"],"relics":["hexamod:SpiritBrand","Happy Flower","Omamori","HornCleat","Coffee Dripper","The Courier","PreservedInsect","Membership Card","hexamod:InflammatoryLetter","Eternal Feather","hexamod:TheBrokenSeal","Velvet Choker","downfall:HeartBlessingBlue","hexamod:CandleOfCauterizing","Lizard Tail","downfall:HeartBlessingRed","downfall:HeartBlessingGreen","Calling Bell","Juzu Bracelet","Pantograph","Calipers","MealTicket","Letter Opener","Blood Vial","Guardian:GemstoneGun","Akabeko"],"acts_visited":["Exordium","TheCity","TheBeyond","TheEnding"],"potions_floor_usage":[23,30,39,50,50,50,55,55],"damage_taken":[{"damage":1.0,"enemies":"Cultist","floor":2.0,"turns":3.0},{"damage":2.0,"enemies":"Jaw Worm","floor":3.0,"turns":3.0},{"damage":0.0,"enemies":"Small Slimes","floor":6.0,"turns":3.0},{"damage":0.0,"enemies":"Red Slaver","floor":10.0,"turns":5.0},{"damage":0.0,"enemies":"Large Slime","floor":11.0,"turns":5.0},{"damage":12.0,"enemies":"Lots of Slimes","floor":13.0,"turns":6.0},{"damage":0.0,"enemies":"2 Fungi Beasts","floor":15.0,"turns":3.0},{"damage":58.0,"enemies":"downfall:Watcher","floor":16.0,"turns":13.0},{"damage":0.0,"enemies":"Chosen","floor":19.0,"turns":1.0},{"damage":41,"enemies":"Slavers","floor":23,"turns":8},{"damage":0,"enemies":"downfall:FleeingMerchant","floor":25,"turns":4},{"damage":23,"enemies":"Spheric Guardian","floor":27,"turns":6},{"damage":0,"enemies":"Snecko","floor":30,"turns":5},{"damage":36,"enemies":"Chosen and Byrds","floor":31,"turns":8},{"damage":13,"enemies":"Cultist and Chosen","floor":32,"turns":5},{"damage":51,"enemies":"downfall:Defect","floor":33,"turns":10},{"damage":7,"enemies":"3 Shapes","floor":36,"turns":5},{"damage":0,"enemies":"Orb Walker","floor":38,"turns":3},{"damage":0,"enemies":"downfall:FleeingMerchant","floor":39,"turns":4},{"damage":26,"enemies":"3 Darklings","floor":40,"turns":5},{"damage":15,"enemies":"Writhing Mass","floor":43,"turns":5},{"damage":22,"enemies":"Giant Head","floor":44,"turns":7},{"damage":0,"enemies":"downfall:FleeingMerchant","floor":47,"turns":4},{"damage":12,"enemies":"downfall:FleeingMerchant","floor":48,"turns":6},{"damage":12,"enemies":"Spire Growth","floor":49,"turns":5},{"damage":38,"enemies":"downfall:Ironclad","floor":50,"turns":13},{"damage":38,"enemies":"downfall:CharBossMerchant","floor":52,"turns":9},{"damage":23,"enemies":"downfall:NeowBoss","floor":55,"turns":48}],"seed_played":"-1077627941897670914","potions_obtained":[{"floor":2.0,"key":"Regen Potion"},{"floor":10.0,"key":"LiquidMemories"},{"floor":13.0,"key":"PowerPotion"},{"floor":16.0,"key":"SneckoOil"},{"floor":23,"key":"LiquidBronze"},{"floor":30,"key":"Strength Potion"},{"floor":31,"key":"LiquidMemories"},{"floor":33,"key":"EntropicBrew"},{"floor":40,"key":"DuplicationPotion"},{"floor":52,"key":"Dexterity Potion"}],"is_trial":false,"path_per_floor":["R","M","M","?","?","M","T","?","R","M","M","?","M","?","M","B",null,"R","M","?","?","?","E","T","$","R","M","R","T","M","M","M","B",null,"R","M","?","M","$","M","T","?","M","E","R","?","?","?","M","B",null,"E","$","R","B",null],"character_chosen":"THE_SPIRIT","items_purchased":["Membership Card","hexamod:FirstSeal","hexamod:InflammatoryLetter","Eternal Feather","MealTicket","Letter Opener","Blood Vial","expansioncontent:StudyTheSpire"],"campfire_rested":0,"item_purchase_floors":[25,25,25,25,47,47,47,53],"current_hp_per_floor":[63,62,60,60,57,57,57,57,57,57,57,70,58,58,58,14,56,56,56,56,56,56,15,15,15,24,8,20,20,27,63,57,13,63,82,82,72,72,79,60,60,60,52,37,49,49,56,78,75,59,82,53,68,80,74],"gold":31,"neow_bonus":"RANDOM_COMMON_RELIC","is_daily":false,"chose_seed":false,"campfire_upgraded":7,"win_rate":0.0,"timestamp":1609687593,"path_taken":["R","M","M","?","?","M","T","?","R","?","M","?","?","?","M","BOSS","R","M","?","?","?","E","T","$","R","M","R","?","?","M","M","BOSS","R","M","?","M","$","M","T","?","M","E","R","?","?","?","M","BOSS","E","$","R","BOSS"],"items_purchased_type":["Relic","Card","Relic","Relic","Relic","Relic","Relic","Card"],"build_version":"2020-12-22","purchased_purges":3,"victory":true,"max_hp_per_floor":[70,70,70,70,70,70,70,70,70,70,70,70,70,70,70,70,70,70,70,70,70,70,70,70,70,70,70,70,70,70,80,80,80,80,90,90,90,90,90,90,90,90,90,90,90,90,90,90,90,90,90,90,90,90,90],"relic_stats":{"Blood Vial":10,"Lizard Tail":0,"Happy Flower":[67],"counters":[28,202],"Pantograph":46,"Eternal Feather":54,"MealTicket":15,"PreservedInsect":350,"Juzu Bracelet":1,"Letter Opener":[264],"obtain_stats":[{"Calipers":46,"downfall:HeartBlessingGreen":45,"Juzu Bracelet":46,"Blood Vial":47,"Lizard Tail":44,"HornCleat":7,"downfall:BrokenWingStatue":14,"downfall:HeartBlessingBlue":35,"Pantograph":46,"MealTicket":47,"hexamod:SpiritBrand":0,"hexamod:CandleOfCauterizing":41,"Happy Flower":0,"downfall:HeartBlessingRed":45,"Guardian:GemstoneGun":48,"hexamod:TheBrokenSeal":31,"Velvet Choker":34,"Eternal Feather":25,"The Courier":23,"PreservedInsect":24,"hexamod:InflammatoryLetter":25,"Omamori":5,"Letter Opener":47,"Akabeko":52,"Calling Bell":46,"Coffee Dripper":17,"Membership Card":25},{"Calipers":22,"downfall:HeartBlessingGreen":22,"Juzu Bracelet":22,"Blood Vial":23,"Lizard Tail":22,"HornCleat":3,"downfall:BrokenWingStatue":6,"downfall:HeartBlessingBlue":16,"Pantograph":22,"MealTicket":23,"hexamod:SpiritBrand":0,"hexamod:CandleOfCauterizing":20,"Happy Flower":0,"downfall:HeartBlessingRed":22,"Guardian:GemstoneGun":24,"hexamod:TheBrokenSeal":14,"Velvet Choker":16,"Eternal Feather":11,"The Courier":10,"PreservedInsect":10,"hexamod:InflammatoryLetter":11,"Omamori":2,"Letter Opener":23,"Akabeko":27,"Calling Bell":22,"Coffee Dripper":8,"Membership Card":11},{"Calipers":117,"downfall:HeartBlessingGreen":117,"Juzu Bracelet":117,"Blood Vial":121,"Lizard Tail":117,"HornCleat":9,"downfall:BrokenWingStatue":25,"downfall:HeartBlessingBlue":88,"Pantograph":117,"MealTicket":121,"hexamod:SpiritBrand":0,"hexamod:CandleOfCauterizing":105,"Happy Flower":0,"downfall:HeartBlessingRed":117,"Guardian:GemstoneGun":127,"hexamod:TheBrokenSeal":68,"Velvet Choker":88,"Eternal Feather":54,"The Courier":50,"PreservedInsect":50,"hexamod:InflammatoryLetter":54,"Omamori":6,"Letter Opener":121,"Akabeko":154,"Calling Bell":117,"Coffee Dripper":41,"Membership Card":54}]},"card_choices":[{"not_picked":["hexamod:ThirdSeal","hexamod:GhostLash"],"picked":"hexamod:ThermalTransfer","floor":2.0},{"not_picked":["hexamod:InspiringFlames","hexamod:RetreatToShadows"],"picked":"hexamod:ShieldOfDarkness","floor":3.0},{"not_picked":["hexamod:HauntingEcho","hexamod:ThermalTransfer"],"picked":"hexamod:SkipABeat","floor":6.0},{"not_picked":["hexamod:GhostLash","hexamod:ShieldOfDarkness"],"picked":"hexamod:NecessarySacrifice","floor":10.0},{"not_picked":["hexamod:SpectersWail","hexamod:FourthSeal"],"picked":"hexamod:FastForward","floor":11.0},{"not_picked":["hexamod:ThermalTransfer","hexamod:HauntingEcho"],"picked":"hexamod:StepThrough","floor":13.0},{"not_picked":["hexamod:FlamesFromBeyond","hexamod:SpectersWail","hexamod:HauntingEcho"],"picked":"SKIP","floor":15.0},{"not_picked":["hexamod:TimeOfNeed","hexamod:Toasty"],"picked":"hexamod:FifthSeal","floor":16.0},{"not_picked":["hexamod:Again","hexamod:DynamicBlow","hexamod:SpectralAdrenaline+1"],"picked":"SKIP","floor":19.0},{"not_picked":["hexamod:FourthSeal","hexamod:SecondSeal"],"picked":"hexamod:ThirdSeal","floor":23},{"not_picked":["hexamod:Hexaguard","hexamod:EmpoweringStance"],"picked":"hexamod:SwordOfDarkness","floor":23},{"not_picked":["hexamod:SecondSeal","hexamod:FourthSeal"],"picked":"hexamod:SixthSeal","floor":25},{"not_picked":["hexamod:AdvancingGuard+1","hexamod:PhantomFireball","hexamod:GhostShield"],"picked":"SKIP","floor":25},{"not_picked":["hexamod:GhostLash","hexamod:InspiringFlames","hexamod:SwordOfDarkness"],"picked":"SKIP","floor":25},{"not_picked":["hexamod:BurningTouch","hexamod:Hexaguard"],"picked":"hexamod:SpectersWail","floor":27},{"not_picked":["hexamod:SixthSeal","hexamod:ThirdSeal"],"picked":"hexamod:SecondSeal","floor":27},{"not_picked":["hexamod:NightmareGuise","hexamod:SwordOfDarkness","hexamod:Again+1"],"picked":"SKIP","floor":27},{"not_picked":["hexamod:ThirdSeal","hexamod:SecondSeal"],"picked":"hexamod:FourthSeal","floor":30},{"not_picked":["hexamod:HeatCrush","hexamod:EmpoweringStance"],"picked":"hexamod:CatchUp+1","floor":30},{"not_picked":["hexamod:SecondSeal","hexamod:FourthSeal"],"picked":"hexamod:FirstSeal","floor":31},{"not_picked":["hexamod:BacktrackSmack+1","hexamod:HauntingEcho","hexamod:FlamesFromBeyond"],"picked":"SKIP","floor":31},{"not_picked":["hexamod:Firestarter","hexamod:GhostLash","hexamod:NightmareGuise"],"picked":"SKIP","floor":32},{"not_picked":["hexamod:WildfireWeapon","hexamod:FifthSeal"],"picked":"hexamod:TimeOfNeed","floor":33},{"not_picked":["hexamod:NightmareStrike","hexamod:AdvancingGuard"],"picked":"hexamod:EmpoweredFlame+1","floor":36},{"not_picked":["expansioncontent:BronzeBeam","expansioncontent:Flail"],"picked":"expansioncontent:FaceSlap","floor":37},{"not_picked":["expansioncontent:GuardianWhirl","expansioncontent:BronzeBeam"],"picked":"expansioncontent:ChargeUp","floor":37},{"not_picked":["expansioncontent:TimeRipple","expansioncontent:GoopSpray"],"picked":"expansioncontent:ChargeUp","floor":37},{"not_picked":["hexamod:SpectralAdrenaline+1","hexamod:Haunt","hexamod:NightmareGuise"],"picked":"SKIP","floor":38},{"not_picked":["hexamod:PhantomFireball+1","hexamod:SuperheatedStrike+1"],"picked":"hexamod:GhostOfSpireFuture+1","floor":39},{"not_picked":["hexamod:Firestarter","hexamod:RecurringNightmare+1","hexamod:NightmareStrike"],"picked":"SKIP","floor":40},{"not_picked":["hexamod:NightmareStrike","hexamod:UnleashSpirits","hexamod:SpectersWail+1"],"picked":"SKIP","floor":43},{"not_picked":["hexamod:ThermalTransfer+1","hexamod:NightmareStrike+1","hexamod:GhostShield"],"picked":"SKIP","floor":44},{"not_picked":["hexamod:FifthSeal","hexamod:NightmareStrike","hexamod:BurningTouch+1"],"picked":"SKIP","floor":47},{"not_picked":["hexamod:Incineration+1","hexamod:ThermalTransfer","hexamod:InspiringFlames"],"picked":"SKIP","floor":49},{"not_picked":["hexamod:Haunt+1","hexamod:GhostLash+1","hexamod:BacktrackSmack+1"],"picked":"SKIP","floor":52}],"player_experience":437602,"relics_obtained":[{"floor":7.0,"key":"HornCleat"},{"floor":23,"key":"The Courier"},{"floor":24,"key":"PreservedInsect"},{"floor":41,"key":"hexamod:CandleOfCauterizing"},{"floor":44,"key":"Lizard Tail"},{"floor":46,"key":"Juzu Bracelet"},{"floor":46,"key":"Pantograph"},{"floor":46,"key":"Calipers"},{"floor":48,"key":"Guardian:GemstoneGun"},{"floor":52,"key":"Akabeko"}],"event_choices":[{"damage_healed":0.0,"max_hp_gain":0.0,"max_hp_loss":0.0,"gold_gain":0.0,"event_name":"Scrap Ooze","player_choice":"Success","floor":5.0,"gold_loss":0.0,"damage_taken":3.0,"relics_obtained":["Omamori"]},{"cards_removed":["hexamod:Strike"],"damage_healed":0.0,"max_hp_gain":0.0,"max_hp_loss":0.0,"gold_gain":0.0,"event_name":"Wheel of Change","player_choice":"Card Removal","floor":8.0,"gold_loss":0.0,"damage_taken":0.0},{"cards_removed":["hexamod:NecessarySacrifice"],"damage_healed":13.0,"max_hp_gain":0.0,"max_hp_loss":0.0,"gold_gain":0.0,"event_name":"Bonfire Elementals","player_choice":"Offered Uncommon","floor":12.0,"gold_loss":0.0,"damage_taken":0.0},{"damage_healed":0.0,"max_hp_gain":0.0,"max_hp_loss":0.0,"gold_gain":0.0,"event_name":"Vampires","player_choice":"Ignored","floor":21.0,"gold_loss":0.0,"damage_taken":0.0},{"damage_healed":0,"gold_gain":0,"player_choice":"Ignored","damage_taken":0,"max_hp_gain":0,"max_hp_loss":0,"event_name":"Mysterious Sphere","floor":42,"gold_loss":0}],"is_beta":false,"boss_relics":[{"not_picked":["Tiny House","Empty Cage"],"picked":"Coffee Dripper"},{"not_picked":["Philosopher\u0027s Stone","Fusion Hammer"],"picked":"Velvet Choker"}],"items_purged_floors":[25,47,53],"is_endless":false,"potions_floor_spawned":[2,10,13,15,16,23,30,31,33,38,40,44,48,52],"ascension_level":9}}