{"host":"02uosbn8hju1jzqf","time":1609647738,"event":{"mods":["A Magickal Journey","Act Like it!","BaseMod","Colored Powertips","Defective Defect","GifTheSpireLib","Marisa????????","Minty Spire (QoL Compilation)","Puzzle Mod","StSLib","The Awakened One except there are too many feathers","Yakumo Yukari mod","everything is the same but u backflip on backflip"],"gold_per_floor":[118,118,118,129,81,81,109,109,136,211,211,211,244,164,164,278,278,278,278],"floor_reached":18,"playtime":669,"items_purged":[],"score":148,"play_id":"d6916d0c-84a5-45f1-9c95-3afefd1b0b8b","local_time":"20210102202218","is_ascension_mode":false,"campfire_choices":[{"data":"MachineGunSpark","floor":6,"key":"SMITH"},{"data":"MysteriousBeam","floor":8,"key":"SMITH"},{"floor":12,"key":"REST"},{"data":"6A","floor":15,"key":"SMITH"}],"circlet_count":0,"master_deck":["Strike_MRS","Strike_MRS","Strike_MRS","Strike_MRS","Defend_MRS","Defend_MRS","Defend_MRS","Defend_MRS","MasterSpark","UpSweep","MachineGunSpark+1","MysteriousBeam+1","WitchOfGreed","6A+1","SuperPerseids","MaximisePower"],"relics":["MiniHakkero","Dream Catcher","MealTicket","Sozu"],"acts_visited":["Exordium","TheCity"],"potions_floor_usage":[],"damage_taken":[{"damage":6,"enemies":"2 Louse","floor":1,"turns":3},{"damage":0,"enemies":"Cultist","floor":4,"turns":3},{"damage":0,"enemies":"Small Slimes","floor":7,"turns":3},{"damage":15,"enemies":"3 Louse","floor":13,"turns":4},{"damage":17,"enemies":"Slime Boss","floor":16,"turns":8},{"damage":27,"enemies":"3 Byrds","floor":18,"turns":5}],"seed_played":"-72793037400779330","potions_obtained":[{"floor":1,"key":"Dexterity Potion"},{"floor":7,"key":"DuplicationPotion"},{"floor":13,"key":"Explosive Potion"},{"floor":16,"key":"CultistPotion"}],"is_trial":false,"path_per_floor":["M","?","$","M","$","R","M","R","T","?","?","R","M","$","R","B",null,"M"],"character_chosen":"MARISA","items_purchased":["WitchOfGreed","SuperPerseids"],"campfire_rested":1,"item_purchase_floors":[5,14],"current_hp_per_floor":[69,69,69,69,69,69,69,69,69,58,58,75,60,75,75,58,75,48,48],"gold":278,"neow_bonus":"RANDOM_COMMON_RELIC","is_daily":false,"chose_seed":false,"campfire_upgraded":3,"win_rate":0.0,"timestamp":1609647738,"path_taken":["M","?","$","M","$","R","M","R","T","?","?","R","?","$","R","BOSS","M"],"items_purchased_type":["Card","Card"],"build_version":"2020-12-22","purchased_purges":0,"victory":false,"max_hp_per_floor":[75,75,75,75,75,75,75,75,75,75,75,75,75,75,75,75,75,75,75],"card_choices":[{"not_picked":["Singularity","WitchLeyline"],"picked":"MachineGunSpark","floor":1},{"not_picked":["DoubleSpark","PowerUp"],"picked":"MysteriousBeam","floor":4},{"not_picked":["MysteriousBeam","SporeBomb","DarkSpark"],"picked":"SKIP","floor":7},{"not_picked":["MysteriousBeam","StarlightTyphoon"],"picked":"6A","floor":13},{"not_picked":["StarDustReverie","JA"],"picked":"MaximisePower","floor":16}],"player_experience":103281,"relics_obtained":[{"floor":9,"key":"MealTicket"}],"event_choices":[{"damage_healed":0,"gold_gain":0,"player_choice":"Ignored","damage_taken":0,"max_hp_gain":0,"max_hp_loss":0,"event_name":"Liars Game","floor":2,"gold_loss":0},{"damage_healed":0,"gold_gain":75,"player_choice":"Gather Gold","damage_taken":11,"max_hp_gain":0,"max_hp_loss":0,"event_name":"World of Goop","floor":10,"gold_loss":0},{"damage_healed":0,"gold_gain":0,"player_choice":"Ignored","damage_taken":0,"max_hp_gain":0,"max_hp_loss":0,"event_name":"NoteForYourself","floor":11,"gold_loss":0}],"is_beta":false,"boss_relics":[{"not_picked":["Cursed Key","Astrolabe"],"picked":"Sozu"}],"items_purged_floors":[],"is_endless":false,"potions_floor_spawned":[1,13],"killed_by":"3 Byrds","ascension_level":0}}