{"host":"0cnf9zf1gia27zti","time":1609694746,"event":{"mods":["BaseMod","Better Third Choice","BetterRewards","Card Forge","ChefMod","Colored Map","Colored Powertips","Conspire","Downfall","Googly Eyes","Infinite Spire","Minty Spire (QoL Compilation)","Practice Mode","Quick Restart","Replay The Spire","Shade Mod","Spicy Shops","StSLib","The Marked"],"gold_per_floor":[129,129,61,120,68,68,159,192,192,76,76,76,187,291,291,522,522,564,82,82,121,326,420,420,521,602,602,706,755,862,924,924,1155,1155,1191,1191,1279,938,938,938,1051,1097,1143,1224,1263,411,476,580,580,580,580],"floor_reached":52,"playtime":48821,"items_purged":[],"score":2974,"play_id":"341c97dc-fdb1-45b4-8f9a-a67ef7172958","local_time":"20210103172546","daily_mods":["SealedDeck","Heirloom","downfall:Lament","DeadlyEvents","Elite Swarm","Midas"],"is_ascension_mode":true,"campfire_choices":[{"floor":6,"key":"REST"},{"floor":11,"key":"REST"},{"floor":15,"key":"REST"},{"floor":24,"key":"REST"},{"floor":27,"key":"REST"},{"floor":32,"key":"REST"},{"floor":40,"key":"REST"},{"floor":49,"key":"DIG"}],"circlet_count":0,"master_deck":["AscendersBane","Shade:Bonestorm+1","Shade:PressTheAttack+1","Shade:FuneraryJewels+1","Shade:CommandSoldier+1","Shade:CommandSoldier+1","Shade:SensePrey+1","Shade:FuneraryArmor+1","Shade:GraveStillness+1","Shade:GraveStillness+1","Shade:GraveStillness+1","Shade:CommandSoldier+1","Shade:FreshBones+1","Shade:GreaterAnimation+1","Shade:GraveStillness+1","Shade:OpenGraves+1","Shade:Coordination+1","Shade:Coordination+1","Shade:OfferingToTheBeyond+1","Shade:Carnophage+1","Shade:OpenGraves+1","Shade:Excise+1","Shade:FleshOffering+1","Shade:OpenGraves+1","Shade:LichForm+1","Shade:SoulPierce+1","Shade:GreaterAnimation+1","Shade:StitchTogether+1","Shade:GreaterAnimation+1","Shade:SensePrey+1","Shade:OfferingToTheBeyond+1","Shade:LichForm+1","Shade:SpontaneousRitual+1","Shade:OpenGraves+1","Pot Of Greed+1","Pot Of Greed+1","Pot Of Greed+1","Shade:OfferingToTheBeyond+1","Pot Of Greed+1","Shade:Excise+1","Shade:Carnophage","Shade:OpenGraves+1","Shade:LichForm"],"relics":["Shade:YorickSkull","Hammer of Thor","Seething Fire","Anvil of the Gods","Ring of Chaos","Replay:PocketPolymizer","Golden Idol","FossilizedHelix","StoneCalendar","Mercury Hourglass","Sundial","Fusion Hammer","Lantern","Nloth\u0027s Gift","Guardian:PocketSentry","Smiling Mask","Replay:Kaleidoscope","Mummified Hand","infinitespire:Joker Card","Quantum Egg","sneckomod:SneckoTalon","Prayer Wheel","Grinning Jar","Strawberry","Happy Flower","Eternal Feather","White Beast Statue","Turnip","StrikeDummy","conspire:DeflatedDodgeball"],"acts_visited":["Exordium","TheCity","TheBeyond"],"potions_floor_usage":[23,23,33,50,50],"damage_taken":[{"damage":0,"enemies":"2 Louse","floor":1,"turns":1},{"damage":0,"enemies":"Jaw Worm","floor":4,"turns":1},{"damage":0,"enemies":"Lagavulin","floor":7,"turns":1},{"damage":0,"enemies":"Cultist","floor":8,"turns":2},{"damage":0,"enemies":"Gremlin Nob","floor":13,"turns":2},{"damage":0,"enemies":"3 Sentries","floor":14,"turns":2},{"damage":0,"enemies":"Fading Forest","floor":16,"turns":12},{"damage":0,"enemies":"Shell Parasite","floor":18,"turns":3},{"damage":0,"enemies":"Chosen","floor":21,"turns":3},{"damage":0,"enemies":"Gremlin Leader","floor":23,"turns":3},{"damage":0,"enemies":"Book of Stabbing","floor":25,"turns":3},{"damage":0,"enemies":"Gremlin Leader","floor":28,"turns":3},{"damage":0,"enemies":"Snake Plant","floor":29,"turns":3},{"damage":0,"enemies":"Slavers","floor":30,"turns":2},{"damage":0,"enemies":"Shelled Parasite and Fungi","floor":31,"turns":2},{"damage":0,"enemies":"conspire:MysteriousRune","floor":33,"turns":5},{"damage":0,"enemies":"Orb Walker","floor":35,"turns":3},{"damage":0,"enemies":"Reptomancer","floor":37,"turns":4},{"damage":0,"enemies":"R_Hoarder","floor":41,"turns":5},{"damage":0,"enemies":"3 Shapes","floor":42,"turns":3},{"damage":0,"enemies":"Nemesis","floor":44,"turns":5},{"damage":0,"enemies":"Writhing Mass","floor":45,"turns":4},{"damage":0,"enemies":"Jaw Worm Horde","floor":47,"turns":2},{"damage":0,"enemies":"R_Hoarder","floor":48,"turns":5},{"damage":6,"enemies":"conspire:OrnateMirror","floor":50,"turns":6},{"damage":5,"enemies":"Awakened One","floor":51,"turns":6}],"seed_played":"-273989196998780896","potions_obtained":[{"floor":1,"key":"Block Potion"},{"floor":4,"key":"Flashbang"},{"floor":13,"key":"Adrenaline Potion"},{"floor":29,"key":"Venom Potion"},{"floor":31,"key":"Block Potion"},{"floor":33,"key":"Elixir"},{"floor":41,"key":"Energy Potion"},{"floor":47,"key":"Dexterity Potion"}],"is_trial":true,"path_per_floor":["M","?","$","M","$","R","E","M","T","$","R","$","E","E","R","B",null,"M","$","?","M","?","E","R","E","T","R","E","M","E","M","R","B",null,"M","?","E","$","?","R","E","M","T","E","M","$","M","E","R_BF","B","B",null],"character_chosen":"SHADE","items_purchased":["Shade:CommandSoldier","Shade:FreshBones","Shade:OpenGraves","Shade:OpenGraves","Lantern","Shade:Excise","Shade:FleshOffering","Shade:SpontaneousRitual+1","Shade:OpenGraves","Grinning Jar","Shade:Carnophage","White Beast Statue","Turnip"],"campfire_rested":7,"item_purchase_floors":[3,5,10,19,19,19,19,38,38,38,46,46,46],"current_hp_per_floor":[50,31,31,31,31,47,47,47,47,47,55,55,55,55,55,55,55,55,55,55,55,33,33,49,49,49,55,55,55,55,55,55,55,55,55,55,55,55,55,55,62,62,62,62,59,59,59,59,59,53,48],"gold":580,"neow_bonus":"","is_daily":false,"chose_seed":false,"campfire_upgraded":0,"win_rate":0.0,"timestamp":1609694746,"path_taken":["M","?","?","M","?","R","E","?","T","$","R","$","E","?","R","BOSS","M","$","?","?","?","E","R","E","T","R","E","M","E","M","R","BOSS","M","?","?","$","?","R","E","M","T","E","M","$","M","E","R_BF","BOSS","BOSS"],"items_purchased_type":["Card","Card","Card","Card","Relic","Card","Card","Card","Card","Relic","Card","Relic","Relic"],"build_version":"2020-12-22","purchased_purges":0,"victory":true,"max_hp_per_floor":[55,55,55,55,55,55,55,55,55,55,55,55,55,55,55,55,55,55,55,55,55,55,55,55,55,55,55,55,55,55,55,55,55,55,55,55,55,55,55,55,62,62,62,62,59,59,59,59,59,59,59],"card_choices":[{"not_picked":["Shade:BoneShards","Shade:SkeletonArmy","Shade:ClawBack"],"picked":"SKIP","floor":1},{"not_picked":["Shade:GreyBargain","Shade:SkeletonHug"],"picked":"Shade:CommandSoldier","floor":4},{"not_picked":["Shade:OneIsEnough","Shade:OminousRitual"],"picked":"Shade:GreaterAnimation","floor":7},{"not_picked":["Shade:Premonition","Shade:ClawBack"],"picked":"Shade:GraveStillness","floor":8},{"not_picked":["Shade:Tombstone","Shade:Consume"],"picked":"Shade:Coordination","floor":13},{"not_picked":["Shade:DarkOfNight","Shade:OminousRitual"],"picked":"Shade:Coordination","floor":14},{"not_picked":["Shade:DarkOfNight","Shade:SelfBurial"],"picked":"Shade:OfferingToTheBeyond","floor":16},{"not_picked":["Shade:Frenzy","Shade:FuneraryArmor"],"picked":"Shade:Carnophage","floor":18},{"not_picked":["Shade:WallOfFlesh","Shade:GreyBargain+1","Shade:CoffinDance"],"picked":"SKIP","floor":21},{"not_picked":["Shade:LoseControl","Shade:FeralStrike"],"picked":"Shade:OpenGraves","floor":22},{"not_picked":["Shade:UnbarTheGrave","Shade:LoseControl","Shade:Putrefaction"],"picked":"SKIP","floor":23},{"not_picked":["Shade:DarkOfNight","Shade:LastGasp"],"picked":"Shade:LichForm","floor":25},{"not_picked":["Shade:OfferingToTheBeyond","Shade:Putrefaction"],"picked":"Shade:SoulPierce","floor":28},{"not_picked":["Shade:FleshToFlesh","Shade:Frenzy","Shade:FeralStrike"],"picked":"SKIP","floor":29},{"not_picked":["Shade:OneIsEnough","Shade:LastGasp"],"picked":"Shade:GreaterAnimation","floor":30},{"not_picked":["Shade:Bonestorm","Shade:FingerOfDeath"],"picked":"Shade:StitchTogether+1","floor":31},{"not_picked":["Shade:Putrefaction","Shade:Tombstone"],"picked":"Shade:GreaterAnimation","floor":33},{"not_picked":["Shade:CoffinDance","Shade:FeralStrike"],"picked":"Shade:SensePrey","floor":35},{"not_picked":["Shade:OfferingToTheBeyond","Shade:Putrefaction"],"picked":"Shade:LichForm","floor":37},{"not_picked":["Shade:LastGasp","Shade:LoseControl","Shade:MadHubris"],"picked":"SKIP","floor":41},{"not_picked":["Shade:Brains","Shade:ScuttlingHand","Shade:GreyBargain"],"picked":"SKIP","floor":42},{"not_picked":["Shade:Asphyxiate+1","Shade:FreshBones","Shade:Brains"],"picked":"SKIP","floor":42},{"not_picked":["Shade:OminousRitual","Shade:Consume"],"picked":"Shade:OfferingToTheBeyond","floor":44},{"not_picked":["Shade:TouchOfTheGrave","Shade:Brains+1"],"picked":"Shade:Excise","floor":45},{"not_picked":["Shade:Asphyxiate","Shade:Brains+1","Shade:ExtraLimbs"],"picked":"SKIP","floor":45},{"not_picked":["Shade:FeralStrike","Shade:CommandSoldier"],"picked":"Shade:OpenGraves+1","floor":47},{"not_picked":["Shade:Bite_Shade","Shade:LyeBath","Shade:AblativeArmor+1"],"picked":"SKIP","floor":47},{"not_picked":["Shade:OminousRitual","Shade:Coordination"],"picked":"Shade:LichForm","floor":48}],"player_experience":2937547,"relics_obtained":[{"floor":7,"key":"FossilizedHelix"},{"floor":9,"key":"StoneCalendar"},{"floor":13,"key":"Mercury Hourglass"},{"floor":14,"key":"Sundial"},{"floor":22,"key":"Guardian:PocketSentry"},{"floor":23,"key":"Smiling Mask"},{"floor":25,"key":"Replay:Kaleidoscope"},{"floor":26,"key":"Mummified Hand"},{"floor":28,"key":"infinitespire:Joker Card"},{"floor":30,"key":"Quantum Egg"},{"floor":37,"key":"Prayer Wheel"},{"floor":41,"key":"Strawberry"},{"floor":43,"key":"Happy Flower"},{"floor":44,"key":"Eternal Feather"},{"floor":48,"key":"StrikeDummy"},{"floor":49,"key":"conspire:DeflatedDodgeball"}],"event_choices":[{"damage_healed":0,"gold_gain":0,"player_choice":"Take Damage","damage_taken":19,"relics_obtained":["Golden Idol"],"max_hp_gain":0,"max_hp_loss":0,"event_name":"Golden Idol","floor":2,"gold_loss":0},{"damage_healed":0,"gold_gain":0,"player_choice":"Traded Relic","damage_taken":0,"relics_obtained":["Nloth\u0027s Gift"],"max_hp_gain":0,"max_hp_loss":0,"event_name":"N\u0027loth","floor":20,"relics_lost":["NeowsBlessing"],"gold_loss":0},{"damage_healed":0,"gold_gain":0,"player_choice":"Copied","damage_taken":0,"max_hp_gain":0,"max_hp_loss":0,"event_name":"Duplicator","floor":36,"gold_loss":0,"cards_obtained":["Shade:OfferingToTheBeyond"]},{"cards_removed":["Shade:CommandSoldier"],"damage_healed":5,"gold_gain":0,"player_choice":"Offered Common","damage_taken":0,"max_hp_gain":0,"max_hp_loss":0,"event_name":"Bonfire Elementals","floor":39,"gold_loss":0},{"cards_removed":["Shade:CommandSoldier"],"damage_healed":5,"gold_gain":0,"player_choice":"Offered Special","damage_taken":0,"max_hp_gain":0,"max_hp_loss":0,"event_name":"Bonfire Elementals","floor":39,"gold_loss":0}],"is_beta":false,"boss_relics":[{"not_picked":["Runic Pyramid","Coffee Dripper"],"picked":"Fusion Hammer"},{"not_picked":["ReplayTheSpireMod:SealedPack","conspire:SlowCooker"],"picked":"sneckomod:SneckoTalon"}],"items_purged_floors":[],"is_endless":false,"potions_floor_spawned":[1,4,13,29,31,33,41,45,47,48],"ascension_level":20}}