{"host":"xz7n3qy1zq36rzpg","time":1609678888,"event":{"mods":["BaseMod","Colored Map","Colored Powertips","Highlight Path","Minty Spire (QoL Compilation)","Quick Restart","Shop Mod"],"gold_per_floor":[113,126,138,152,172,172,190,225,225,90,90,90,90,107,107,221,221,234,278,300,57,57,57,81,110,119,218,247,247,264,264,264],"floor_reached":31,"playtime":1118,"items_purged":["Defend_G","Strike_G"],"score":335,"play_id":"823fb3a7-c3fc-41ed-8148-0950dbe531ac","local_time":"20210103140128","is_ascension_mode":true,"campfire_choices":[{"data":"Distraction","floor":6,"key":"SMITH"},{"floor":13,"key":"REST"},{"floor":15,"key":"REST"},{"floor":23,"key":"REST"},{"floor":29,"key":"REST"}],"circlet_count":0,"master_deck":["Strike_G","Strike_G","Strike_G","Strike_G","Defend_G+1","Defend_G","Defend_G","Defend_G","Survivor+1","Neutralize","Distraction+1","Terror","Bouncing Flask","PiercingWail","Unload","Flying Knee","Underhanded Strike","Envenom+1","After Image","Sucker Punch+1","Blade Dance+1","Blade Dance","Poisoned Stab","Regret","Choke+1"],"relics":["Ring of the Snake","Anchor","Blue Candle","CeramicFish","Cursed Key","Red Mask","Strange Spoon","StoneCalendar"],"acts_visited":["Exordium","TheCity"],"potions_floor_usage":[16,30,31],"damage_taken":[{"damage":0,"enemies":"Cultist","floor":1,"turns":4},{"damage":0,"enemies":"Small Slimes","floor":2,"turns":3},{"damage":2,"enemies":"2 Louse","floor":3,"turns":2},{"damage":8,"enemies":"Blue Slaver","floor":4,"turns":4},{"damage":1,"enemies":"2 Fungi Beasts","floor":5,"turns":3},{"damage":7,"enemies":"3 Louse","floor":7,"turns":3},{"damage":20,"enemies":"Lagavulin","floor":8,"turns":5},{"damage":4,"enemies":"Looter","floor":14,"turns":3},{"damage":0,"enemies":"Slime Boss","floor":16,"turns":6},{"damage":11,"enemies":"Shell Parasite","floor":18,"turns":6},{"damage":32,"enemies":"Masked Bandits","floor":19,"turns":5},{"damage":1,"enemies":"Spheric Guardian","floor":20,"turns":4},{"damage":24,"enemies":"Snecko","floor":24,"turns":6},{"damage":0,"enemies":"Snake Plant","floor":25,"turns":4},{"damage":10,"enemies":"3 Cultists","floor":28,"turns":6},{"damage":15,"enemies":"Centurion and Healer","floor":30,"turns":4},{"damage":21,"enemies":"Cultist and Chosen","floor":31,"turns":4}],"seed_played":"-6387156914366132998","potions_obtained":[{"floor":1,"key":"LiquidBronze"},{"floor":4,"key":"Fire Potion"},{"floor":7,"key":"Ancient Potion"},{"floor":18,"key":"LiquidBronze"},{"floor":30,"key":"DuplicationPotion"}],"is_trial":false,"path_per_floor":["M","M","M","M","M","R","M","E","T","$","?","?","R","M","R","B",null,"M","?","M","$","?","R","M","M","T","?","M","R","M","M"],"character_chosen":"THE_SILENT","items_purchased":["Envenom","Strange Spoon"],"campfire_rested":4,"item_purchase_floors":[10,21],"current_hp_per_floor":[70,70,68,60,59,59,52,32,32,32,18,18,39,35,56,56,70,59,27,26,26,26,47,23,23,23,23,13,34,19,0,0],"gold":264,"neow_bonus":"RANDOM_COMMON_RELIC","is_daily":false,"chose_seed":false,"campfire_upgraded":1,"win_rate":0.0,"timestamp":1609678888,"path_taken":["M","M","?","M","M","R","M","E","T","?","?","?","R","?","R","BOSS","M","?","M","$","?","R","M","M","T","?","M","R","M","M"],"items_purchased_type":["Card","Relic"],"build_version":"2020-12-22","purchased_purges":2,"victory":false,"max_hp_per_floor":[70,70,70,70,70,70,70,70,70,70,70,70,70,70,70,70,70,70,70,70,70,70,70,70,70,70,70,70,70,70,70,70],"card_choices":[{"not_picked":["Tactician","Well Laid Plans"],"picked":"Distraction","floor":1},{"not_picked":["Concentrate","Sucker Punch"],"picked":"Terror","floor":2},{"not_picked":["Prepared","Dagger Throw"],"picked":"Bouncing Flask","floor":3},{"not_picked":["Prepared","Dagger Throw"],"picked":"PiercingWail","floor":4},{"not_picked":["Acrobatics","Predator"],"picked":"Unload","floor":5},{"not_picked":["Sucker Punch","Dodge and Roll"],"picked":"Flying Knee","floor":7},{"not_picked":["Dagger Spray","Distraction"],"picked":"Underhanded Strike","floor":8},{"not_picked":["Deflect","Outmaneuver","Calculated Gamble"],"picked":"SKIP","floor":14},{"not_picked":["A Thousand Cuts","Venomology"],"picked":"After Image","floor":16},{"not_picked":["PiercingWail+1","Endless Agony","Riddle With Holes"],"picked":"SKIP","floor":18},{"not_picked":["Dodge and Roll","Reflex"],"picked":"Sucker Punch+1","floor":19},{"not_picked":["Tactician","Accuracy"],"picked":"Blade Dance+1","floor":20},{"not_picked":["Sucker Punch","Outmaneuver"],"picked":"Blade Dance","floor":24},{"not_picked":["Setup+1","Prepared"],"picked":"Poisoned Stab","floor":25},{"not_picked":["Poisoned Stab","Dagger Spray+1"],"picked":"Choke+1","floor":28},{"not_picked":["Acrobatics","Wraith Form v2","Blade Dance"],"picked":"SKIP","floor":30}],"player_experience":297017,"relics_obtained":[{"floor":8,"key":"Blue Candle"},{"floor":9,"key":"CeramicFish"},{"floor":19,"key":"Red Mask"},{"floor":26,"key":"StoneCalendar"}],"event_choices":[{"damage_healed":0,"gold_gain":0,"player_choice":"Entered Light","damage_taken":14,"max_hp_gain":0,"max_hp_loss":0,"event_name":"Shining Light","floor":11,"gold_loss":0,"cards_upgraded":["Defend_G","Survivor"]},{"damage_healed":0,"gold_gain":0,"player_choice":"Forge","damage_taken":0,"max_hp_gain":0,"max_hp_loss":0,"event_name":"Accursed Blacksmith","floor":12,"gold_loss":0,"cards_upgraded":["Envenom"]},{"damage_healed":0,"gold_gain":0,"player_choice":"Fought Bandits","damage_taken":0,"max_hp_gain":0,"max_hp_loss":0,"event_name":"Masked Bandits","floor":19,"gold_loss":0},{"damage_healed":0,"gold_gain":0,"player_choice":"Ignored","damage_taken":0,"max_hp_gain":0,"max_hp_loss":0,"event_name":"Ghosts","floor":22,"gold_loss":0},{"damage_healed":0,"gold_gain":99,"player_choice":"Stole From Cult","damage_taken":0,"max_hp_gain":0,"max_hp_loss":0,"event_name":"Nest","floor":27,"gold_loss":0}],"is_beta":false,"boss_relics":[{"not_picked":["Tiny House","HoveringKite"],"picked":"Cursed Key"}],"items_purged_floors":[10,21],"is_endless":false,"potions_floor_spawned":[1,4,7,14,18,20,30],"killed_by":"Cultist and Chosen","ascension_level":3}}