{"host":"3bmixpcp66vorgem","time":1609693417,"event":{"mods":["AchievementEnabler","BaseMod","JesterMod","Minty Spire (QoL Compilation)","Slay the Relics Exporter","StSLib"],"gold_per_floor":[116,116,131,145,19,53,67,67,94,105,105,118,118,135,135,238,238,248,268,61,72,91,91,291,318,318,117,117,117,117,117,117,222,222,235,110,110,110],"floor_reached":37,"playtime":3061,"items_purged":["jesterMod:Strike","jesterMod:RecklessStrike","jesterMod:Trance"],"score":582,"play_id":"2476de16-32b6-4d21-9a13-7b385d26b172","local_time":"20210103180337","is_ascension_mode":true,"campfire_choices":[{"floor":8,"key":"REST"},{"data":"jesterMod:Precipitation","floor":11,"key":"SMITH"},{"data":"jesterMod:Disposophobia","floor":15,"key":"SMITH"},{"floor":23,"key":"REST"},{"floor":28,"key":"REST"},{"data":"jesterMod:Tinker","floor":30,"key":"SMITH"},{"floor":32,"key":"REST"}],"circlet_count":0,"master_deck":["jesterMod:Sickle","jesterMod:Dodge+1","jesterMod:Feint","jesterMod:ButterKnife","jesterMod:Prankster","jesterMod:Precipitation+1","jesterMod:Disposophobia+1","jesterMod:BoilDown","jesterMod:Hide+1","jesterMod:BouncingKnife","jesterMod:Placebo","jesterMod:Precipitation","jesterMod:Prankster","jesterMod:Haste","jesterMod:Dilapidation","jesterMod:Precipitation+1","jesterMod:Haste+1","jesterMod:Precipitation+1","jesterMod:Tinker+1","jesterMod:Mending"],"relics":["jesterMod:HarlequinCap","Tiny Chest","Oddly Smooth Stone","Pandora\u0027s Box","War Paint","Singing Bowl","DollysMirror","Darkstone Periapt"],"acts_visited":["Exordium","TheCity","TheBeyond"],"potions_floor_usage":[6,16,16,16,25,31,31,33],"damage_taken":[{"damage":3,"enemies":"Cultist","floor":1,"turns":5},{"damage":0,"enemies":"Jaw Worm","floor":3,"turns":4},{"damage":0,"enemies":"2 Louse","floor":4,"turns":3},{"damage":0,"enemies":"3 Sentries","floor":6,"turns":7},{"damage":3,"enemies":"Exordium Thugs","floor":7,"turns":3},{"damage":0,"enemies":"Large Slime","floor":10,"turns":2},{"damage":0,"enemies":"Looter","floor":12,"turns":3},{"damage":0,"enemies":"2 Fungi Beasts","floor":14,"turns":3},{"damage":0,"enemies":"Slime Boss","floor":16,"turns":5},{"damage":6,"enemies":"Spheric Guardian","floor":18,"turns":4},{"damage":13,"enemies":"Shell Parasite","floor":19,"turns":5},{"damage":14,"enemies":"Centurion and Healer","floor":21,"turns":3},{"damage":18,"enemies":"Snake Plant","floor":22,"turns":3},{"damage":21,"enemies":"Gremlin Leader","floor":25,"turns":4},{"damage":19,"enemies":"Colosseum Slavers","floor":31,"turns":3},{"damage":20,"enemies":"Champ","floor":33,"turns":4},{"damage":48,"enemies":"3 Darklings","floor":35,"turns":4},{"damage":24,"enemies":"3 Shapes","floor":37,"turns":3}],"seed_played":"-617530238702130271","potions_obtained":[{"floor":1,"key":"Block Potion"},{"floor":6,"key":"ColorlessPotion"},{"floor":10,"key":"DistilledChaos"},{"floor":12,"key":"GamblersBrew"},{"floor":19,"key":"Fire Potion"},{"floor":25,"key":"Ancient Potion"}],"is_trial":false,"path_per_floor":["M","?","M","M","$","E","M","R","T","M","R","M","?","M","R","B",null,"M","M","$","M","M","R","?","E","T","$","R","T","R","?","R","B",null,"M","$","M"],"character_chosen":"THE_JESTER","items_purchased":["jesterMod:Precipitation","jesterMod:Haste","jesterMod:Dilapidation","DollysMirror","jesterMod:Tinker"],"campfire_rested":4,"item_purchase_floors":[5,20,20,27,27],"current_hp_per_floor":[46,32,32,32,32,32,29,50,50,50,50,50,50,50,50,50,70,64,51,51,37,19,40,40,19,19,19,40,40,40,21,42,24,72,24,24,0,0],"gold":110,"neow_bonus":"REMOVE_TWO","is_daily":false,"chose_seed":false,"campfire_upgraded":3,"win_rate":0.0,"timestamp":1609693417,"path_taken":["M","?","M","M","$","E","M","R","T","M","R","M","?","M","R","BOSS","M","M","$","M","M","R","?","E","T","?","R","?","R","?","R","BOSS","M","$","M"],"items_purchased_type":["Card","Card","Card","Relic","Card"],"build_version":"2020-12-22","purchased_purges":3,"victory":false,"max_hp_per_floor":[70,70,70,70,70,70,70,70,70,70,70,70,70,70,70,70,70,70,70,70,70,70,70,70,70,70,70,70,70,70,70,70,72,72,72,72,72,72],"card_choices":[{"not_picked":["jesterMod:Unleash","jesterMod:Arrythmia"],"picked":"jesterMod:Feint","floor":1},{"not_picked":["jesterMod:Dilapidation","jesterMod:Loot"],"picked":"jesterMod:ButterKnife","floor":3},{"not_picked":["jesterMod:Discretion","jesterMod:Schizophrenia"],"picked":"jesterMod:Prankster","floor":4},{"not_picked":["jesterMod:RecklessStrike","jesterMod:Procrastination","jesterMod:Frustration"],"picked":"SKIP","floor":6},{"not_picked":["jesterMod:Tinker","jesterMod:QuickStrike"],"picked":"jesterMod:Disposophobia","floor":7},{"not_picked":["jesterMod:SmokeScreen","jesterMod:Illness","jesterMod:Feint"],"picked":"SKIP","floor":10},{"not_picked":["jesterMod:OblivionStrike","jesterMod:TrickyDodge","jesterMod:RecklessStrike"],"picked":"SKIP","floor":12},{"not_picked":["jesterMod:RecklessStrike","jesterMod:JackInTheBox","jesterMod:Feint"],"picked":"SKIP","floor":14},{"not_picked":["jesterMod:Drunkenness","jesterMod:Momentum"],"picked":"jesterMod:BoilDown","floor":16},{"not_picked":["jesterMod:BouncingKnife+1","jesterMod:Rebuff"],"picked":"jesterMod:Precipitation","floor":18},{"not_picked":["jesterMod:OblivionStrike","jesterMod:Trance"],"picked":"jesterMod:Prankster","floor":19},{"not_picked":["jesterMod:Illness","jesterMod:Rebuff","jesterMod:SwiftDodge"],"picked":"SKIP","floor":21},{"not_picked":["jesterMod:DaggerRain","jesterMod:Anticipation+1"],"picked":"jesterMod:Precipitation+1","floor":22},{"not_picked":["jesterMod:BouncingKnife","jesterMod:Loot"],"picked":"jesterMod:Haste+1","floor":25},{"not_picked":["jesterMod:Leeches","jesterMod:Juggler","jesterMod:BoilDown"],"picked":"Singing Bowl","floor":33},{"not_picked":["jesterMod:Feint","jesterMod:ButterKnife"],"picked":"jesterMod:Mending","floor":35}],"player_experience":2221865,"relics_obtained":[{"floor":6,"key":"Tiny Chest"},{"floor":9,"key":"Oddly Smooth Stone"},{"floor":25,"key":"War Paint"},{"floor":26,"key":"Singing Bowl"},{"floor":29,"key":"Darkstone Periapt"}],"event_choices":[{"damage_healed":0,"gold_gain":0,"player_choice":"Entered Light","damage_taken":14,"max_hp_gain":0,"max_hp_loss":0,"event_name":"Shining Light","floor":2,"gold_loss":0,"cards_upgraded":["jesterMod:Strike","jesterMod:Defend"]},{"damage_healed":0,"gold_gain":0,"player_choice":"Ignored","damage_taken":0,"max_hp_gain":0,"max_hp_loss":0,"event_name":"Golden Idol","floor":13,"gold_loss":0},{"damage_healed":0,"gold_gain":250,"player_choice":"Bet on Owner","damage_taken":0,"max_hp_gain":0,"max_hp_loss":0,"event_name":"The Joust","floor":24,"gold_loss":50},{"damage_healed":0,"gold_gain":0,"player_choice":"Fight","damage_taken":0,"max_hp_gain":0,"max_hp_loss":0,"event_name":"Colosseum","floor":31,"gold_loss":0},{"damage_healed":0,"gold_gain":0,"player_choice":"Fled From Nobs","damage_taken":0,"max_hp_gain":0,"max_hp_loss":0,"event_name":"Colosseum","floor":31,"gold_loss":0}],"is_beta":false,"boss_relics":[{"not_picked":["Philosopher\u0027s Stone","SlaversCollar"],"picked":"Pandora\u0027s Box"},{"not_picked":["Busted Crown","Sozu"],"picked":"jesterMod:HarlequinCap"}],"items_purged_floors":[5,20,36],"is_endless":false,"potions_floor_spawned":[1,6,10,12,19,25],"killed_by":"3 Shapes","ascension_level":4}}