{"host":"pbf6u3tyx46snqc7","time":1609666862,"event":{"mods":["AchievementEnabler","BaseMod","Colored Map","Minty Spire (QoL Compilation)","Rare Cards Sparkle","SuperFastMode"],"gold_per_floor":[116,136,136,136,11,11,43,63,89,124,124,138,158,158,158,158,158],"floor_reached":16,"playtime":546,"items_purged":["Regret"],"score":270,"play_id":"5d64f551-252b-402b-b344-fd6c13c5a036","local_time":"20210103184102","is_ascension_mode":true,"campfire_choices":[{"data":"Fusion","floor":6.0,"key":"SMITH"},{"data":"Dualcast","floor":11.0,"key":"SMITH"},{"floor":15.0,"key":"REST"}],"circlet_count":0,"master_deck":["AscendersBane","Strike_B","Strike_B","Strike_B","Strike_B","Defend_B+1","Defend_B","Defend_B","Defend_B+1","Zap","Dualcast+1","Fusion+1","Glacier","Chill","Capacitor","Seek","Auto Shields","Stack","Ball Lightning"],"relics":["Cracked Core","NeowsBlessing","Smiling Mask","Pen Nib","Nunchaku","Girya"],"acts_visited":["Exordium"],"potions_floor_usage":[],"damage_taken":[{"damage":0.0,"enemies":"Cultist","floor":1.0,"turns":1.0},{"damage":0.0,"enemies":"Small Slimes","floor":2.0,"turns":1.0},{"damage":0.0,"enemies":"Lagavulin","floor":7.0,"turns":1.0},{"damage":2.0,"enemies":"Jaw Worm","floor":8.0,"turns":4.0},{"damage":14.0,"enemies":"3 Sentries","floor":10.0,"turns":14.0},{"damage":0.0,"enemies":"Gremlin Gang","floor":12.0,"turns":6.0},{"damage":0.0,"enemies":"3 Louse","floor":13.0,"turns":5.0},{"damage":51,"enemies":"Slime Boss","floor":16,"turns":9}],"seed_played":"3835720097112789529","potions_obtained":[{"floor":2.0,"key":"Fire Potion"},{"floor":7.0,"key":"SneckoOil"}],"is_trial":false,"path_per_floor":["M","M","?","?","$","R","E","M","T","E","R","M","M","T","R","B"],"character_chosen":"DEFECT","items_purchased":["Chill"],"campfire_rested":1,"item_purchase_floors":[5],"current_hp_per_floor":[64,64,43,43,43,43,43,41,41,27,27,27,27,27,48,0,0],"gold":158,"neow_bonus":"THREE_ENEMY_KILL","is_daily":false,"chose_seed":false,"campfire_upgraded":2,"win_rate":0.0,"timestamp":1609666862,"path_taken":["M","M","?","?","$","R","E","M","T","E","R","M","M","?","R","BOSS"],"items_purchased_type":["Card"],"build_version":"2020-12-22","purchased_purges":1,"victory":false,"max_hp_per_floor":[71,71,71,71,71,71,71,71,71,71,71,71,71,71,71,71,71],"card_choices":[{"not_picked":["Barrage","Beam Cell"],"picked":"Fusion","floor":1.0},{"not_picked":["Consume","Doom and Gloom"],"picked":"Glacier","floor":2.0},{"not_picked":["Undo","Streamline"],"picked":"Capacitor","floor":7.0},{"not_picked":["Go for the Eyes","Conserve Battery"],"picked":"Seek","floor":8.0},{"not_picked":["Beam Cell","Chill"],"picked":"Auto Shields","floor":10.0},{"not_picked":["Beam Cell","Hologram"],"picked":"Stack","floor":12.0},{"not_picked":["Skim","Tempest"],"picked":"Ball Lightning","floor":13.0}],"player_experience":371810,"relics_obtained":[{"floor":7.0,"key":"Pen Nib"},{"floor":9.0,"key":"Nunchaku"},{"floor":10.0,"key":"Girya"}],"event_choices":[{"damage_healed":0.0,"max_hp_gain":0.0,"max_hp_loss":0.0,"gold_gain":0.0,"event_name":"Shining Light","player_choice":"Entered Light","floor":3.0,"gold_loss":0.0,"damage_taken":21.0,"cards_upgraded":["Defend_B","Defend_B"]},{"damage_healed":0.0,"max_hp_gain":0.0,"max_hp_loss":0.0,"gold_gain":0.0,"event_name":"Big Fish","player_choice":"Box","floor":4.0,"gold_loss":0.0,"damage_taken":0.0,"relics_obtained":["Smiling Mask"],"cards_obtained":["Regret"]}],"is_beta":false,"boss_relics":[],"items_purged_floors":[5],"is_endless":false,"potions_floor_spawned":[2,7],"killed_by":"Slime Boss","ascension_level":20}}