{"host":"lqqk09r0bn16292c","time":1609699477,"event":{"mods":["2.2 Compatiblity","BaseMod","Minty Spire (QoL Compilation)","Relic Stats","StSLib"],"gold_per_floor":[116,129,141,161,172,199,229,229,229,264,264,294,294,309,309,410,410,425,425,29,44,64,64,94,19,19,47,47,66,96,96,96,193,193,210,210,221,241,241,272,272,297,297,197,247,282,282,314,314,314,314,314,43,70,70],"floor_reached":56,"playtime":14624,"items_purged":["Defend_P","Writhe"],"score":2114,"play_id":"4a1cebfb-d099-46d6-a397-89c0289db461","local_time":"20210103204437","is_ascension_mode":true,"campfire_choices":[{"data":"WaveOfTheHand","floor":8,"key":"SMITH"},{"floor":13,"key":"REST"},{"data":"Study","floor":15,"key":"SMITH"},{"floor":23,"key":"REST"},{"data":"MentalFortress","floor":32,"key":"SMITH"},{"floor":41,"key":"RECALL"},{"floor":49,"key":"REST"},{"floor":52,"key":"REST"}],"circlet_count":0,"master_deck":["Strike_P","Defend_P+1","Eruption+1","Vigilance","Protect+1","Scrawl+1","ReachHeaven+1","MentalFortress+1","CrushJoints","Meditate+1","FlurryOfBlows+1","Tantrum+1","WaveOfTheHand+1","EmptyMind+1","Wireheading+1","Study+1","MasterReality+1","DeceiveReality+1","Vault+1","ClearTheMind+1","Adaptation+1","LessonLearned+1","Halt+1","ClearTheMind+1","FearNoEvil+1","Wish","MentalFortress+1","MentalFortress+1","Wireheading+1"],"relics":["Astrolabe","Potion Belt","Regal Pillow","Ornamental Fan","Mummified Hand","SlaversCollar","Happy Flower","Ginger","Shuriken","Bag of Preparation","MealTicket","Nunchaku","Fusion Hammer","Blue Candle","Frozen Egg 2","Singing Bowl","Thread and Needle","Akabeko","Mango","Orrery","Oddly Smooth Stone"],"acts_visited":["Exordium","TheCity","TheBeyond","TheEnding"],"potions_floor_usage":[18,29,30,33,36,50,55,55,55,55,55],"damage_taken":[{"damage":0,"enemies":"2 Louse","floor":1,"turns":1},{"damage":0,"enemies":"Jaw Worm","floor":2,"turns":3},{"damage":3,"enemies":"Small Slimes","floor":3,"turns":2},{"damage":0,"enemies":"2 Fungi Beasts","floor":4,"turns":2},{"damage":8,"enemies":"Exordium Wildlife","floor":5,"turns":3},{"damage":4,"enemies":"3 Sentries","floor":6,"turns":4},{"damage":12,"enemies":"Gremlin Nob","floor":10,"turns":3},{"damage":2,"enemies":"3 Sentries","floor":12,"turns":4},{"damage":1,"enemies":"Blue Slaver","floor":14,"turns":3},{"damage":7,"enemies":"The Guardian","floor":16,"turns":8},{"damage":7,"enemies":"2 Thieves","floor":18,"turns":4},{"damage":2,"enemies":"Chosen","floor":21,"turns":5},{"damage":9,"enemies":"Snake Plant","floor":22,"turns":5},{"damage":22,"enemies":"Slavers","floor":24,"turns":5},{"damage":2,"enemies":"Book of Stabbing","floor":27,"turns":4},{"damage":0,"enemies":"Cultist and Chosen","floor":29,"turns":2},{"damage":8,"enemies":"Gremlin Leader","floor":30,"turns":3},{"damage":0,"enemies":"Collector","floor":33,"turns":5},{"damage":0,"enemies":"3 Shapes","floor":35,"turns":2},{"damage":0,"enemies":"3 Darklings","floor":36,"turns":1},{"damage":0,"enemies":"Transient","floor":37,"turns":6},{"damage":0,"enemies":"Maw","floor":38,"turns":4},{"damage":0,"enemies":"Giant Head","floor":40,"turns":6},{"damage":0,"enemies":"Nemesis","floor":42,"turns":5},{"damage":0,"enemies":"Mind Bloom Boss Battle","floor":45,"turns":4},{"damage":0,"enemies":"Giant Head","floor":46,"turns":4},{"damage":0,"enemies":"Reptomancer","floor":48,"turns":5},{"damage":0,"enemies":"Time Eater","floor":50,"turns":5},{"damage":17,"enemies":"Shield and Spear","floor":54,"turns":4},{"damage":9,"enemies":"The Heart","floor":55,"turns":6}],"seed_played":"8044484842291319389","potions_obtained":[{"floor":1,"key":"SkillPotion"},{"floor":4,"key":"Weak Potion"},{"floor":6,"key":"SmokeBomb"},{"floor":10,"key":"BlessingOfTheForge"},{"floor":21,"key":"Energy Potion"},{"floor":27,"key":"PowerPotion"},{"floor":29,"key":"SteroidPotion"},{"floor":30,"key":"SpeedPotion"},{"floor":33,"key":"Explosive Potion"},{"floor":38,"key":"Weak Potion"},{"floor":42,"key":"SkillPotion"},{"floor":45,"key":"Fire Potion"},{"floor":46,"key":"Swift Potion"},{"floor":54,"key":"Regen Potion"}],"is_trial":false,"path_per_floor":["M","M","M","M","M","E","?","R","T","E","?","E","R","M","R","B",null,"M","?","$","M","M","R","E","?","T","E","?","M","E","?","R","B",null,"M","M","M","M","?","E","R","E","T","$","?","E","?","E","R","B",null,"R","$","E","B",null],"character_chosen":"WATCHER","items_purchased":["Vault","Happy Flower","Orrery","Wireheading+1","SpeedPotion"],"campfire_rested":4,"item_purchase_floors":[20,20,53,53,53],"current_hp_per_floor":[65,65,62,62,54,50,50,50,50,38,31,29,65,64,64,57,68,61,48,48,46,37,75,53,53,53,51,51,51,43,43,43,43,69,69,69,69,69,69,69,69,69,69,73,73,73,73,87,87,87,87,87,93,78,84],"gold":70,"neow_bonus":"BOSS_RELIC","is_daily":false,"chose_seed":false,"campfire_upgraded":3,"win_rate":0.0,"timestamp":1609699477,"path_taken":["M","M","M","M","M","E","?","R","T","E","?","E","R","M","R","BOSS","M","?","$","M","M","R","E","?","T","E","?","?","E","?","R","BOSS","M","M","M","M","?","E","R","E","T","$","?","E","?","E","R","BOSS","R","$","E","BOSS"],"items_purchased_type":["Card","Relic","Relic","Card","Potion"],"build_version":"2020-12-22","purchased_purges":2,"victory":true,"max_hp_per_floor":[72,72,72,72,72,72,72,72,72,72,72,72,72,72,72,72,72,72,77,77,77,77,77,77,77,77,77,77,77,77,77,77,77,77,77,77,77,77,73,73,73,73,73,73,73,73,73,87,87,87,87,87,93,95,95],"relic_stats":{"Regal Pillow":30,"Happy Flower":[27],"Singing Bowl":8,"counters":[30,118],"Astrolabe":["Protect","Scrawl","ReachHeaven"],"Blue Candle":[0],"Bag of Preparation":[30],"Ginger":[12],"Nunchaku":[20],"Ornamental Fan":[300],"Mummified Hand":[141],"Shuriken":[64],"MealTicket":4,"obtain_stats":[{"Potion Belt":6,"Regal Pillow":7,"Happy Flower":20,"Singing Bowl":43,"Astrolabe":0,"Blue Candle":40,"Oddly Smooth Stone":54,"Thread and Needle":45,"Mango":48,"Bag of Preparation":27,"Ginger":24,"Frozen Egg 2":42,"Akabeko":46,"SlaversCollar":17,"Nunchaku":30,"Ornamental Fan":10,"Mummified Hand":12,"Shuriken":26,"Orrery":53,"MealTicket":28,"Fusion Hammer":34,"PureWater":0},{"Potion Belt":6,"Regal Pillow":6,"Happy Flower":11,"Singing Bowl":24,"Astrolabe":0,"Blue Candle":23,"Oddly Smooth Stone":29,"Thread and Needle":25,"Mango":27,"Bag of Preparation":15,"Ginger":14,"Frozen Egg 2":24,"Akabeko":26,"SlaversCollar":10,"Nunchaku":17,"Ornamental Fan":7,"Mummified Hand":8,"Shuriken":14,"Orrery":28,"MealTicket":15,"Fusion Hammer":18,"PureWater":0},{"Potion Belt":15,"Regal Pillow":15,"Happy Flower":37,"Singing Bowl":90,"Astrolabe":0,"Blue Candle":85,"Oddly Smooth Stone":112,"Thread and Needle":94,"Mango":103,"Bag of Preparation":56,"Ginger":52,"Frozen Egg 2":90,"Akabeko":98,"SlaversCollar":33,"Nunchaku":61,"Ornamental Fan":18,"Mummified Hand":22,"Shuriken":52,"Orrery":108,"MealTicket":56,"Fusion Hammer":66,"PureWater":0}]},"card_choices":[{"not_picked":["Sanctity","EmptyBody"],"picked":"MentalFortress","floor":1},{"not_picked":["Weave","FollowUp"],"picked":"CrushJoints","floor":2},{"not_picked":["MentalFortress","InnerPeace"],"picked":"Meditate","floor":3},{"not_picked":["FlyingSleeves","SashWhip"],"picked":"FlurryOfBlows","floor":4},{"not_picked":["Halt","ForeignInfluence"],"picked":"Tantrum","floor":5},{"not_picked":["Wireheading","Worship"],"picked":"WaveOfTheHand","floor":6},{"not_picked":["Sanctity","Establishment"],"picked":"EmptyMind","floor":10},{"not_picked":["Collect","FlurryOfBlows"],"picked":"Wireheading","floor":12},{"not_picked":["CrushJoints","SashWhip"],"picked":"Study","floor":14},{"not_picked":["Devotion","Alpha"],"picked":"MasterReality","floor":16},{"not_picked":["Wallop","WindmillStrike"],"picked":"DeceiveReality+1","floor":18},{"not_picked":["PathToVictory","Consecrate"],"picked":"ClearTheMind+1","floor":21},{"not_picked":["BowlingBash","WreathOfFlame+1"],"picked":"Adaptation+1","floor":22},{"not_picked":["Vengeance","Fasting2","EmptyMind+1"],"picked":"SKIP","floor":24},{"not_picked":["ThirdEye","Ragnarok","WheelKick"],"picked":"SKIP","floor":27},{"not_picked":["Evaluate+1","EmptyFist","Worship"],"picked":"SKIP","floor":29},{"not_picked":["Wallop","CrushJoints","FlurryOfBlows"],"picked":"SKIP","floor":30},{"not_picked":["Ragnarok","SpiritShield"],"picked":"LessonLearned","floor":33},{"not_picked":["CutThroughFate+1","FlurryOfBlows+1"],"picked":"Halt+1","floor":35},{"not_picked":["ForeignInfluence","WaveOfTheHand+1","Conclude"],"picked":"SKIP","floor":37},{"not_picked":["PathToVictory","JustLucky","WaveOfTheHand"],"picked":"SKIP","floor":38},{"not_picked":["BowlingBash+1","Worship","Alpha"],"picked":"SKIP","floor":40},{"not_picked":["EmptyFist","Perseverance+1","Swivel+1"],"picked":"SKIP","floor":42},{"not_picked":["EmptyBody+1","CrushJoints"],"picked":"ClearTheMind+1","floor":45},{"not_picked":["CrushJoints","SashWhip+1"],"picked":"FearNoEvil+1","floor":46},{"not_picked":["Tantrum+1","Consecrate+1"],"picked":"Wish","floor":48},{"not_picked":["JustLucky","SignatureMove+1"],"picked":"MentalFortress+1","floor":53},{"not_picked":["FollowUp+1","Fasting2+1","ThirdEye"],"picked":"Singing Bowl","floor":53},{"not_picked":["Worship","Nirvana+1"],"picked":"MentalFortress+1","floor":53},{"not_picked":["WreathOfFlame","SashWhip","Vengeance+1"],"picked":"Singing Bowl","floor":53},{"not_picked":["Indignation","SashWhip+1","Prostrate"],"picked":"Singing Bowl","floor":53},{"not_picked":["Judgement","FlurryOfBlows","FollowUp+1"],"picked":"Singing Bowl","floor":54}],"player_experience":1323801,"relics_obtained":[{"floor":6,"key":"Potion Belt"},{"floor":10,"key":"Ornamental Fan"},{"floor":12,"key":"Mummified Hand"},{"floor":24,"key":"Ginger"},{"floor":26,"key":"Shuriken"},{"floor":27,"key":"Bag of Preparation"},{"floor":30,"key":"Nunchaku"},{"floor":40,"key":"Blue Candle"},{"floor":42,"key":"Frozen Egg 2"},{"floor":43,"key":"Singing Bowl"},{"floor":45,"key":"Thread and Needle"},{"floor":46,"key":"Akabeko"},{"floor":48,"key":"Mango"},{"floor":54,"key":"Oddly Smooth Stone"}],"event_choices":[{"damage_healed":0,"gold_gain":30,"player_choice":"Searched \u00273\u0027 times","damage_taken":0,"relics_obtained":["Regal Pillow"],"max_hp_gain":0,"max_hp_loss":0,"event_name":"Dead Adventurer","floor":7,"gold_loss":0},{"cards_removed":["Strike_P"],"damage_healed":0,"gold_gain":0,"player_choice":"Card Removal","damage_taken":7,"max_hp_gain":0,"max_hp_loss":0,"event_name":"Golden Wing","floor":11,"gold_loss":0},{"damage_healed":0,"gold_gain":0,"player_choice":"Shed Blood","damage_taken":18,"max_hp_gain":5,"max_hp_loss":0,"event_name":"Forgotten Altar","floor":19,"gold_loss":0},{"cards_removed":["Defend_P"],"damage_healed":0,"gold_gain":0,"player_choice":"Gave Gold","damage_taken":0,"max_hp_gain":0,"max_hp_loss":0,"event_name":"Beggar","floor":25,"gold_loss":75},{"damage_healed":0,"gold_gain":0,"player_choice":"Opened","damage_taken":0,"relics_obtained":["MealTicket"],"max_hp_gain":0,"max_hp_loss":0,"event_name":"The Mausoleum","floor":28,"gold_loss":0,"cards_obtained":["Writhe"]},{"damage_healed":0,"gold_gain":0,"player_choice":"Ignored","damage_taken":0,"max_hp_gain":0,"max_hp_loss":0,"event_name":"Vampires","floor":31,"gold_loss":0},{"damage_healed":0,"gold_gain":0,"player_choice":"Max HP","damage_taken":0,"max_hp_gain":0,"max_hp_loss":4,"event_name":"Winding Halls","floor":39,"gold_loss":0},{"damage_healed":0,"gold_gain":0,"player_choice":"Fight","damage_taken":0,"max_hp_gain":0,"max_hp_loss":0,"event_name":"MindBloom","floor":45,"gold_loss":0},{"damage_healed":0,"gold_gain":0,"player_choice":"Upgraded","damage_taken":0,"max_hp_gain":0,"max_hp_loss":0,"event_name":"Upgrade Shrine","floor":47,"gold_loss":0,"cards_upgraded":["Vault"]}],"is_beta":false,"boss_relics":[{"not_picked":["Empty Cage","Runic Pyramid"],"picked":"SlaversCollar"},{"not_picked":["VioletLotus","Cursed Key"],"picked":"Fusion Hammer"}],"items_purged_floors":[20,44],"is_endless":false,"potions_floor_spawned":[1,4,6,10,21,27,29,30,33,38,42,45,46,54],"ascension_level":9}}