{"host":"ryuep8ewa00k39z9","time":1609632626,"event":{"mods":["AchievementEnabler","BaseMod","Best Route Mod","Colored Map","Colored Powertips","Displayed Cursed Tome","Highlight Path","Minty Spire (QoL Compilation)","Quick Restart","SuperFastMode"],"gold_per_floor":[365,380,47,59,59,88,88,116,198,198,212,243,255,255,255,351,351,361,411,89,106,126,126,160,160,236,236,254,254,279,279,279,279,279],"floor_reached":33,"playtime":1091,"items_purged":["Parasite","Strike_B"],"score":426,"play_id":"11ef6848-2171-43bb-a367-44560f9953cd","local_time":"20210102181026","is_ascension_mode":true,"campfire_choices":[{"data":"Ball Lightning","floor":7.0,"key":"SMITH"},{"data":"Darkness","floor":15.0,"key":"SMITH"},{"data":"Fission","floor":23.0,"key":"SMITH"},{"data":"Chaos","floor":27.0,"key":"SMITH"},{"floor":32.0,"key":"REST"}],"circlet_count":0,"master_deck":["Strike_B","Strike_B","Strike_B","Defend_B","Defend_B","Defend_B","Defend_B","Zap","Dualcast","Ball Lightning+1","Conserve Battery","Beam Cell+1","Rip and Tear+1","Darkness+1","FTL+1","Defragment+1","Fission+1","Ball Lightning+1","Compile Driver+1","Ball Lightning+1","Chaos+1","Thunder Strike+1"],"relics":["Cracked Core","Molten Egg 2","Emotion Chip","Boot","Gremlin Horn","MealTicket","Nuclear Battery","Juzu Bracelet","Bottled Lightning","Mercury Hourglass","Smiling Mask"],"acts_visited":["Exordium","TheCity"],"potions_floor_usage":[33],"damage_taken":[{"damage":0.0,"enemies":"Small Slimes","floor":1.0,"turns":3.0},{"damage":0.0,"enemies":"2 Louse","floor":2.0,"turns":1.0},{"damage":1.0,"enemies":"Cultist","floor":4.0,"turns":3.0},{"damage":18.0,"enemies":"Gremlin Nob","floor":6.0,"turns":3.0},{"damage":13.0,"enemies":"Lagavulin","floor":8.0,"turns":6.0},{"damage":1.0,"enemies":"Blue Slaver","floor":11.0,"turns":3.0},{"damage":0.0,"enemies":"3 Sentries","floor":12.0,"turns":3.0},{"damage":5.0,"enemies":"Exordium Thugs","floor":13.0,"turns":3.0},{"damage":12.0,"enemies":"Slime Boss","floor":16.0,"turns":5.0},{"damage":5.0,"enemies":"Shell Parasite","floor":18.0,"turns":4.0},{"damage":0.0,"enemies":"Spheric Guardian","floor":21.0,"turns":3.0},{"damage":31.0,"enemies":"Shelled Parasite and Fungi","floor":22.0,"turns":4.0},{"damage":10.0,"enemies":"Slavers","floor":24.0,"turns":3.0},{"damage":16.0,"enemies":"Centurion and Healer","floor":28.0,"turns":2.0},{"damage":9.0,"enemies":"Book of Stabbing","floor":30.0,"turns":2.0},{"damage":51,"enemies":"Collector","floor":33,"turns":5}],"seed_played":"8896198360665534500","potions_obtained":[{"floor":1.0,"key":"DuplicationPotion"},{"floor":10.0,"key":"Regen Potion"},{"floor":10.0,"key":"Explosive Potion"},{"floor":10.0,"key":"CultistPotion"},{"floor":11.0,"key":"Weak Potion"},{"floor":12.0,"key":"GamblersBrew"},{"floor":21.0,"key":"ColorlessPotion"},{"floor":30.0,"key":"Explosive Potion"}],"is_trial":false,"path_per_floor":["M","M","$","M","?","E","R","E","T","?","M","E","M","?","R","B",null,"M","?","$","M","M","R","E","?","T","R","M","?","E","?","R","B"],"character_chosen":"DEFECT","items_purchased":["Molten Egg 2","Ball Lightning+1","Juzu Bracelet","Compile Driver+1"],"campfire_rested":1,"item_purchase_floors":[3,20,20,20],"current_hp_per_floor":[68,68,68,67,72,54,54,41,41,41,45,45,40,40,40,28,65,60,60,75,75,44,44,34,34,34,34,18,15,6,6,29,0,0],"gold":279,"neow_bonus":"TWO_FIFTY_GOLD","is_daily":false,"chose_seed":false,"campfire_upgraded":4,"win_rate":0.0,"timestamp":1609632626,"path_taken":["M","M","$","M","?","E","R","E","T","?","M","E","?","?","R","BOSS","M","?","?","M","M","R","E","?","T","R","M","?","E","?","R","BOSS"],"items_purchased_type":["Relic","Card","Relic","Card"],"build_version":"2020-12-22","purchased_purges":2,"victory":false,"max_hp_per_floor":[75,75,72,72,77,77,77,77,77,77,77,77,77,77,77,77,77,77,77,77,77,77,77,77,77,77,77,77,77,77,77,77,77,77],"card_choices":[{"not_picked":["Go for the Eyes","Beam Cell"],"picked":"Ball Lightning","floor":1.0},{"not_picked":["Hologram","Undo"],"picked":"Conserve Battery","floor":2.0},{"not_picked":["Steam","Skim"],"picked":"Beam Cell+1","floor":4.0},{"not_picked":["Go for the Eyes+1","Stack"],"picked":"Rip and Tear+1","floor":6.0},{"not_picked":["Reboot","Steam"],"picked":"Darkness","floor":8.0},{"not_picked":["Conserve Battery","Hologram"],"picked":"FTL+1","floor":11.0},{"not_picked":["Conserve Battery","Sweeping Beam+1"],"picked":"Defragment","floor":12.0},{"not_picked":["Stack","Steam","Beam Cell+1"],"picked":"SKIP","floor":13.0},{"not_picked":["Machine Learning","Seek"],"picked":"Fission","floor":16.0},{"not_picked":["Coolheaded","Go for the Eyes+1","Sweeping Beam+1"],"picked":"SKIP","floor":18.0},{"not_picked":["Redo","Barrage+1","Gash+1"],"picked":"SKIP","floor":21.0},{"not_picked":["Beam Cell+1","Aggregate"],"picked":"Ball Lightning+1","floor":22.0},{"not_picked":["Compile Driver+1","Reboot"],"picked":"Chaos","floor":24.0},{"not_picked":["Gash+1","Aggregate","Hologram"],"picked":"SKIP","floor":28.0},{"not_picked":["Fusion+1","Stack"],"picked":"Thunder Strike+1","floor":30.0}],"player_experience":3749855,"relics_obtained":[{"floor":6.0,"key":"Emotion Chip"},{"floor":8.0,"key":"Boot"},{"floor":9.0,"key":"Gremlin Horn"},{"floor":12.0,"key":"MealTicket"},{"floor":24.0,"key":"Bottled Lightning"},{"floor":26.0,"key":"Mercury Hourglass"},{"floor":30.0,"key":"Smiling Mask"}],"event_choices":[{"damage_healed":0.0,"max_hp_gain":5.0,"max_hp_loss":0.0,"gold_gain":0.0,"event_name":"Big Fish","player_choice":"Donut","floor":5.0,"gold_loss":0.0,"damage_taken":0.0},{"damage_healed":0.0,"max_hp_gain":0.0,"max_hp_loss":0.0,"gold_gain":0.0,"event_name":"Lab","player_choice":"Got Potions","floor":10.0,"gold_loss":0.0,"damage_taken":0.0},{"damage_healed":0.0,"max_hp_gain":0.0,"max_hp_loss":0.0,"gold_gain":0.0,"event_name":"Liars Game","player_choice":"Ignored","floor":14.0,"gold_loss":0.0,"damage_taken":0.0},{"damage_healed":0.0,"max_hp_gain":0.0,"max_hp_loss":0.0,"gold_gain":100.0,"event_name":"The Joust","player_choice":"Bet on Murderer","floor":19.0,"gold_loss":50.0,"damage_taken":0.0},{"damage_healed":0.0,"max_hp_gain":0.0,"max_hp_loss":0.0,"gold_gain":0.0,"event_name":"Ghosts","player_choice":"Ignored","floor":25.0,"gold_loss":0.0,"damage_taken":0.0},{"damage_healed":0.0,"max_hp_gain":0.0,"max_hp_loss":0.0,"gold_gain":0.0,"event_name":"Designer","player_choice":"Punched","floor":29.0,"gold_loss":0.0,"damage_taken":3.0},{"damage_healed":0.0,"max_hp_gain":0.0,"max_hp_loss":0.0,"gold_gain":0.0,"event_name":"Accursed Blacksmith","player_choice":"Forge","floor":31.0,"gold_loss":0.0,"damage_taken":0.0,"cards_upgraded":["Defragment"]}],"is_beta":false,"boss_relics":[{"not_picked":["Tiny House","Fusion Hammer"],"picked":"Nuclear Battery"}],"items_purged_floors":[3,20],"is_endless":false,"potions_floor_spawned":[1,11,12,21,30],"killed_by":"Collector","ascension_level":6}}