{"host":"sfqxmtwcpkqrvrbt","time":1609655272,"event":{"mods":["AchievementEnabler","BaseMod","DeckTracker","Minty Spire (QoL Compilation)"],"gold_per_floor":[119,119,130,149,149,149,160,192,192,192,205,205,227,241,241,337,337,355,355,367,367,292,320,245,279,279,304,304,321,236,261,261,361,361,376,376,376,399,414,441,461,495,495,395,445,21,50,50,50,50],"floor_reached":51,"playtime":3186,"items_purged":["Strike_P","Strike_P+1","Defend_P+1"],"score":1022,"play_id":"01218261-2a62-4631-bfac-7a3e342ecee0","local_time":"20210103152752","is_ascension_mode":true,"campfire_choices":[{"floor":6.0,"key":"REST"},{"floor":10,"key":"REST"},{"floor":12,"key":"REST"},{"floor":15,"key":"RECALL"},{"floor":32,"key":"REST"},{"data":"LessonLearned+1","floor":49,"key":"PURGE"}],"circlet_count":0,"master_deck":["Eruption+1","Vigilance+1","ForeignInfluence+1","Meditate","ThirdEye","DeusExMachina","CutThroughFate","Judgement+1","CurseOfTheBell","BowlingBash+1","ThirdEye+1","Sanctity","EmptyFist","EmptyBody+1","Indignation+1","Omniscience+1","CarveReality+1","WheelKick+1","Thinking Ahead","CutThroughFate+1","ForeignInfluence+1","Protect"],"relics":["Fusion Hammer","NlothsMask","Gremlin Horn","Odd Mushroom","Calling Bell","Omamori","Letter Opener","Ginger","Necronomicon","Kunai","White Beast Statue","Sundial","Bag of Marbles","Boot","Eternal Feather","Astrolabe","Happy Flower","Question Card","PreservedInsect","Meat on the Bone","Torii","Gambling Chip","Peace Pipe"],"acts_visited":["Exordium","TheCity","TheBeyond"],"potions_floor_usage":[8,16,18,23,31,40,40,42,45,50,50],"damage_taken":[{"damage":4.0,"enemies":"Small Slimes","floor":1.0,"turns":4.0},{"damage":0.0,"enemies":"Cultist","floor":3.0,"turns":2.0},{"damage":0.0,"enemies":"2 Louse","floor":4.0,"turns":3.0},{"damage":4.0,"enemies":"Red Slaver","floor":7.0,"turns":3.0},{"damage":28,"enemies":"3 Sentries","floor":8,"turns":9},{"damage":8,"enemies":"Blue Slaver","floor":11,"turns":6},{"damage":16,"enemies":"The Mushroom Lair","floor":13,"turns":4},{"damage":0,"enemies":"2 Fungi Beasts","floor":14,"turns":4},{"damage":47,"enemies":"Hexaghost","floor":16,"turns":11},{"damage":0,"enemies":"3 Byrds","floor":18,"turns":2},{"damage":7,"enemies":"Shell Parasite","floor":20,"turns":3},{"damage":2,"enemies":"Slavers","floor":23,"turns":3},{"damage":0,"enemies":"Gremlin Leader","floor":25,"turns":3},{"damage":7,"enemies":"Book of Stabbing","floor":27,"turns":3},{"damage":0,"enemies":"Snecko","floor":29,"turns":3},{"damage":0,"enemies":"Gremlin Leader","floor":31,"turns":3},{"damage":7,"enemies":"Champ","floor":33,"turns":7},{"damage":1,"enemies":"3 Shapes","floor":35,"turns":3},{"damage":0,"enemies":"3 Darklings","floor":39,"turns":2},{"damage":3,"enemies":"Giant Head","floor":40,"turns":6},{"damage":0,"enemies":"Sphere and 2 Shapes","floor":41,"turns":2},{"damage":0,"enemies":"Nemesis","floor":42,"turns":3},{"damage":3,"enemies":"Mind Bloom Boss Battle","floor":45,"turns":3},{"damage":0,"enemies":"Reptomancer","floor":47,"turns":2},{"damage":33,"enemies":"Awakened One","floor":50,"turns":5}],"seed_played":"-8490255092678578093","potions_obtained":[{"floor":1.0,"key":"Fire Potion"},{"floor":8,"key":"FearPotion"},{"floor":14,"key":"Swift Potion"},{"floor":16,"key":"ColorlessPotion"},{"floor":20,"key":"AttackPotion"},{"floor":27,"key":"Fire Potion"},{"floor":29,"key":"SmokeBomb"},{"floor":31,"key":"BottledMiracle"},{"floor":33,"key":"ColorlessPotion"},{"floor":40,"key":"GamblersBrew"},{"floor":41,"key":"Ambrosia"},{"floor":42,"key":"BlessingOfTheForge"},{"floor":45,"key":"AttackPotion"},{"floor":47,"key":"Strength Potion"}],"is_trial":false,"path_per_floor":["M","?","M","M","?","R","M","E","T","R","M","R","?","M","R","B",null,"M","?","M","?","$","E","?","E","T","E","?","M","?","E","R","B",null,"M","?","?","T","M","E","M","E","T","$","?","$","E","?","R","B",null],"character_chosen":"WATCHER","items_purchased":["Gambling Chip"],"campfire_rested":4,"item_purchase_floors":[46],"current_hp_per_floor":[68,68,68,68,68,72,68,40,40,61,53,72,56,56,56,9,72,72,72,65,49,49,47,47,47,47,40,40,40,40,40,72,65,72,71,68,68,68,68,65,65,65,65,65,62,62,62,62,68,35],"gold":50,"neow_bonus":"BOSS_RELIC","is_daily":false,"chose_seed":false,"campfire_upgraded":0,"win_rate":0.0,"timestamp":1609655272,"path_taken":["M","?","?","M","?","R","?","E","T","R","M","R","?","M","R","BOSS","M","?","?","?","$","E","?","E","T","E","?","?","?","E","R","BOSS","M","?","?","?","?","E","M","E","T","$","?","$","E","?","R","BOSS"],"items_purchased_type":["Relic"],"build_version":"2020-12-22","purchased_purges":3,"victory":true,"max_hp_per_floor":[72,72,72,72,72,72,72,72,72,72,72,72,72,72,72,72,72,72,72,72,72,72,72,72,72,72,72,72,72,72,72,72,72,72,72,68,68,68,68,68,68,68,68,68,68,68,68,68,68,68],"card_choices":[{"not_picked":["EmptyBody","SashWhip"],"picked":"ForeignInfluence","floor":1.0},{"not_picked":["Prostrate","Crescendo"],"picked":"Meditate","floor":3.0},{"not_picked":["ClearTheMind","JustLucky"],"picked":"ThirdEye","floor":4.0},{"not_picked":["Swivel","Halt"],"picked":"DeusExMachina","floor":7.0},{"not_picked":["Protect","JustLucky"],"picked":"LessonLearned","floor":8},{"not_picked":["Consecrate","Pray"],"picked":"CutThroughFate","floor":11},{"not_picked":["LikeWater","FollowUp","ConjureBlade"],"picked":"SKIP","floor":14},{"not_picked":["MasterReality","DeusExMachina"],"picked":"Judgement","floor":16},{"not_picked":["FlurryOfBlows","CarveReality+1"],"picked":"BowlingBash+1","floor":18},{"not_picked":["Pray","FlyingSleeves"],"picked":"ThirdEye","floor":20},{"not_picked":["CrushJoints","Evaluate+1"],"picked":"Sanctity","floor":23},{"not_picked":["Nirvana","CrushJoints"],"picked":"EmptyFist","floor":25},{"not_picked":["BattleHymn","LikeWater+1"],"picked":"EmptyBody","floor":27},{"not_picked":["BowlingBash","TalkToTheHand"],"picked":"Indignation+1","floor":29},{"not_picked":["Halt+1","EmptyFist+1","Study+1"],"picked":"SKIP","floor":31},{"not_picked":["Judgement","DevaForm"],"picked":"Omniscience","floor":33},{"not_picked":["ThirdEye","SandsOfTime","BowlingBash+1"],"picked":"SKIP","floor":35},{"not_picked":["Secret Technique","Discovery"],"picked":"Thinking Ahead","floor":37},{"not_picked":["FollowUp+1","BowlingBash+1"],"picked":"CutThroughFate+1","floor":39},{"not_picked":["CutThroughFate+1","Prostrate"],"picked":"ForeignInfluence+1","floor":40},{"not_picked":["FlurryOfBlows+1","CrushJoints","WindmillStrike+1"],"picked":"Protect","floor":41},{"not_picked":["Pray+1","MasterReality","Prostrate+1","EmptyFist+1"],"picked":"SKIP","floor":42},{"not_picked":["FlyingSleeves+1","WaveOfTheHand+1","WheelKick","LessonLearned"],"picked":"SKIP","floor":47}],"player_experience":52562,"relics_obtained":[{"floor":8,"key":"Gremlin Horn"},{"floor":13,"key":"Odd Mushroom"},{"floor":17,"key":"Omamori"},{"floor":17,"key":"Letter Opener"},{"floor":17,"key":"Ginger"},{"floor":21,"key":"Necronomicon"},{"floor":23,"key":"Kunai"},{"floor":25,"key":"White Beast Statue"},{"floor":26,"key":"Sundial"},{"floor":27,"key":"Bag of Marbles"},{"floor":31,"key":"Eternal Feather"},{"floor":38,"key":"Happy Flower"},{"floor":40,"key":"Question Card"},{"floor":42,"key":"PreservedInsect"},{"floor":43,"key":"Meat on the Bone"},{"floor":45,"key":"Torii"},{"floor":47,"key":"Peace Pipe"}],"event_choices":[{"cards_removed":["Strike_P"],"damage_healed":0.0,"max_hp_gain":0.0,"max_hp_loss":0.0,"gold_gain":0.0,"event_name":"Bonfire Elementals","player_choice":"Offered Basic","floor":2.0,"gold_loss":0.0,"damage_taken":0.0},{"damage_healed":0.0,"max_hp_gain":0.0,"max_hp_loss":0.0,"gold_gain":0.0,"event_name":"FaceTrader","player_choice":"Trade","floor":5.0,"gold_loss":0.0,"damage_taken":0.0,"relics_obtained":["NlothsMask"]},{"damage_healed":0,"gold_gain":0,"player_choice":"Fought Mushrooms","damage_taken":0,"max_hp_gain":0,"max_hp_loss":0,"event_name":"Mushrooms","floor":13,"gold_loss":0},{"damage_healed":0,"gold_gain":0,"player_choice":"Forge","damage_taken":0,"max_hp_gain":0,"max_hp_loss":0,"event_name":"Accursed Blacksmith","floor":19,"gold_loss":0,"cards_upgraded":["ForeignInfluence"]},{"damage_healed":0,"gold_gain":0,"player_choice":"Obtained Book","damage_taken":16,"max_hp_gain":0,"max_hp_loss":0,"event_name":"Cursed Tome","floor":21,"gold_loss":0},{"cards_removed":["Defend_P"],"damage_healed":0,"gold_gain":0,"player_choice":"Gave Gold","damage_taken":0,"max_hp_gain":0,"max_hp_loss":0,"event_name":"Beggar","floor":24,"gold_loss":75},{"damage_healed":0,"gold_gain":0,"player_choice":"Bought 0 Potions","damage_taken":0,"max_hp_gain":0,"max_hp_loss":0,"event_name":"The Woman in Blue","floor":28,"gold_loss":0},{"damage_healed":0,"gold_gain":0,"player_choice":"Obtained Relic","damage_taken":0,"relics_obtained":["Boot"],"max_hp_gain":0,"max_hp_loss":0,"event_name":"Addict","floor":30,"gold_loss":85},{"damage_healed":0,"gold_gain":0,"player_choice":"Max HP","damage_taken":0,"max_hp_gain":0,"max_hp_loss":4,"event_name":"Winding Halls","floor":36,"gold_loss":0},{"damage_healed":0,"gold_gain":0,"player_choice":"Memory 1","damage_taken":0,"max_hp_gain":0,"max_hp_loss":0,"event_name":"SensoryStone","floor":37,"gold_loss":0},{"damage_healed":0,"gold_gain":0,"player_choice":"Fight","damage_taken":0,"max_hp_gain":0,"max_hp_loss":0,"event_name":"MindBloom","floor":45,"gold_loss":0},{"cards_removed":["MasterReality"],"damage_healed":0,"gold_gain":0,"player_choice":"Removed Power","damage_taken":0,"max_hp_gain":0,"max_hp_loss":0,"event_name":"Falling","floor":48,"gold_loss":0}],"is_beta":false,"boss_relics":[{"not_picked":["Sozu","Tiny House"],"picked":"Calling Bell"},{"not_picked":["Pandora\u0027s Box","SacredBark"],"picked":"Astrolabe"}],"items_purged_floors":[22,44,46],"is_endless":false,"potions_floor_spawned":[1,8,14,16,20,27,29,31,33,35,39,40,41,42,45,47],"ascension_level":2}}