{"host":"roto7j7840a50pxh","time":1609700552,"event":{"mods":["Act Like it!","BaseMod","Better Altar","Better Note","Better Sensory Stone","Better Skull","Better Third Choice","BetterRewards","Colored Map","Colored Powertips","Downfall","Hermit","Highlight Path","Hubris","Infinite Spire","Minty Spire (QoL Compilation)","Replay The Spire","Robot Space Explorer","Shade Mod","Spicy Shops","StSLib","The Cursed","The Dragon Tamer","The Hierophant","The Necromancer","The Runesmith","The Servant 0.9.4","TheVacant"],"gold_per_floor":[119,141,160,189,215,215,250,250,274,300,338,365,365,392,392,506,506,525,534,557,578,26,26,50,85,130,130,166,191,212,221,221,327,372,401,410,439,462,462,502,502,525,549,584,116,135,135,174,174,174],"floor_reached":51,"playtime":5531,"items_purged":[],"score":1638,"play_id":"2f3e4146-6d35-495f-90db-17b0c5a9b99c","local_time":"20210103140232","is_ascension_mode":true,"campfire_choices":[{"data":"ReplayUltimateDefense","floor":6.0,"key":"SMITH"},{"data":"TheCursedMod:EmpowerCircles","floor":8.0,"key":"SMITH"},{"data":"TheCursedMod:CircleOfWindfury","floor":15.0,"key":"SMITH"},{"data":"TheCursedMod:CircleOfFocus","floor":23.0,"key":"SMITH"},{"data":"TheCursedMod:AntiAging","floor":27.0,"key":"SMITH"},{"data":"TheCursedMod:CleanUpWorkshop","floor":32.0,"key":"SMITH"},{"data":"TheCursedMod:NeowsMight","floor":47,"key":"SMITH"},{"data":"expansioncontent:DecasProtection","floor":49,"key":"SMITH"}],"circlet_count":0,"master_deck":["TheCursedMod:CursedWand","TheCursedMod:CleanUpWorkshop+1","TheCursedMod:Wield","Finesse","TheCursedMod:Stretching+1","TheCursedMod:Stretching","TheCursedMod:CircleOfCorruption","TheCursedMod:CircleOfCorruption","TheCursedMod:CircleOfWindfury+1","TheCursedMod:CircleOfAbyss","TheCursedMod:EmpowerCircles+1","TheCursedMod:CircleOfCorruption","TheCursedMod:CursedStaff","TheCursedMod:Hemoplague","TheCursedMod:DoubleShield+1","TheCursedMod:FleshFromBone","TheCursedMod:Stigma","TheCursedMod:VitalStrike","TheCursedMod:Stigma","ReplayUltimateDefense+1","TheCursedMod:Wield","TheCursedMod:SurpriseAttack","TheCursedMod:CursedStaff","TheCursedMod:TroublousMinions","TheCursedMod:CursedShiv","TheCursedMod:CursedBlade","TheCursedMod:DemonicPact","TheCursedMod:AbyssShockwave","TheCursedMod:BlessingInDisguise","TheCursedMod:SoulReap","TheCursedMod:WearCloak","TheCursedMod:AntiAging+1","TheCursedMod:CircleOfFlame","TheCursedMod:NeowsMight+1","TheCursedMod:CircleOfFocus+1","TheCursedMod:Obscuration","Overencumbered","TheCursedMod:Stretching","TheCursedMod:Stretching","TheCursedMod:SoulCrush","TheCursedMod:FleshFromBone","TheCursedMod:SurpriseAttack","TheCursedMod:TroublousMinions","TheCursedMod:SaltUponWound","TheCursedMod:CircleOfBlood+1","TheCursedMod:VitalStrike","TheCursedMod:SurpriseAttack","TheCursedMod:Neurasthenia","Hallucinations","theVacant:Crunch","TheCursedMod:NeowsMight+1","expansioncontent:DecasProtection+1","Replay:Fractal Strike","TheCursedMod:CursedBoomerang+1","infinitespire:Menacing","TheCursedMod:CursedMace","TheCursedMod:CircleOfCorruption+1","TheCursedMod:CursedBoomerang+1","TheCursedMod:SmokeScreen","TheCursedMod:Wield+1","TheCursedMod:SurpriseAttack+1","TheCursedMod:CircleOfFlame+1"],"relics":["TheCursedMod:PinkPellets","CeramicFish","ClockworkSouvenir","Bronze Scales","Lee\u0027s Waffle","Replay:Baseball","ReplayTheSpireMod:Lightbulb","Onion Ring","hubris:Stopwatch","ReplayTheSpireMod:CursedCoin","Replay:Rubber Ducky","White Beast Statue","HandDrill","ReplayFunnel","Matryoshka","Anchor","Tiny Chest","ReplayTheSpireMod:SealedPack","Orichalcum","Coffee Dripper","War Paint","MealTicket","Frozen Egg 2","infinitespire:Satchel","Nunchaku","Strange Spoon","Counterbalance","Letter Opener"],"acts_visited":["Exordium","TheCity","TheBeyond"],"potions_floor_usage":[48,50],"damage_taken":[{"damage":0.0,"enemies":"Jaw Worm","floor":1.0,"turns":2.0},{"damage":0.0,"enemies":"Cultist","floor":2.0,"turns":2.0},{"damage":8.0,"enemies":"2 Louse","floor":3.0,"turns":2.0},{"damage":12.0,"enemies":"2 Fungi Beasts","floor":4.0,"turns":3.0},{"damage":0.0,"enemies":"Large Slime","floor":5.0,"turns":4.0},{"damage":6.0,"enemies":"Lagavulin","floor":7.0,"turns":7.0},{"damage":26.0,"enemies":"Exordium Thugs","floor":10.0,"turns":4.0},{"damage":10.0,"enemies":"3 Sentries","floor":11.0,"turns":4.0},{"damage":0.0,"enemies":"Red Slaver","floor":12.0,"turns":2.0},{"damage":0.0,"enemies":"Lots of Slimes","floor":14.0,"turns":1.0},{"damage":0.0,"enemies":"Slime Boss","floor":16.0,"turns":7.0},{"damage":9.0,"enemies":"3 Byrds","floor":18.0,"turns":3.0},{"damage":4.0,"enemies":"2 Thieves","floor":20.0,"turns":2.0},{"damage":7.0,"enemies":"Cultist and Chosen","floor":21.0,"turns":4.0},{"damage":0.0,"enemies":"Snecko","floor":24.0,"turns":5.0},{"damage":20.0,"enemies":"Slavers","floor":25.0,"turns":4.0},{"damage":15.0,"enemies":"Gremlin Leader","floor":28.0,"turns":4.0},{"damage":0.0,"enemies":"Centurion and Healer","floor":29.0,"turns":4.0},{"damage":0.0,"enemies":"Shelled Parasite and Fungi","floor":30.0,"turns":4.0},{"damage":14.0,"enemies":"Automaton","floor":33.0,"turns":10.0},{"damage":0.0,"enemies":"3 Shapes","floor":35.0,"turns":5.0},{"damage":0.0,"enemies":"Orb Walker","floor":37.0,"turns":2.0},{"damage":0.0,"enemies":"Jaw Worm Horde","floor":38.0,"turns":3.0},{"damage":0.0,"enemies":"Giant Head","floor":40.0,"turns":5.0},{"damage":4.0,"enemies":"Writhing Mass","floor":42.0,"turns":5.0},{"damage":0.0,"enemies":"Reptomancer","floor":44.0,"turns":5.0},{"damage":4,"enemies":"3 Darklings","floor":46,"turns":3},{"damage":0,"enemies":"Giant Head","floor":48,"turns":8},{"damage":10,"enemies":"Time Eater","floor":50,"turns":9}],"seed_played":"-7471571043534350879","potions_obtained":[{"floor":2.0,"key":"Dexterity Potion"},{"floor":3.0,"key":"GamblersBrew"},{"floor":11.0,"key":"SpeedPotion"},{"floor":25.0,"key":"ColorlessPotion"},{"floor":28.0,"key":"FearPotion"},{"floor":29.0,"key":"LiquidMemories"},{"floor":30.0,"key":"Elixir"},{"floor":33.0,"key":"Swift Potion"},{"floor":35.0,"key":"BlessingOfTheForge"},{"floor":40.0,"key":"EntropicBrew"},{"floor":42.0,"key":"LiquidMemories"},{"floor":44.0,"key":"LiquidMemories"},{"floor":48,"key":"LiquidMemories"}],"is_trial":false,"path_per_floor":["M","M","M","M","M","R","E","R","T","M","E","M","?","M","R","B",null,"M","?","M","M","$","R","M","E","T","R","E","M","M","?","R_BF","B",null,"M","AVR","M","M","?","E","T","M","T","E","$","M","R","E","R","B",null],"character_chosen":"THE_CURSED","items_purchased":["TheCursedMod:EmpowerCircles","TheCursedMod:CircleOfCorruption","TheCursedMod:CursedStaff","CeramicFish","ClockworkSouvenir","TheCursedMod:Hemoplague","TheCursedMod:DoubleShield","Bronze Scales","TheCursedMod:FleshFromBone","TheCursedMod:Stigma","TheCursedMod:VitalStrike","TheCursedMod:Stigma","ReplayUltimateDefense","TheCursedMod:Wield","TheCursedMod:SurpriseAttack","Lee\u0027s Waffle","BlessingOfTheForge","ReplayTheSpireMod:CursedCoin","Replay:Rubber Ducky","White Beast Statue","TheCursedMod:Stretching","TheCursedMod:SoulCrush","HandDrill","ReplayFunnel","TheCursedMod:FleshFromBone","Strange Spoon","Counterbalance"],"campfire_rested":0,"item_purchase_floors":[0,0,0,0,0,0,0,0,0,0,0,0,0,0,0,0,0,22,22,22,22,22,22,22,22,45,45],"current_hp_per_floor":[82,82,74,62,62,62,56,56,56,30,20,20,25,25,25,30,73,72,72,75,68,68,68,74,59,59,59,44,53,61,61,61,66,88,91,91,91,91,91,101,101,104,104,107,107,103,103,110,110,110],"gold":174,"neow_bonus":"","is_daily":false,"chose_seed":false,"campfire_upgraded":8,"win_rate":0.0,"timestamp":1609700552,"path_taken":["M","M","M","M","M","R","E","R","T","M","E","M","?","M","R","BOSS","M","?","M","M","$","R","M","E","T","R","E","?","M","?","R_BF","BOSS","M","AVR","M","M","?","E","?","?","T","E","?","M","R","E","R","BOSS"],"items_purchased_type":["Card","Card","Card","Relic","Relic","Card","Card","Relic","Card","Card","Card","Card","Card","Card","Card","Relic","Potion","Relic","Relic","Relic","Card","Card","Relic","Relic","Card","Relic","Relic"],"build_version":"2020-12-22","purchased_purges":0,"victory":true,"max_hp_per_floor":[82,82,82,82,82,82,82,82,82,82,82,82,87,87,87,87,87,87,87,87,87,87,87,89,89,89,89,89,92,92,92,92,95,95,98,98,98,98,98,101,101,104,104,107,107,107,107,110,110,110],"card_choices":[{"not_picked":["TheCursedMod:VitalStrike","TheCursedMod:SpitefulStrike"],"picked":"TheCursedMod:CursedStaff","floor":1.0},{"not_picked":["TheCursedMod:SoulReap","TheCursedMod:CircleOfCorruption"],"picked":"TheCursedMod:TroublousMinions","floor":2.0},{"not_picked":["TheCursedMod:SpitefulStrike","TheCursedMod:Grudge"],"picked":"TheCursedMod:Stigma","floor":3.0},{"not_picked":["TheCursedMod:Torture","TheCursedMod:DoubleShield"],"picked":"TheCursedMod:CursedShiv","floor":4.0},{"not_picked":["TheCursedMod:SpreadPlague","TheCursedMod:CursedAmulet"],"picked":"TheCursedMod:CursedBlade","floor":5.0},{"not_picked":["TheCursedMod:CursedAmulet","TheCursedMod:RavingStaff"],"picked":"TheCursedMod:DemonicPact","floor":7.0},{"not_picked":["TheCursedMod:CursedSpellbook","TheCursedMod:RavingStaff"],"picked":"TheCursedMod:AbyssShockwave","floor":10.0},{"not_picked":["TheCursedMod:PrepareRite","TheCursedMod:BloodBarrier"],"picked":"TheCursedMod:BlessingInDisguise","floor":11.0},{"not_picked":["TheCursedMod:CircleOfFlame","TheCursedMod:CursedArmor"],"picked":"TheCursedMod:SoulReap","floor":12.0},{"not_picked":["TheCursedMod:SpitefulPray","TheCursedMod:BlessingInDisguise"],"picked":"TheCursedMod:WearCloak","floor":14.0},{"not_picked":["TheCursedMod:CursedRelics","TheCursedMod:OutForBlood"],"picked":"TheCursedMod:AntiAging","floor":16.0},{"not_picked":["TheCursedMod:CircleOfWindfury","TheCursedMod:CursedMace"],"picked":"TheCursedMod:CircleOfFlame","floor":18.0},{"not_picked":["TheCursedMod:EmpowerCircles","TheCursedMod:AbyssShockwave"],"picked":"TheCursedMod:CircleOfFocus","floor":20.0},{"not_picked":["TheCursedMod:BlessingInDisguise","TheCursedMod:DoubleShield"],"picked":"TheCursedMod:Obscuration","floor":21.0},{"not_picked":["TheCursedMod:CursedBlade","TheCursedMod:VitalStrike"],"picked":"TheCursedMod:SurpriseAttack","floor":24.0},{"not_picked":["TheCursedMod:SpitefulPlan","TheCursedMod:CursedStaff"],"picked":"TheCursedMod:TroublousMinions","floor":25.0},{"not_picked":["TheCursedMod:TacticalStrike","TheCursedMod:CursedAmulet"],"picked":"TheCursedMod:SaltUponWound","floor":28.0},{"not_picked":["TheCursedMod:TacticalStrike+1","TheCursedMod:BloodBarrier"],"picked":"TheCursedMod:CircleOfBlood+1","floor":29.0},{"not_picked":["TheCursedMod:SpitefulPray","TheCursedMod:CursedAmulet"],"picked":"TheCursedMod:VitalStrike","floor":30.0},{"not_picked":["TheCursedMod:UltimatePain","TheCursedMod:ShockAndAwe"],"picked":"TheCursedMod:Neurasthenia","floor":33.0},{"not_picked":["hermit:Snapshot","Guardian:CurlUp"],"picked":"theVacant:Crunch","floor":34.0},{"not_picked":["TheCursedMod:VoidForm","TheCursedMod:Neurasthenia"],"picked":"TheCursedMod:NeowsMight","floor":34.0},{"not_picked":["ReplayTheSpireMod:Trickstab","Replay:BasicMightCard"],"picked":"expansioncontent:DecasProtection","floor":34.0},{"not_picked":["infinitespire:Oblivion","ReplayTheSpireMod:Black Plague"],"picked":"Replay:Fractal Strike","floor":34.0},{"not_picked":["TheCursedMod:Stigma","TheCursedMod:ReleasedKnowledge"],"picked":"TheCursedMod:CursedBoomerang+1","floor":35.0},{"not_picked":["TheCursedMod:RavingStaff","TheCursedMod:TacticalStrike+1"],"picked":"TheCursedMod:CursedMace","floor":37.0},{"not_picked":["TheCursedMod:SpitefulStrike+1","TheCursedMod:Wield"],"picked":"TheCursedMod:CircleOfCorruption+1","floor":38.0},{"not_picked":["TheCursedMod:CollectTribute","TheCursedMod:AbyssShockwave+1"],"picked":"TheCursedMod:CursedBoomerang+1","floor":40.0},{"not_picked":["TheCursedMod:CircleOfFocus","TheCursedMod:Grudge+1"],"picked":"TheCursedMod:SmokeScreen","floor":42.0},{"not_picked":["TheCursedMod:CursedMace","TheCursedMod:EmpowerCircles+1"],"picked":"TheCursedMod:Wield+1","floor":44.0},{"not_picked":["TheCursedMod:SmokeScreen","TheCursedMod:Grudge+1"],"picked":"TheCursedMod:SurpriseAttack+1","floor":46},{"not_picked":["TheCursedMod:HellsGateOpen+1","TheCursedMod:ReleasedKnowledge"],"picked":"TheCursedMod:CircleOfFlame+1","floor":48}],"player_experience":1406349,"relics_obtained":[{"floor":7.0,"key":"Replay:Baseball"},{"floor":9.0,"key":"ReplayTheSpireMod:Lightbulb"},{"floor":11.0,"key":"Onion Ring"},{"floor":25.0,"key":"Matryoshka"},{"floor":26.0,"key":"Anchor"},{"floor":28.0,"key":"Tiny Chest"},{"floor":40.0,"key":"War Paint"},{"floor":41.0,"key":"MealTicket"},{"floor":41.0,"key":"Frozen Egg 2"},{"floor":43.0,"key":"infinitespire:Satchel"},{"floor":44.0,"key":"Nunchaku"},{"floor":48,"key":"Letter Opener"}],"event_choices":[{"damage_healed":0.0,"max_hp_gain":5.0,"max_hp_loss":0.0,"gold_gain":0.0,"event_name":"Big Fish","player_choice":"Donut","floor":13.0,"gold_loss":0.0,"damage_taken":0.0},{"cards_removed":["ReplayUltimateDefense"],"damage_healed":0.0,"max_hp_gain":0.0,"max_hp_loss":0.0,"gold_gain":0.0,"event_name":"betterNote:BetterNote","player_choice":"Take \u0026 Give","floor":19.0,"gold_loss":0.0,"damage_taken":0.0,"cards_obtained":["TheCursedMod:NeowsMight"]},{"damage_healed":0.0,"max_hp_gain":0.0,"max_hp_loss":0.0,"gold_gain":0.0,"event_name":"The Library","player_choice":"Read","floor":31.0,"gold_loss":0.0,"damage_taken":0.0,"cards_obtained":["TheCursedMod:SurpriseAttack"]},{"cards_removed":["TheCursedMod:Stigma"],"damage_healed":0.0,"max_hp_gain":0.0,"max_hp_loss":0.0,"gold_gain":0.0,"event_name":"Falling","player_choice":"Removed Attack","floor":39.0,"gold_loss":0.0,"damage_taken":0.0}],"is_beta":false,"boss_relics":[{"not_picked":["Kintsugi","Replay:Drink Me"],"picked":"hubris:Stopwatch"},{"not_picked":["hubris:ScarierMask","Fusion Hammer"],"picked":"ReplayTheSpireMod:SealedPack"}],"items_purged_floors":[],"is_endless":false,"potions_floor_spawned":[2,3,11,16,18,21,24,25,28,29,30,33,35,37,38,40,42,44,46,48],"ascension_level":6}}