{"host":"q4b0c643vtafhvqv","time":1609649943,"event":{"mods":["BaseMod","Colored Map","Colored Powertips","Minty Spire (QoL Compilation)","Quick Restart","StSLib","The Blue Laboratory","The Cursed","The Forsaken","The Marked"],"gold_per_floor":[418,493,508,508,525,554,479,493,493,505,529,567,539,568,580,696,708,737,749,761,791,183,209,209,238,261,261,261,261,7,17,17,114,114,133,133,152,2,13,13,41,41,109,128,28,44,44,44,44,44],"floor_reached":51,"playtime":3014,"items_purged":["Strike_B+1","Regret"],"score":798,"play_id":"7e09dd2b-13a1-4a07-b863-9ef7dbb21efe","local_time":"20210103125903","is_ascension_mode":false,"campfire_choices":[{"data":"Capacitor","floor":10.0,"key":"SMITH"},{"data":"Loop","floor":15.0,"key":"SMITH"},{"data":"Chaos","floor":24.0,"key":"SMITH"},{"floor":28,"key":"REST"},{"data":"Buffer","floor":32,"key":"SMITH"},{"data":"Buffer","floor":40,"key":"SMITH"},{"data":"Capacitor","floor":47,"key":"SMITH"},{"floor":49,"key":"REST"}],"circlet_count":0,"master_deck":["Defend_B+1","Defend_B+1","Dualcast+1","Seek","Streamline","Loop+1","Capacitor+1","White Noise","Machine Learning","Force Field","Chaos+1","Aggregate","Capacitor+1","Buffer+1","Buffer+1","Ball Lightning+1","Loop+1","Consume+1","Panacea","Panacea","Defragment+1","Madness","Madness"],"relics":["FrozenCore","NeowsBlessing","Pen Nib","MawBank","InkBottle","Inserter","Strange Spoon","Molten Egg 2","Boot","Letter Opener","theForsaken:Gavel","Mummified Hand","Cursed Key","DollysMirror","Darkstone Periapt","theForsaken:HumbleEgg"],"acts_visited":["Exordium","TheCity","TheBeyond"],"potions_floor_usage":[25,31,31,35,41,50],"damage_taken":[{"damage":0.0,"enemies":"2 Louse","floor":1.0,"turns":1.0},{"damage":0.0,"enemies":"Jaw Worm","floor":3.0,"turns":1.0},{"damage":0.0,"enemies":"Small Slimes","floor":5.0,"turns":1.0},{"damage":0.0,"enemies":"3 Sentries","floor":6.0,"turns":7.0},{"damage":3.0,"enemies":"Red Slaver","floor":8.0,"turns":2.0},{"damage":0.0,"enemies":"Gremlin Gang","floor":11.0,"turns":5.0},{"damage":0.0,"enemies":"Lagavulin","floor":12.0,"turns":6.0},{"damage":0.0,"enemies":"Large Slime","floor":14.0,"turns":5.0},{"damage":27.0,"enemies":"Slime Boss","floor":16.0,"turns":8.0},{"damage":8.0,"enemies":"Shell Parasite","floor":18.0,"turns":4.0},{"damage":2.0,"enemies":"2 Thieves","floor":21.0,"turns":3.0},{"damage":26.0,"enemies":"Slavers","floor":23.0,"turns":7.0},{"damage":13,"enemies":"Gremlin Leader","floor":25,"turns":7},{"damage":0,"enemies":"Centurion and Healer","floor":31,"turns":5},{"damage":0,"enemies":"Collector","floor":33,"turns":16},{"damage":0,"enemies":"3 Shapes","floor":35,"turns":3},{"damage":0,"enemies":"Orb Walker","floor":37,"turns":5},{"damage":5,"enemies":"4 Shapes","floor":39,"turns":4},{"damage":18,"enemies":"Nemesis","floor":41,"turns":6},{"damage":1,"enemies":"Spire Growth","floor":44,"turns":5},{"damage":5,"enemies":"3 Darklings","floor":46,"turns":6},{"damage":15,"enemies":"Time Eater","floor":50,"turns":10}],"seed_played":"6113777386257722368","potions_obtained":[{"floor":1.0,"key":"Dexterity Potion"},{"floor":3.0,"key":"BlessingOfTheForge"},{"floor":6.0,"key":"blueLaboratory:StoneskinPotion"},{"floor":13.0,"key":"blueLaboratory:FruitPunch"},{"floor":13.0,"key":"SneckoOil"},{"floor":18.0,"key":"Fire Potion"},{"floor":23.0,"key":"Explosive Potion"},{"floor":31,"key":"Ancient Potion"},{"floor":33,"key":"Swift Potion"},{"floor":37,"key":"blueLaboratory:FruitPunch"},{"floor":41,"key":"blueLaboratory:SystemWipe"}],"is_trial":false,"path_per_floor":["M","?","M","?","M","E","$","M","T","R","M","E","?","M","R","B",null,"M","?","?","M","$","E","R","E","T","?","R","?","$","M","R","B",null,"M","?","M","$","M","R","E","?","T","M","$","M","R","?","R","B",null],"character_chosen":"DEFECT","items_purchased":["Chaos","Strange Spoon","Molten Egg 2","blueLaboratory:EmptyBottle","blueLaboratory:FruitPunch","Mummified Hand","DollysMirror"],"campfire_rested":2,"item_purchase_floors":[22,22,22,22,22,30,38],"current_hp_per_floor":[75,64,64,64,64,64,64,61,61,61,61,61,61,61,61,34,75,67,67,67,67,67,41,41,28,28,28,51,76,76,78,78,78,79,79,79,79,79,74,74,58,48,54,53,53,48,48,37,63,48],"gold":44,"neow_bonus":"THREE_ENEMY_KILL","is_daily":false,"chose_seed":false,"campfire_upgraded":6,"win_rate":0.0,"timestamp":1609649943,"path_taken":["M","?","M","?","M","E","$","?","T","R","M","E","?","M","R","BOSS","M","?","?","M","$","E","R","E","T","?","R","?","$","M","R","BOSS","M","?","M","$","M","R","E","?","T","M","$","M","R","?","R","BOSS"],"items_purchased_type":["Card","Relic","Relic","Potion","Potion","Relic","Relic"],"build_version":"2020-12-22","purchased_purges":2,"victory":true,"max_hp_per_floor":[75,75,75,75,75,75,75,75,75,75,75,75,75,75,75,75,75,75,75,75,77,77,77,77,77,77,77,77,77,77,79,79,79,79,79,79,79,79,79,79,81,81,87,87,87,87,87,87,87,87],"card_choices":[{"not_picked":["Conserve Battery","Leap"],"picked":"Melter","floor":1.0},{"not_picked":["Steam","Skim","Reinforced Body"],"picked":"SKIP","floor":3.0},{"not_picked":["Redo","Leap"],"picked":"Streamline","floor":5.0},{"not_picked":["Steam","Hologram"],"picked":"Loop","floor":6.0},{"not_picked":["Hologram","Biased Cognition"],"picked":"Capacitor","floor":8.0},{"not_picked":["Cold Snap","Barrage"],"picked":"White Noise","floor":11.0},{"not_picked":["Auto Shields","Creative AI","Storm"],"picked":"SKIP","floor":12.0},{"not_picked":["Static Discharge","Gash","Sweeping Beam"],"picked":"SKIP","floor":14.0},{"not_picked":["All For One","Rainbow"],"picked":"Machine Learning","floor":16.0},{"not_picked":["Skim+1","Leap","Go for the Eyes"],"picked":"SKIP","floor":18.0},{"not_picked":["Compile Driver+1","Conserve Battery+1"],"picked":"Force Field","floor":21.0},{"not_picked":["Melter+1","Compile Driver+1","Storm"],"picked":"SKIP","floor":23.0},{"not_picked":["Hologram","Gash+1","Chaos"],"picked":"SKIP","floor":25},{"not_picked":["Streamline+1","Beam Cell+1"],"picked":"Buffer","floor":31},{"not_picked":["Electrodynamics","Fission"],"picked":"Buffer","floor":33},{"not_picked":["Steam+1","Aggregate+1","Leap"],"picked":"SKIP","floor":35},{"not_picked":["Compile Driver+1","Beam Cell+1"],"picked":"Ball Lightning+1","floor":37},{"not_picked":["Chaos","Streamline+1","Static Discharge+1"],"picked":"SKIP","floor":39},{"not_picked":["Storm+1","Ball Lightning+1"],"picked":"Consume+1","floor":41},{"not_picked":["Blind","Swift Strike+1"],"picked":"Panacea","floor":42},{"not_picked":["HandOfGreed+1","Discovery"],"picked":"Panacea","floor":42},{"not_picked":["Gash+1","Fusion+1","Cold Snap+1"],"picked":"SKIP","floor":44},{"not_picked":["Sweeping Beam+1","Streamline+1"],"picked":"Defragment+1","floor":46}],"player_experience":6543,"relics_obtained":[{"floor":6.0,"key":"Pen Nib"},{"floor":9.0,"key":"MawBank"},{"floor":12.0,"key":"InkBottle"},{"floor":23.0,"key":"Boot"},{"floor":25,"key":"Letter Opener"},{"floor":26,"key":"theForsaken:Gavel"},{"floor":41,"key":"Darkstone Periapt"},{"floor":43,"key":"theForsaken:HumbleEgg"}],"event_choices":[{"damage_healed":0.0,"max_hp_gain":0.0,"max_hp_loss":0.0,"gold_gain":75.0,"event_name":"World of Goop","player_choice":"Gather Gold","floor":2.0,"gold_loss":0.0,"damage_taken":11.0},{"damage_healed":0.0,"max_hp_gain":0.0,"max_hp_loss":0.0,"gold_gain":0.0,"cards_transformed":["Strike_B"],"event_name":"Transmorgrifier","player_choice":"Transformed","floor":4.0,"gold_loss":0.0,"damage_taken":0.0,"cards_obtained":["Seek"]},{"damage_healed":0.0,"max_hp_gain":0.0,"max_hp_loss":0.0,"gold_gain":0.0,"event_name":"The Woman in Blue","player_choice":"Bought 3 Potions","floor":13.0,"gold_loss":0.0,"damage_taken":0.0},{"damage_healed":0.0,"max_hp_gain":0.0,"max_hp_loss":0.0,"gold_gain":0.0,"event_name":"Ghosts","player_choice":"Ignored","floor":19.0,"gold_loss":0.0,"damage_taken":0.0},{"cards_removed":["Strike_B"],"damage_healed":0.0,"max_hp_gain":0.0,"max_hp_loss":0.0,"gold_gain":0.0,"event_name":"Back to Basics","player_choice":"Elegance","floor":20.0,"gold_loss":0.0,"damage_taken":0.0},{"damage_healed":0,"gold_gain":0,"cards_transformed":["Melter","Zap"],"player_choice":"Became Test Subject","damage_taken":0,"max_hp_gain":0,"max_hp_loss":0,"event_name":"Drug Dealer","floor":27,"gold_loss":0,"cards_obtained":["Aggregate","Capacitor"]},{"damage_healed":25,"gold_gain":0,"player_choice":"Heal","damage_taken":0,"max_hp_gain":0,"max_hp_loss":0,"event_name":"The Library","floor":29,"gold_loss":0},{"cards_removed":["Defend_B"],"damage_healed":0,"gold_gain":0,"player_choice":"Removed Skill","damage_taken":0,"max_hp_gain":0,"max_hp_loss":0,"event_name":"Falling","floor":36,"gold_loss":0},{"damage_healed":0,"gold_gain":0,"player_choice":"Memory 3","damage_taken":10,"max_hp_gain":0,"max_hp_loss":0,"event_name":"SensoryStone","floor":42,"gold_loss":0},{"damage_healed":0,"gold_gain":0,"player_choice":"Embrace Madness","damage_taken":11,"max_hp_gain":0,"max_hp_loss":0,"event_name":"Winding Halls","floor":48,"gold_loss":0,"cards_obtained":["Madness","Madness"]}],"is_beta":false,"boss_relics":[{"not_picked":["Coffee Dripper","Runic Pyramid"],"picked":"Inserter"},{"not_picked":["Busted Crown","Snecko Eye"],"picked":"Cursed Key"}],"items_purged_floors":[7,45],"is_endless":false,"potions_floor_spawned":[1,3,6,8,18,23,31,33,37,41],"ascension_level":0}}