{"host":"7trwizmysqu3yl6m","time":1609718055,"event":{"mods":["Act Like it!","BaseMod","Hallownest","Minty Spire (QoL Compilation)","StSLib","The Animator","The Bug Knight","The Kombatant"],"gold_per_floor":[119,119,131,142,156,191,116,129,129,129,157,176,176,193,193,298,348,358,46,46,57,71,104,104,123,123,141,141,141,61,16,16,116,116,130,45,57,57,57],"floor_reached":38,"playtime":2229,"items_purged":["HollowMod:FocusHealStart","HollowMod:NailStrikeStart"],"score":408,"play_id":"cd0dd89e-f242-4b60-8a70-160b00da665c","local_time":"20210104005415","is_ascension_mode":false,"campfire_choices":[{"data":"HollowMod:WraithStrike","floor":15,"key":"SMITH"},{"data":"Mayhem","floor":24,"key":"SMITH"},{"floor":29,"key":"REST"},{"floor":32,"key":"REST"}],"circlet_count":0,"master_deck":["HollowMod:NailStrikeStart+1","HollowMod:NailStrikeStart","HollowMod:QuickDashStart","HollowMod:QuickDashStart+1","HollowMod:QuickDashStart","HollowMod:QuickDashStart+1","HollowMod:PogoStrike","HollowMod:WraithStrike+1","HollowMod:FastStrike","HollowMod:BlackTendrils","HollowMod:DungDefenderAura","HollowMod:VengefulVoid","HollowMod:FallenFury","HollowMod:CycloneSlash","Dramatic Entrance","HollowMod:DescendingDark","HollowMod:BlackTendrils","HollowMod:SoulMaster","HollowMod:SiblingsSouls","HollowMod:DashSlash","Mayhem+1","HollowMod:ShadowDash","HollowMod:ShadowDash","Hallownest:skillCityofTearsMap","HollowMod:SlysStrikes","HollowMod:MantisMark+1","Hallownest:skillKingdomsEdgeMap"],"relics":["HollowMod:VesselMask","MealTicket","The Courier","War Paint","Tiny House","Membership Card","Hallownest:WatcherSealRelic","Ornamental Fan","Potion Belt","WarpedTongs","Empty Cage"],"acts_visited":["Exordium","Hallownest:Greenpath","Hallownest:CityofTears"],"potions_floor_usage":[16,16,33,33,37,38,38],"damage_taken":[{"damage":1,"enemies":"Hallownest:monsterHuskWarrior","floor":1,"turns":4},{"damage":1,"enemies":"Hallownest:monsterHuskGuard","floor":3,"turns":4},{"damage":2,"enemies":"Hallownest:2_MossCreeps","floor":4,"turns":5},{"damage":5,"enemies":"Hallownest:monsterMossCharger","floor":5,"turns":5},{"damage":21,"enemies":"Hallownest:eliteMossKnight","floor":6,"turns":7},{"damage":4,"enemies":"Hallownest:Guard_and_Warrior","floor":8,"turns":5},{"damage":21,"enemies":"Hallownest:eliteCrystalGuardian","floor":11,"turns":5},{"damage":0,"enemies":"Hallownest:monsterAspidMother","floor":12,"turns":2},{"damage":0,"enemies":"Hallownest:monsterMossCharger","floor":14,"turns":2},{"damage":13,"enemies":"Hallownest:BossFalseKnight","floor":16,"turns":6},{"damage":40,"enemies":"Hallownest:3_Youths","floor":18,"turns":7},{"damage":21,"enemies":"Hallownest:Guard_and_Sentry","floor":21,"turns":5},{"damage":22,"enemies":"Hallownest:3_Mistakes","floor":22,"turns":9},{"damage":28,"enemies":"Hallownest:eliteSoulWarrior","floor":23,"turns":6},{"damage":1,"enemies":"Hallownest:monsterShrumalOgre","floor":25,"turns":4},{"damage":29,"enemies":"Hallownest:Master_and_Novice","floor":27,"turns":4},{"damage":43,"enemies":"Hallownest:BossGrimm","floor":33,"turns":11},{"damage":55,"enemies":"Hallownest:2_Littles","floor":35,"turns":5},{"damage":36,"enemies":"Hallownest:Shield_Heavy","floor":37,"turns":4},{"damage":24,"enemies":"Hallownest:2_Soldiers_and_1_Guardian","floor":38,"turns":4}],"seed_played":"935735639439238496","potions_obtained":[{"floor":1,"key":"DistilledChaos"},{"floor":4,"key":"Dexterity Potion"},{"floor":8,"key":"AttackPotion"},{"floor":11,"key":"Strength Potion"},{"floor":12,"key":"FairyPotion"},{"floor":14,"key":"PowerPotion"},{"floor":17,"key":"Swift Potion"},{"floor":22,"key":"LiquidBronze"},{"floor":25,"key":"Weak Potion"},{"floor":35,"key":"Ancient Potion"},{"floor":37,"key":"GamblersBrew"}],"is_trial":false,"path_per_floor":["M","?","M","M","M","E","$","M","T","?","E","M","T","M","R","B",null,"M","$","?","M","M","E","R","M","T","M","?","R","?","?","R","B",null,"M","?","M","M"],"character_chosen":"THE_BUGKNIGHT","items_purchased":["Mayhem","Membership Card"],"campfire_rested":2,"item_purchase_floors":[19,19],"current_hp_per_floor":[74,74,73,73,68,49,64,63,63,63,47,52,52,52,52,45,80,40,55,55,39,23,30,30,32,32,6,6,30,30,36,61,47,86,50,50,19,0,0],"gold":57,"neow_bonus":"THREE_CARDS","is_daily":false,"chose_seed":false,"campfire_upgraded":2,"win_rate":0.0,"timestamp":1609718055,"path_taken":["M","?","M","M","M","E","$","M","T","?","E","M","?","M","R","BOSS","M","$","?","M","M","E","R","M","T","M","?","R","?","?","R","BOSS","M","?","M","?"],"items_purchased_type":["Card","Relic"],"build_version":"2020-12-22","purchased_purges":2,"victory":false,"max_hp_per_floor":[75,75,75,75,75,75,75,75,75,75,75,75,75,75,75,75,80,80,80,80,80,80,80,80,80,80,80,80,80,80,86,86,86,86,86,86,86,86,86],"card_choices":[{"not_picked":["HollowMod:NewJinnsSoul","HollowMod:ShapeofUnn"],"picked":"HollowMod:WraithStrike","floor":0},{"not_picked":["HollowMod:VengefulVoid","HollowMod:GoodIntentions"],"picked":"HollowMod:FastStrike","floor":1},{"not_picked":["HollowMod:NewLittleFool","HollowMod:TaintedHusks"],"picked":"HollowMod:BlackTendrils","floor":3},{"not_picked":["HollowMod:HuntersJournal","HollowMod:InfectedAttack"],"picked":"HollowMod:DungDefenderAura","floor":4},{"not_picked":["HollowMod:MonarchWings","HollowMod:HeavyBlow"],"picked":"HollowMod:VengefulVoid","floor":5},{"not_picked":["HollowMod:ShapeofUnn","HollowMod:InfectedCysts"],"picked":"HollowMod:FallenFury","floor":6},{"not_picked":["HollowMod:GreatSlash","HollowMod:NewLittleFool"],"picked":"HollowMod:CycloneSlash","floor":8},{"not_picked":["PanicButton","Swift Strike"],"picked":"Dramatic Entrance","floor":10},{"not_picked":["HollowMod:CornifersMapStart","HollowMod:GoodIntentions"],"picked":"HollowMod:DescendingDark","floor":10},{"not_picked":["HollowMod:DashSlash","HollowMod:GrimmsGift"],"picked":"HollowMod:BlackTendrils","floor":11},{"not_picked":["HollowMod:DungDefenderAura","HollowMod:PerfectDash","HollowMod:Grubsong"],"picked":"SKIP","floor":12},{"not_picked":["HollowMod:SoulVessel","HollowMod:HuntersJournal","HollowMod:GoodIntentions"],"picked":"SKIP","floor":14},{"not_picked":["HollowMod:ZotesMagnificence","HollowMod:theNailsmith"],"picked":"HollowMod:SoulMaster","floor":16},{"not_picked":["HollowMod:InfectedCysts","HollowMod:DungDefenderAura"],"picked":"HollowMod:SiblingsSouls","floor":17},{"not_picked":["HollowMod:LifebloodCore","HollowMod:InfectedCysts"],"picked":"HollowMod:DashSlash","floor":18},{"not_picked":["HollowMod:VengefulVoid+1","HollowMod:TaintedHusks+1"],"picked":"HollowMod:ShadowDash","floor":21},{"not_picked":["HollowMod:DoubleDash","HollowMod:InfectedAttack"],"picked":"HollowMod:ShadowDash","floor":22},{"not_picked":["HollowMod:LifebloodCore","HollowMod:PureVessel","HollowMod:PerfectDash"],"picked":"SKIP","floor":23},{"not_picked":["HollowMod:SoulEater","HollowMod:SoulStrike","HollowMod:SiblingsSouls"],"picked":"SKIP","floor":25},{"not_picked":["HollowMod:CoiledNail","HollowMod:ChannelNail+1","HollowMod:NewJinnsSoul+1"],"picked":"SKIP","floor":27},{"not_picked":["HollowMod:ZotesMagnificence","HollowMod:NewInfectedGuardian"],"picked":"HollowMod:SlysStrikes","floor":33},{"not_picked":["HollowMod:InfectedAttack+1","HollowMod:LifebloodCocoon+1"],"picked":"HollowMod:MantisMark+1","floor":35},{"not_picked":["HollowMod:HeavyBlow+1","HollowMod:CloakDash+1","HollowMod:VengefulVoid"],"picked":"SKIP","floor":37}],"player_experience":383562,"relics_obtained":[{"floor":6,"key":"MealTicket"},{"floor":11,"key":"The Courier"},{"floor":13,"key":"War Paint"},{"floor":23,"key":"Ornamental Fan"},{"floor":26,"key":"Potion Belt"}],"event_choices":[],"is_beta":false,"boss_relics":[{"not_picked":["Calling Bell","Sozu"],"picked":"Tiny House"},{"not_picked":["Cursed Key","Philosopher\u0027s Stone"],"picked":"Empty Cage"}],"items_purged_floors":[7,19],"is_endless":false,"potions_floor_spawned":[1,4,8,11,12,14,22,25,35,37],"killed_by":"Hallownest:2_Soldiers_and_1_Guardian","ascension_level":0}}