{"host":"svwqvw2il1zfkkg0","time":1609661701,"event":{"mods":["AchievementEnabler","BaseMod","BetterRewards","Colored Map","Colored Powertips","Custom Start","Downfall","GifTheSpireLib","Highlight Path","Hubris","Infinite Spire","Minty Spire (QoL Compilation)","Quick Restart","Replay The Spire","Shop Mod","StSLib","SuperFastMode"],"gold_per_floor":[363,363,14,28,42,74,74,89,89,101,114,143,143,160,160,262,262,280,307,15,26,39,71,71,71,95,95,121,121,133,133,133,233,233,251,251,301,313,313,313,341,341,341,360,393,222,232,232,232,232,232],"floor_reached":50,"playtime":1852,"items_purged":["Parasite"],"score":675,"play_id":"90d39f54-cd88-4954-b037-24c600a798e0","local_time":"20210103001501","is_ascension_mode":false,"campfire_choices":[{"data":"Blade Dance","floor":7,"key":"SMITH"},{"floor":13,"key":"REST"},{"data":"Phantasmal Killer","floor":15,"key":"SMITH"},{"data":"Bullet Time","floor":29,"key":"SMITH"},{"data":"Accuracy","floor":40,"key":"SMITH"},{"data":"Choke","floor":42,"key":"SMITH"},{"data":"Burst","floor":49,"key":"SMITH"}],"circlet_count":0,"master_deck":["Strike_G","Strike_G","Strike_G","Strike_G","Defend_G+1","Defend_G","Defend_G","Defend_G+1","Defend_G","Survivor","Neutralize","Blade Dance+1","Escape Plan","Dagger Throw","Flechettes","Slice","Dagger Throw","Cloak And Dagger","Phantasmal Killer+1","Backstab","Dash","Backstab","Bullet Time+1","All Out Attack+1","Burst+1","Riddle With Holes","Flying Knee","Blade Dance","Blade Dance","Accuracy+1","Flying Knee+1","Choke+1","Underhanded Strike+1","Unload","Blade Dance+1"],"relics":["Ring of the Snake","ReplayTheSpireMod:TigerMarble","Simple Rune","hubris:CuriousFeather","hubris:Spice","Replay:Ringing Soul","Question Card","hubris:SlimyHat","FossilizedHelix","Vampiric Spirits","Bird Faced Urn"],"acts_visited":["Exordium","TheCity","TheBeyond"],"potions_floor_usage":[5,6,11,12,23,28,33,33,41,41,45,50,50,50],"damage_taken":[{"damage":5,"enemies":"Cultist","floor":1,"turns":5},{"damage":0,"enemies":"Jaw Worm","floor":4,"turns":3},{"damage":0,"enemies":"Small Slimes","floor":5,"turns":2},{"damage":8,"enemies":"Replay:BlueRogue","floor":6,"turns":4},{"damage":2,"enemies":"Exordium Thugs","floor":8,"turns":3},{"damage":0,"enemies":"2 Fungi Beasts","floor":10,"turns":2},{"damage":0,"enemies":"Gremlin Gang","floor":11,"turns":2},{"damage":10,"enemies":"3 Sentries","floor":12,"turns":5},{"damage":0,"enemies":"Large Slime","floor":14,"turns":2},{"damage":15,"enemies":"Fading Forest","floor":16,"turns":11},{"damage":13,"enemies":"Shell Parasite","floor":18,"turns":3},{"damage":2,"enemies":"Chosen","floor":21,"turns":3},{"damage":6,"enemies":"Shelled Parasite and Fungi","floor":22,"turns":3},{"damage":11,"enemies":"Slavers","floor":23,"turns":4},{"damage":0,"enemies":"Replay:Snechameleon","floor":28,"turns":4},{"damage":0,"enemies":"3 Cultists","floor":30,"turns":2},{"damage":59,"enemies":"Automaton","floor":33,"turns":8},{"damage":0,"enemies":"Orb Walker","floor":35,"turns":1},{"damage":0,"enemies":"Mind Bloom Boss Battle","floor":37,"turns":2},{"damage":0,"enemies":"3 Shapes","floor":38,"turns":2},{"damage":0,"enemies":"Nemesis","floor":41,"turns":3},{"damage":0,"enemies":"Writhing Mass","floor":44,"turns":3},{"damage":0,"enemies":"Reptomancer","floor":45,"turns":2},{"damage":0,"enemies":"3 Darklings","floor":47,"turns":2},{"damage":85,"enemies":"Time Eater","floor":50,"turns":7}],"seed_played":"-3910207710632005594","potions_obtained":[{"floor":1,"key":"CultistPotion"},{"floor":4,"key":"Toxic Potion"},{"floor":6,"key":"Milkshake"},{"floor":10,"key":"Adrenaline Potion"},{"floor":19,"key":"BlessingOfTheForge"},{"floor":19,"key":"Milkshake"},{"floor":19,"key":"CunningPotion"},{"floor":28,"key":"champ:CounterPotion"},{"floor":30,"key":"Block Potion"},{"floor":37,"key":"Milkshake"},{"floor":38,"key":"Fire Potion"},{"floor":44,"key":"Reflective Coating"}],"is_trial":false,"path_per_floor":["M","?","$","M","M","E","R","M","T","M","M","E","R","M","R","B",null,"M","?","$","M","M","E","$","?","T","AVR","E","R","M","?","R_BF","B",null,"M","?","?","M","T","R","E","R","T","M","E","$","M","?","R","B"],"character_chosen":"THE_SILENT","items_purchased":["ReplayTheSpireMod:TigerMarble","Simple Rune","Dagger Throw","hubris:Spice","Block Potion","Poison Potion"],"campfire_rested":1,"item_purchase_floors":[3,3,3,20,46,46],"current_hp_per_floor":[58,58,58,58,58,50,50,48,56,56,56,49,71,74,74,74,88,75,78,78,79,76,68,68,68,68,68,71,71,74,74,82,26,69,69,69,72,75,67,67,62,62,62,65,68,65,68,68,68,0,0],"gold":232,"neow_bonus":"TWO_FIFTY_GOLD","is_daily":false,"chose_seed":false,"campfire_upgraded":6,"win_rate":0.0,"timestamp":1609661701,"path_taken":["M","?","$","M","M","E","R","M","T","M","M","E","R","?","R","BOSS","M","?","$","M","M","E","?","?","T","AVR","E","R","?","?","R_BF","BOSS","M","?","?","M","?","R","E","R","T","M","E","$","M","?","R","BOSS"],"items_purchased_type":["Relic","Relic","Card","Relic","Potion","Potion"],"build_version":"2020-12-22","purchased_purges":1,"victory":false,"max_hp_per_floor":[63,63,63,63,63,63,63,63,71,71,71,74,74,77,77,80,88,88,91,83,86,89,92,92,92,92,84,79,79,82,82,82,77,69,69,69,72,75,67,67,62,62,62,65,68,65,68,68,68,68,68],"card_choices":[{"not_picked":["Quick Slash","Slice"],"picked":"Blade Dance","floor":1},{"not_picked":["Deflect","Expertise"],"picked":"Flechettes","floor":4},{"not_picked":["Caltrops","Reflex"],"picked":"Slice","floor":5},{"not_picked":["Concentrate","Eviscerate"],"picked":"Dagger Throw","floor":6},{"not_picked":["Deflect","ReplayTheSpireMod:Speed Training"],"picked":"Cloak And Dagger","floor":8},{"not_picked":["Dodge and Roll","Outmaneuver"],"picked":"Phantasmal Killer","floor":10},{"not_picked":["Catalyst","ReplayTheSpireMod:Shiv Toss"],"picked":"Backstab","floor":11},{"not_picked":["Quick Slash","Poisoned Stab"],"picked":"Dash","floor":12},{"not_picked":["Backflip","Dagger Throw"],"picked":"Backstab","floor":14},{"not_picked":["Doppelganger","Unload"],"picked":"Bullet Time","floor":16},{"not_picked":["Bane","Setup","Acrobatics"],"picked":"SKIP","floor":18},{"not_picked":["Bane+1","Noxious Fumes+1"],"picked":"All Out Attack","floor":19},{"not_picked":["Blade Dance","Dodge and Roll+1"],"picked":"Burst","floor":21},{"not_picked":["Dagger Throw","Blur+1"],"picked":"Riddle With Holes","floor":22},{"not_picked":["Acrobatics","Slice"],"picked":"Flying Knee","floor":23},{"not_picked":["hubris:SlightOfHand","Night Terror","Prepared"],"picked":"Blade Dance","floor":28},{"not_picked":["Deadly Poison+1","Outmaneuver","PiercingWail+1"],"picked":"Blade Dance","floor":30},{"not_picked":["hubris:SpiceAddiction","Phantasmal Killer","Venomology"],"picked":"hubris:SpiceAddiction","floor":33},{"not_picked":["Underhanded Strike","Eviscerate+1","hubris:SlightOfHand","Expertise+1"],"picked":"SKIP","floor":35},{"not_picked":["Well Laid Plans+1","hubris:TrickCloak+1","Deadly Poison+1"],"picked":"Accuracy","floor":37},{"not_picked":["Reflex","Poisoned Stab","Hidden Blade"],"picked":"Flying Knee+1","floor":38},{"not_picked":["Corpse Explosion","Footwork+1","hubris:SpiceAddiction"],"picked":"Choke","floor":41},{"not_picked":["Hidden Blade","Deadly Poison+1","PiercingWail"],"picked":"Underhanded Strike+1","floor":44},{"not_picked":["hubris:SpiceAddiction","ReplayTheSpireMod:The Works","Footwork"],"picked":"Unload","floor":45},{"not_picked":["ReplayTheSpireMod:Speed Training+1","Quick Slash","Backflip"],"picked":"Blade Dance+1","floor":47}],"player_experience":444526,"relics_obtained":[{"floor":6,"key":"hubris:CuriousFeather"},{"floor":9,"key":"hubris:Spice"},{"floor":12,"key":"Replay:Ringing Soul"},{"floor":23,"key":"Question Card"},{"floor":26,"key":"hubris:SlimyHat"},{"floor":28,"key":"hubris:Spice"},{"floor":37,"key":"Vampiric Spirits"},{"floor":39,"key":"hubris:Spice"},{"floor":41,"key":"hubris:Spice"},{"floor":43,"key":"Bird Faced Urn"}],"event_choices":[{"damage_healed":0,"gold_gain":0,"cards_transformed":["Strike_G"],"player_choice":"Transformed","damage_taken":0,"max_hp_gain":0,"max_hp_loss":0,"event_name":"Transmorgrifier","floor":2,"gold_loss":0,"cards_obtained":["Escape Plan"]},{"cards_removed":["ReplayTheSpireMod:Splinters"],"damage_healed":0,"gold_gain":0,"player_choice":"Removed Curses","damage_taken":0,"max_hp_gain":0,"max_hp_loss":0,"event_name":"Fountain of Cleansing","floor":25,"gold_loss":0},{"damage_healed":0,"gold_gain":0,"player_choice":"Ignored","damage_taken":0,"max_hp_gain":0,"max_hp_loss":0,"event_name":"Vampires","floor":31,"gold_loss":0},{"damage_healed":0,"gold_gain":0,"player_choice":"Fight","damage_taken":0,"max_hp_gain":0,"max_hp_loss":0,"event_name":"MindBloom","floor":37,"gold_loss":0}],"is_beta":false,"boss_relics":[{"not_picked":["hubris:Spice","hubris:BlackHole"],"picked":"hubris:Spice"},{"not_picked":["Snecko Scales","hubris:Spice"],"picked":"hubris:Spice"}],"items_purged_floors":[46],"is_endless":false,"potions_floor_spawned":[1,4,6,10,28,30,37,38,44],"killed_by":"Time Eater","ascension_level":0}}