{"host":"6azrrw3tf7wb0f4b","time":1609656197,"event":{"mods":["BaseMod","DeckTracker","Minty Spire (QoL Compilation)","SuperFastMode"],"gold_per_floor":[115,132,132,148,98,98,98,109,109,120,148,73,73,73,73,172,172,153,78,1,1,1,1,17,17,17,37,37,37,70,88,88,188,188,200,200,13,13,63,63,63,63],"floor_reached":41,"playtime":1632,"items_purged":["Strike_B"],"score":628,"play_id":"4d363778-c309-464a-a167-9456e3681a7d","local_time":"20210103154317","is_ascension_mode":true,"campfire_choices":[{"data":"Dualcast","floor":6,"key":"SMITH"},{"data":"Reinforced Body","floor":13,"key":"SMITH"},{"data":"Go for the Eyes","floor":15,"key":"SMITH"},{"data":"Creative AI","floor":23,"key":"SMITH"},{"data":"Storm","floor":25,"key":"SMITH"},{"floor":29,"key":"REST"},{"floor":32,"key":"REST"},{"data":"Fission","floor":40,"key":"SMITH"}],"circlet_count":0,"master_deck":["AscendersBane","Defend_B","Defend_B","Dualcast+1","Ball Lightning","Conserve Battery","Go for the Eyes+1","Reinforced Body+1","Rebound","Cold Snap","White Noise","Creative AI+1","Storm+1","Loop","Coolheaded+1","Fission+1","Hologram","Electrodynamics","Stack+1","Self Repair","Turbo"],"relics":["Cracked Core","NeowsBlessing","Kunai","Darkstone Periapt","Sozu","PreservedInsect","Pocketwatch","MealTicket","Inserter","Membership Card","Unceasing Top"],"acts_visited":["Exordium","TheCity","TheBeyond"],"potions_floor_usage":[10,27],"damage_taken":[{"damage":0,"enemies":"Jaw Worm","floor":1,"turns":1},{"damage":0,"enemies":"2 Louse","floor":2,"turns":1},{"damage":0,"enemies":"Small Slimes","floor":4,"turns":1},{"damage":3,"enemies":"Blue Slaver","floor":8,"turns":4},{"damage":3,"enemies":"Large Slime","floor":10,"turns":4},{"damage":4,"enemies":"3 Sentries","floor":11,"turns":8},{"damage":34,"enemies":"The Guardian","floor":16,"turns":13},{"damage":21,"enemies":"2 Thieves","floor":18,"turns":5},{"damage":3,"enemies":"Chosen","floor":24,"turns":4},{"damage":30,"enemies":"Shelled Parasite and Fungi","floor":27,"turns":6},{"damage":12,"enemies":"Book of Stabbing","floor":30,"turns":5},{"damage":10,"enemies":"Sentry and Sphere","floor":31,"turns":6},{"damage":34,"enemies":"Collector","floor":33,"turns":8},{"damage":32,"enemies":"3 Darklings","floor":35,"turns":4},{"damage":1,"enemies":"Mind Bloom Boss Battle","floor":39,"turns":9},{"damage":63,"enemies":"Nemesis","floor":41,"turns":6}],"seed_played":"298423187145423138","potions_obtained":[{"floor":4,"key":"AttackPotion"},{"floor":8,"key":"SpeedPotion"},{"floor":10,"key":"Weak Potion"}],"is_trial":false,"path_per_floor":["M","M","?","M","?","R","?","M","T","M","E","$","R","?","R","B",null,"M","?","$","?","$","R","M","R","T","M","?","R","E","M","R","B",null,"M","?","$","?","?","R","E"],"character_chosen":"DEFECT","items_purchased":["Loop","Membership Card","Self Repair"],"campfire_rested":2,"item_purchase_floors":[20,37,37],"current_hp_per_floor":[68,68,73,73,73,73,73,70,70,67,63,63,63,56,56,22,66,45,45,45,45,45,45,42,42,42,12,12,36,24,14,38,4,61,29,29,44,44,50,50,0,0],"gold":63,"neow_bonus":"THREE_ENEMY_KILL","is_daily":false,"chose_seed":false,"campfire_upgraded":6,"win_rate":0.0,"timestamp":1609656197,"path_taken":["M","M","?","M","?","R","?","M","T","M","E","?","R","?","R","BOSS","M","?","$","?","$","R","M","R","T","M","?","R","E","?","R","BOSS","M","?","$","?","?","R","E"],"items_purchased_type":["Card","Relic","Card"],"build_version":"2020-12-22","purchased_purges":1,"victory":false,"max_hp_per_floor":[75,75,80,80,80,80,80,80,80,80,80,80,80,80,80,80,80,80,80,80,80,80,80,80,80,80,80,80,80,80,80,80,80,80,80,80,80,80,80,80,80,80],"card_choices":[{"not_picked":["Go for the Eyes","Aggregate"],"picked":"Ball Lightning","floor":1},{"not_picked":["Hologram","Rip and Tear"],"picked":"Conserve Battery","floor":2},{"not_picked":["Blizzard","Leap"],"picked":"Go for the Eyes","floor":4},{"not_picked":["Conserve Battery","Fusion"],"picked":"Rebound","floor":8},{"not_picked":["Sweeping Beam","Turbo"],"picked":"Cold Snap","floor":10},{"not_picked":["Recycle","Thunder Strike"],"picked":"White Noise","floor":11},{"not_picked":["Biased Cognition","Machine Learning"],"picked":"Creative AI","floor":16},{"not_picked":["Reprogram","Leap+1"],"picked":"Storm","floor":18},{"not_picked":["Go for the Eyes","Conserve Battery"],"picked":"Coolheaded+1","floor":24},{"not_picked":["White Noise","Rebound+1","Conserve Battery"],"picked":"SKIP","floor":27},{"not_picked":["Loop","Beam Cell"],"picked":"Fission","floor":30},{"not_picked":["Sweeping Beam+1","Steam Power"],"picked":"Hologram","floor":31},{"not_picked":["Meteor Strike","All For One"],"picked":"Electrodynamics","floor":33},{"not_picked":["Streamline+1","Gash+1"],"picked":"Stack+1","floor":35},{"not_picked":["Go for the Eyes+1","Coolheaded+1"],"picked":"Turbo","floor":39}],"player_experience":665011,"relics_obtained":[{"floor":9,"key":"Kunai"},{"floor":11,"key":"Darkstone Periapt"},{"floor":26,"key":"PreservedInsect"},{"floor":30,"key":"MealTicket"},{"floor":39,"key":"Unceasing Top"}],"event_choices":[{"damage_healed":0,"gold_gain":0,"player_choice":"Donut","damage_taken":0,"max_hp_gain":5,"max_hp_loss":0,"event_name":"Big Fish","floor":3,"gold_loss":0},{"cards_removed":["Defend_B"],"damage_healed":0,"gold_gain":0,"player_choice":"Card Removal","damage_taken":0,"max_hp_gain":0,"max_hp_loss":0,"event_name":"The Cleric","floor":5,"gold_loss":50},{"damage_healed":0,"gold_gain":0,"cards_transformed":["Strike_B"],"player_choice":"Change","damage_taken":0,"max_hp_gain":0,"max_hp_loss":0,"event_name":"Living Wall","floor":7,"gold_loss":0,"cards_obtained":["Reinforced Body"]},{"cards_removed":["Defend_B"],"damage_healed":0,"gold_gain":0,"player_choice":"Card Removal","damage_taken":7,"max_hp_gain":0,"max_hp_loss":0,"event_name":"Golden Wing","floor":14,"gold_loss":0},{"cards_removed":["Strike_B"],"damage_healed":0,"gold_gain":0,"player_choice":"Gave Gold","damage_taken":0,"max_hp_gain":0,"max_hp_loss":0,"event_name":"Beggar","floor":19,"gold_loss":75},{"cards_removed":["Strike_B"],"damage_healed":0,"gold_gain":0,"player_choice":"Elegance","damage_taken":0,"max_hp_gain":0,"max_hp_loss":0,"event_name":"Back to Basics","floor":21,"gold_loss":0},{"damage_healed":0,"gold_gain":0,"player_choice":"Gave Potion","damage_taken":0,"relics_obtained":["Pocketwatch"],"max_hp_gain":0,"max_hp_loss":0,"event_name":"WeMeetAgain","floor":28,"gold_loss":0},{"damage_healed":0,"gold_gain":0,"player_choice":"Ignored","damage_taken":0,"max_hp_gain":0,"max_hp_loss":0,"event_name":"Tomb of Lord Red Mask","floor":36,"gold_loss":0},{"cards_removed":["Zap"],"damage_healed":0,"gold_gain":0,"player_choice":"Removed Skill","damage_taken":0,"max_hp_gain":0,"max_hp_loss":0,"event_name":"Falling","floor":38,"gold_loss":0},{"damage_healed":0,"gold_gain":0,"player_choice":"Fight","damage_taken":0,"max_hp_gain":0,"max_hp_loss":0,"event_name":"MindBloom","floor":39,"gold_loss":0}],"is_beta":false,"boss_relics":[{"not_picked":["Velvet Choker","Empty Cage"],"picked":"Sozu"},{"not_picked":["Runic Dome","Black Star"],"picked":"Inserter"}],"items_purged_floors":[12],"is_endless":false,"potions_floor_spawned":[4,8,10,27,30,39],"killed_by":"Nemesis","ascension_level":11}}