{"host":"sabve5zmqufxyc5o","time":1609676507,"event":{"mods":["2.2 Compatiblity","AchievementEnabler","Act Like it!","Arknights The Spire","BaseMod","Block Reminder","Colored Map","Colored Powertips","DeckTracker","KOR Keyword Fix","Keyboard Shortcuts","Minty Spire (QoL Compilation)","Quick Restart","Rare Cards Sparkle","Relic Stats","StSLib","SuperFastMode"],"gold_per_floor":[117,117,137,151,151,151,179,179,203,53,85,105,105,138,138,240,240,250,262,277,277,289,289,301,301,301,320,320,320,47,47,47,145,145,163,176,226,226,126,126,156,156,156,182,182,198,73,87,87,87],"floor_reached":51,"playtime":1694,"items_purged":["ats:Strike G","ats:Consecutive Shot Auto","ats:Defend"],"score":891,"play_id":"f047941c-a49b-4404-9f7d-98feb7583eb1","local_time":"20210103212147","is_ascension_mode":true,"campfire_choices":[{"data":"ats:Armor Crushing Shot","floor":6.0,"key":"SMITH"},{"floor":8.0,"key":"REST"},{"data":"ats:Part Time Job","floor":15.0,"key":"SMITH"},{"floor":23.0,"key":"REST"},{"data":"ats:Disruption Kick","floor":25.0,"key":"SMITH"},{"data":"ats:Thorns","floor":28.0,"key":"SMITH"},{"data":"Apotheosis","floor":32.0,"key":"SMITH"},{"data":"ats:Revitalization","floor":40.0,"key":"SMITH"},{"data":"ats:Apocalypse","floor":45,"key":"SMITH"},{"data":"Deep Breath","floor":49,"key":"SMITH"}],"circlet_count":0,"master_deck":["ats:Armor Crushing Shot+1","ats:Defend","ats:Defend","ats:Emotion Absorption+1","ats:Shell Defense","ats:Hammer On","ats:Explosion Area Strengthen","ats:Apocalypse+1","ats:Thermite Blade","ats:Shell Defense","ats:Part Time Job+1","ats:Disruption Kick+1","ats:Poison Spread","ats:Composite Medical Shells+1","ats:Thorns+1","ats:Automatic Cover","ats:Magnetic Hammer+1","ats:Thorns","ats:Rapid Magazine","Apotheosis+1","ats:Wolf Pack","ats:Revitalization+1","Deep Breath+1"],"relics":["ats:Sanity","ats:Originium","Ancient Tea Set","Akabeko","InkBottle","ats:Industrial Water Cannon","SacredBark","StrikeDummy","ats:Tactical Delivery","CaptainsWheel","Nunchaku","Pantograph","Kunai"],"acts_visited":["Exordium","TheCity","TheBeyond"],"potions_floor_usage":[50,50],"damage_taken":[{"damage":8.0,"enemies":"2 Louse","floor":1.0,"turns":3.0},{"damage":11.0,"enemies":"Cultist","floor":3.0,"turns":4.0},{"damage":0.0,"enemies":"Jaw Worm","floor":4.0,"turns":3.0},{"damage":15.0,"enemies":"3 Sentries","floor":7.0,"turns":6.0},{"damage":35.0,"enemies":"Lagavulin","floor":11.0,"turns":5.0},{"damage":0.0,"enemies":"3 Louse","floor":12.0,"turns":1.0},{"damage":18.0,"enemies":"3 Sentries","floor":14.0,"turns":7.0},{"damage":48.0,"enemies":"Slime Boss","floor":16.0,"turns":13.0},{"damage":0.0,"enemies":"Spheric Guardian","floor":18.0,"turns":2.0},{"damage":2.0,"enemies":"3 Byrds","floor":19.0,"turns":6.0},{"damage":53.0,"enemies":"Snecko","floor":20.0,"turns":6.0},{"damage":50.0,"enemies":"Sentry and Sphere","floor":22.0,"turns":7.0},{"damage":18.0,"enemies":"Cultist and Chosen","floor":24.0,"turns":6.0},{"damage":8.0,"enemies":"Shelled Parasite and Fungi","floor":27.0,"turns":6.0},{"damage":60.0,"enemies":"Champ","floor":33.0,"turns":16.0},{"damage":38.0,"enemies":"3 Darklings","floor":35.0,"turns":5.0},{"damage":16.0,"enemies":"Orb Walker","floor":36.0,"turns":5.0},{"damage":20.0,"enemies":"Mind Bloom Boss Battle","floor":37.0,"turns":8.0},{"damage":44.0,"enemies":"Reptomancer","floor":41.0,"turns":8.0},{"damage":25,"enemies":"Nemesis","floor":44,"turns":10},{"damage":36,"enemies":"Spire Growth","floor":46,"turns":8},{"damage":35,"enemies":"Writhing Mass","floor":48,"turns":9},{"damage":18,"enemies":"Awakened One","floor":50,"turns":16}],"seed_played":"6033912120587133561","potions_obtained":[{"floor":3.0,"key":"FearPotion"},{"floor":4.0,"key":"AttackPotion"},{"floor":13.0,"key":"DuplicationPotion"},{"floor":13.0,"key":"Explosive Potion"},{"floor":13.0,"key":"GamblersBrew"},{"floor":14.0,"key":"SteroidPotion"},{"floor":18.0,"key":"Energy Potion"},{"floor":22.0,"key":"Explosive Potion"},{"floor":35.0,"key":"Explosive Potion"},{"floor":48,"key":"SpeedPotion"}],"is_trial":false,"path_per_floor":["M","?","M","M","?","R","E","R","T","$","E","M","?","E","R","B",null,"M","M","M","?","M","R","M","R","T","M","R","?","$","?","R","B",null,"M","M","?","?","$","R","E","?","T","E","R","M","$","M","R","B",null],"character_chosen":"DOCTOR_CLASS","items_purchased":["ats:Thermite Blade","ats:Rapid Magazine","Apotheosis","ats:Consecutive Shot Auto"],"campfire_rested":2,"item_purchase_floors":[10,30,30,30],"current_hp_per_floor":[64,57,46,46,51,51,44,67,67,67,47,47,47,47,47,73,76,77,77,45,45,24,47,50,50,50,58,58,58,58,58,58,73,76,63,60,77,77,77,77,77,67,67,77,77,77,77,77,77,77],"gold":87,"neow_bonus":"UPGRADE_CARD","is_daily":false,"chose_seed":false,"campfire_upgraded":8,"win_rate":0.0,"timestamp":1609676507,"path_taken":["M","?","M","M","?","R","E","R","T","$","E","M","?","E","R","BOSS","M","M","M","?","M","R","M","R","T","M","R","?","$","?","R","BOSS","M","M","?","?","$","R","E","?","T","E","R","M","$","M","R","BOSS"],"items_purchased_type":["Card","Card","Card","Card"],"build_version":"2020-12-22","purchased_purges":3,"victory":true,"max_hp_per_floor":[72,72,72,72,77,77,77,77,77,77,77,77,77,77,77,77,77,77,77,77,77,77,77,77,77,77,77,77,77,77,77,77,77,77,77,77,77,77,77,77,77,77,77,77,77,77,77,77,77,77],"relic_stats":{"Nunchaku":[3],"counters":[23,160],"Pantograph":0,"Kunai":[0],"obtain_stats":[{"SacredBark":17,"Ancient Tea Set":7,"Akabeko":9,"ats:Industrial Water Cannon":14,"CaptainsWheel":37,"Nunchaku":41,"ats:Originium":7,"Pantograph":43,"ats:Tactical Delivery":34,"ats:Sanity":0,"Kunai":44,"StrikeDummy":26,"InkBottle":11},{"SacredBark":8,"Ancient Tea Set":4,"Akabeko":4,"ats:Industrial Water Cannon":7,"CaptainsWheel":18,"Nunchaku":19,"ats:Originium":4,"Pantograph":19,"ats:Tactical Delivery":15,"ats:Sanity":0,"Kunai":20,"StrikeDummy":13,"InkBottle":5},{"SacredBark":42,"Ancient Tea Set":16,"Akabeko":16,"ats:Industrial Water Cannon":29,"CaptainsWheel":109,"Nunchaku":117,"ats:Originium":16,"Pantograph":117,"ats:Tactical Delivery":91,"ats:Sanity":0,"Kunai":127,"StrikeDummy":69,"InkBottle":21}],"InkBottle":[49]},"card_choices":[{"not_picked":["ats:Flexible Camouflage","ats:Steam Pump"],"picked":"ats:Shell Defense","floor":1.0},{"not_picked":["ats:Revitalization","ats:LN2 Cannon"],"picked":"ats:Hammer On","floor":3.0},{"not_picked":["ats:Dogmatic Field","ats:Childhood Dance"],"picked":"ats:Explosion Area Strengthen","floor":4.0},{"not_picked":["ats:Very Hot Blade","ats:Flexible Camouflage"],"picked":"ats:Apocalypse","floor":7.0},{"not_picked":["ats:Hammer On","ats:LN2 Cannon"],"picked":"ats:Shell Defense","floor":11.0},{"not_picked":["ats:Explosion Area Strengthen","ats:Assault Order","ats:Leaping Hammer"],"picked":"SKIP","floor":12.0},{"not_picked":["ats:Directed Diagnosis","ats:Collapsing Strike"],"picked":"ats:Part Time Job","floor":14.0},{"not_picked":["ats:Shadow Assault","ats:Durian"],"picked":"ats:Disruption Kick","floor":16.0},{"not_picked":["ats:Flexible Camouflage","ats:Cat Scratch"],"picked":"ats:Poison Spread","floor":18.0},{"not_picked":["ats:Explosion Area Strengthen","ats:Cat Scratch","ats:Assault Order"],"picked":"SKIP","floor":19.0},{"not_picked":["ats:Revitalization+1","ats:Soul Absorption"],"picked":"ats:Composite Medical Shells+1","floor":20.0},{"not_picked":["ats:Chain Hook","ats:Shadow Raid"],"picked":"ats:Magnetic Hammer+1","floor":22.0},{"not_picked":["ats:Chain Hook","ats:Demon Strength+1"],"picked":"ats:Thorns","floor":24.0},{"not_picked":["ats:Childhood Dance","ats:Very Hot Blade","ats:Leaping Hammer"],"picked":"SKIP","floor":27.0},{"not_picked":["ats:Shadow Assault","ats:Volcano"],"picked":"ats:Wolf Pack","floor":33.0},{"not_picked":["ats:Flexible Camouflage+1","ats:Hammer On+1","ats:Poison Spread+1"],"picked":"SKIP","floor":35.0},{"not_picked":["ats:Flexible Camouflage","ats:Powerful Strike"],"picked":"ats:Revitalization","floor":36.0},{"not_picked":["ats:Closed Bolt Burst Fire+1","ats:Sunburst","ats:Directed Diagnosis"],"picked":"SKIP","floor":41.0},{"not_picked":["Trip","Jack Of All Trades"],"picked":"Deep Breath","floor":42.0},{"not_picked":["ats:Curse Doll+1","ats:Steam Pump+1","ats:Support Order+1"],"picked":"SKIP","floor":44},{"not_picked":["ats:Consecutive Shot Auto+1","ats:Childhood Dance+1","ats:Shell Defense+1"],"picked":"SKIP","floor":46},{"not_picked":["ats:Mental Burst+1","ats:Cat Scratch+1","ats:Revitalization"],"picked":"SKIP","floor":48}],"player_experience":838819,"relics_obtained":[{"floor":7.0,"key":"ats:Originium"},{"floor":7.0,"key":"Ancient Tea Set"},{"floor":9.0,"key":"Akabeko"},{"floor":11.0,"key":"ats:Originium"},{"floor":11.0,"key":"InkBottle"},{"floor":14.0,"key":"ats:Originium"},{"floor":14.0,"key":"ats:Industrial Water Cannon"},{"floor":26.0,"key":"StrikeDummy"},{"floor":37.0,"key":"CaptainsWheel"},{"floor":41.0,"key":"Nunchaku"},{"floor":43.0,"key":"Pantograph"},{"floor":44,"key":"Kunai"}],"event_choices":[{"cards_removed":["ats:Strike V"],"damage_healed":0.0,"max_hp_gain":0.0,"max_hp_loss":0.0,"gold_gain":0.0,"event_name":"Golden Wing","player_choice":"Card Removal","floor":2.0,"gold_loss":0.0,"damage_taken":7.0},{"damage_healed":0.0,"max_hp_gain":5.0,"max_hp_loss":0.0,"gold_gain":0.0,"event_name":"Big Fish","player_choice":"Donut","floor":5.0,"gold_loss":0.0,"damage_taken":0.0},{"damage_healed":0.0,"max_hp_gain":0.0,"max_hp_loss":0.0,"gold_gain":0.0,"event_name":"Lab","player_choice":"Got Potions","floor":13.0,"gold_loss":0.0,"damage_taken":0.0},{"damage_healed":0.0,"max_hp_gain":0.0,"max_hp_loss":0.0,"gold_gain":0.0,"cards_transformed":["ats:Strike C","ats:Defend"],"event_name":"Drug Dealer","player_choice":"Became Test Subject","floor":21.0,"gold_loss":0.0,"damage_taken":0.0,"cards_obtained":["ats:Thorns","ats:Automatic Cover"]},{"cards_removed":["ats:Strike S"],"damage_healed":0.0,"max_hp_gain":0.0,"max_hp_loss":0.0,"gold_gain":0.0,"event_name":"Back to Basics","player_choice":"Elegance","floor":29.0,"gold_loss":0.0,"damage_taken":0.0},{"damage_healed":0.0,"max_hp_gain":0.0,"max_hp_loss":0.0,"gold_gain":0.0,"event_name":"N\u0027loth","player_choice":"Ignored","floor":31.0,"gold_loss":0.0,"damage_taken":0.0},{"damage_healed":0.0,"max_hp_gain":0.0,"max_hp_loss":0.0,"gold_gain":0.0,"event_name":"MindBloom","player_choice":"Fight","floor":37.0,"gold_loss":0.0,"damage_taken":0.0},{"damage_healed":0.0,"max_hp_gain":0.0,"max_hp_loss":0.0,"gold_gain":0.0,"event_name":"Tomb of Lord Red Mask","player_choice":"Ignored","floor":38.0,"gold_loss":0.0,"damage_taken":0.0},{"damage_healed":0.0,"max_hp_gain":0.0,"max_hp_loss":0.0,"gold_gain":0.0,"event_name":"SensoryStone","player_choice":"Memory 3","floor":42.0,"gold_loss":0.0,"damage_taken":10.0}],"is_beta":false,"boss_relics":[{"not_picked":["Fusion Hammer","Ectoplasm"],"picked":"SacredBark"},{"not_picked":["ats:Omniscience","SlaversCollar"],"picked":"ats:Tactical Delivery"}],"items_purged_floors":[10,39,47],"is_endless":false,"potions_floor_spawned":[3,4,14,18,22,35,48],"ascension_level":5}}