{"host":"t1puqh5lxz8sp6fn","time":1609658458,"event":{"mods":["AchievementEnabler","BaseMod","Colored Powertips","Hermit","Hubris","Marisa????????","Minty Spire (QoL Compilation)","Rare Cards Sparkle","StSLib","The Cursed","The Mystic","The Runesmith","The Servant 0.9.4"],"gold_per_floor":[18,18,35,110,110,110,142,156,231,231,249,31,31,57,57,156,156,172,172,97,40,60,60,86,86,86,102,128,145,145,158,158,158,158],"floor_reached":33,"playtime":1686,"items_purged":[],"score":440,"play_id":"9e4d58e6-41ed-4f59-a2fa-4c94ffddf77e","local_time":"20210103042058","is_ascension_mode":true,"campfire_choices":[{"data":"Cold Snap","floor":6.0,"key":"SMITH"},{"floor":10.0,"key":"REST"},{"floor":15.0,"key":"REST"},{"data":"Undo","floor":23,"key":"SMITH"},{"floor":25,"key":"REST"},{"floor":30,"key":"REST"},{"data":"Loop","floor":32,"key":"SMITH"}],"circlet_count":0,"master_deck":["AscendersBane","Strike_B","Defend_B+1","Defend_B+1","Defend_B","Zap","Dualcast","Undo+1","Cold Snap+1","Machine Learning+1","Sunder","Genetic Algorithm","Gash","Loop+1","Sweeping Beam","Core Surge","Static Discharge+1","hubris:SpecializedCircuitry+1","Storm+1"],"relics":["Cracked Core","Strawberry","Bottled Lightning","hubris:OldNail","Vajra","hubris:GrandSneckoEye","Centennial Puzzle","hubris:MysteriousPyramids","Frozen Egg 2","Regal Pillow"],"acts_visited":["Exordium","TheCity"],"potions_floor_usage":[16,22,28,28,31],"damage_taken":[{"damage":0.0,"enemies":"2 Louse","floor":1.0,"turns":2.0},{"damage":0.0,"enemies":"Small Slimes","floor":3.0,"turns":3.0},{"damage":16.0,"enemies":"3 Sentries","floor":7.0,"turns":7.0},{"damage":0.0,"enemies":"Jaw Worm","floor":8.0,"turns":4.0},{"damage":2.0,"enemies":"Exordium Thugs","floor":11.0,"turns":3.0},{"damage":28.0,"enemies":"Gremlin Nob","floor":14.0,"turns":4.0},{"damage":18,"enemies":"Slime Boss","floor":16,"turns":9},{"damage":3,"enemies":"Spheric Guardian","floor":18,"turns":4},{"damage":0,"enemies":"Shell Parasite","floor":22,"turns":3},{"damage":45,"enemies":"Gremlin Leader","floor":24,"turns":5},{"damage":8,"enemies":"Snecko","floor":27,"turns":4},{"damage":18,"enemies":"Slavers","floor":28,"turns":3},{"damage":8,"enemies":"3 Cultists","floor":29,"turns":4},{"damage":12,"enemies":"Snake Plant","floor":31,"turns":3},{"damage":48,"enemies":"hubris:MusketHawk","floor":33,"turns":7}],"seed_played":"-1186559345938272879","potions_obtained":[{"floor":1.0,"key":"Fire Potion"},{"floor":8.0,"key":"PotionOfCapacity"},{"floor":14.0,"key":"Swift Potion"},{"floor":16,"key":"Regen Potion"},{"floor":18,"key":"Strength Potion"},{"floor":24,"key":"CultistPotion"},{"floor":28,"key":"Fire Potion"}],"is_trial":false,"path_per_floor":["M","?","M","?","?","R","E","M","T","R","M","$","?","E","R","B",null,"M","?","?","?","M","R","E","R","T","M","E","M","R","M","R","B"],"character_chosen":"DEFECT","items_purchased":["hubris:OldNail","Loop"],"campfire_rested":4,"item_purchase_floors":[12,12],"current_hp_per_floor":[68,53,53,42,42,42,33,33,33,57,55,55,55,27,51,33,70,67,67,67,67,67,67,22,46,46,38,29,21,60,48,48,0,0],"gold":158,"neow_bonus":"REMOVE_TWO","is_daily":false,"chose_seed":false,"campfire_upgraded":3,"win_rate":0.0,"timestamp":1609658458,"path_taken":["M","?","M","?","?","R","E","M","T","R","?","$","?","E","R","BOSS","M","?","?","?","M","R","E","R","T","M","E","M","R","?","R","BOSS"],"items_purchased_type":["Relic","Card"],"build_version":"2020-12-13","purchased_purges":0,"victory":false,"max_hp_per_floor":[75,75,75,75,75,75,82,82,82,82,82,82,82,82,82,82,82,82,82,82,82,82,82,82,82,82,82,82,82,82,82,82,82,82],"card_choices":[{"not_picked":["Aggregate","Streamline"],"picked":"Undo","floor":1.0},{"not_picked":["Leap","Blizzard"],"picked":"Cold Snap","floor":3.0},{"not_picked":["Streamline","Redo"],"picked":"Sunder","floor":7.0},{"not_picked":["Go for the Eyes","Sunder"],"picked":"Genetic Algorithm","floor":8.0},{"not_picked":["Aggregate","Coolheaded"],"picked":"Gash","floor":11.0},{"not_picked":["Leap","Scrape"],"picked":"Sweeping Beam","floor":14.0},{"not_picked":["Machine Learning","Hyperbeam"],"picked":"Core Surge","floor":16},{"not_picked":["Barrage+1","Undo","Storm"],"picked":"SKIP","floor":18},{"not_picked":["Chill+1","Hologram"],"picked":"Static Discharge+1","floor":22},{"not_picked":["Redo","Compile Driver","Coolheaded"],"picked":"SKIP","floor":24},{"not_picked":["Beam Cell+1","Consume","Ball Lightning+1"],"picked":"SKIP","floor":27},{"not_picked":["Consume+1","Defragment+1"],"picked":"hubris:SpecializedCircuitry+1","floor":28},{"not_picked":["Ball Lightning","Loop+1","Skim"],"picked":"SKIP","floor":29},{"not_picked":["Beam Cell+1","Reinforced Body"],"picked":"Storm+1","floor":31}],"player_experience":401579,"relics_obtained":[{"floor":7.0,"key":"Strawberry"},{"floor":9.0,"key":"Bottled Lightning"},{"floor":14.0,"key":"Vajra"},{"floor":24,"key":"hubris:MysteriousPyramids"},{"floor":26,"key":"Frozen Egg 2"},{"floor":28,"key":"Regal Pillow"}],"event_choices":[{"damage_healed":0.0,"max_hp_gain":0.0,"max_hp_loss":0.0,"gold_gain":0.0,"event_name":"Shining Light","player_choice":"Entered Light","floor":2.0,"gold_loss":0.0,"damage_taken":15.0,"cards_upgraded":["Defend_B","Defend_B"]},{"damage_healed":0.0,"max_hp_gain":0.0,"max_hp_loss":0.0,"gold_gain":75.0,"event_name":"World of Goop","player_choice":"Gather Gold","floor":4.0,"gold_loss":0.0,"damage_taken":11.0},{"damage_healed":0.0,"max_hp_gain":0.0,"max_hp_loss":0.0,"gold_gain":0.0,"cards_transformed":["Strike_B"],"event_name":"Living Wall","player_choice":"Change","floor":5.0,"gold_loss":0.0,"damage_taken":0.0,"cards_obtained":["Machine Learning"]},{"damage_healed":0,"gold_gain":0,"player_choice":"Ignored","damage_taken":0,"max_hp_gain":0,"max_hp_loss":0,"event_name":"Vampires","floor":19,"gold_loss":0},{"cards_removed":["Strike_B"],"damage_healed":0,"gold_gain":0,"player_choice":"Gave Gold","damage_taken":0,"max_hp_gain":0,"max_hp_loss":0,"event_name":"Beggar","floor":20,"gold_loss":75},{"damage_healed":0,"gold_gain":0,"player_choice":"Paid Gold","damage_taken":0,"relics_obtained":["Centennial Puzzle"],"max_hp_gain":0,"max_hp_loss":0,"event_name":"WeMeetAgain","floor":21,"gold_loss":57}],"is_beta":false,"boss_relics":[{"not_picked":["Sozu","Pandora\u0027s Box"],"picked":"hubris:GrandSneckoEye"}],"items_purged_floors":[],"is_endless":false,"potions_floor_spawned":[1,8,14,16,18,24,27,28],"killed_by":"hubris:MusketHawk","ascension_level":10}}