{"host":"q2n6tlickby1elp8","time":1609662924,"event":{"mods":["BaseMod","BetterRewards","Colored Powertips","Marisa£®ÏF”Í°°ƒß¿Ì…≥£©","Minty Spire (QoL Compilation)","Remilia£®¿Ÿ√◊¿Ú—«£©","SOS£®Àπ∞Õ¥Ô÷Æ◊”£©","Shop Mod","SuperFastMode","The Construct","The Disciple","The Servant 0.9.4","Youmu£®ªÍ∆«—˝√Œ£©","[IsaacMod]“‘»ˆº‚À˛"],"gold_per_floor":[116,116,17,17,17,17,17,17,62,80,32,47,62,79,79,175,175,190,205,224,74,74,74,103,134,134,134,156,71,91,91,91,213,213,244,20,62,118,118],"floor_reached":38,"playtime":1478,"items_purged":[],"score":386,"play_id":"c6ee28d8-7bc1-4718-aa11-527b6ad27d4c","local_time":"20210103163524","is_ascension_mode":false,"campfire_choices":[{"data":"Stigmanizer","floor":6,"key":"SMITH"},{"data":"BloodHunter","floor":8,"key":"SMITH"},{"data":"HunterOfTheNight","floor":15,"key":"SMITH"},{"floor":23,"key":"REST"},{"floor":27,"key":"REST"},{"data":"BombardNight","floor":32,"key":"SMITH"}],"circlet_count":0,"master_deck":["Strike_RM","Strike_RM","Strike_RM","Strike_RM","Defend_RM","Defend_RM","Defend_RM","Defend_RM","RedMoon","ScarletShoot","Madness","ScarletImprint","Stigmanizer+1","BloodHunter+1","BloodHunter","VampireKiss","VampirishNight","BombardNight+1","HunterOfTheNight+1","KillingBlow","CurseOfTheBell","Maim+1","StarOfDavid+1","NightDance+1","TransientEternity","VampirishNight"],"relics":["ScarletHat","HushsDoor","Leech","GremlinMask","Strawberry","Calling Bell","Regal Pillow","HornCleat","PrismaticShard","Nilry\u0027s Codex","SalivaCoin","Pen Nib","Eternal Feather","APieceOfRedMist","HandDrill"],"acts_visited":["Exordium","TheCity","TheBeyond"],"potions_floor_usage":[33,33],"damage_taken":[{"damage":0,"enemies":"Jaw Worm","floor":1,"turns":4},{"damage":0,"enemies":"Cultist","floor":10,"turns":3},{"damage":9,"enemies":"2 Louse","floor":12,"turns":3},{"damage":10,"enemies":"Gremlin Gang","floor":13,"turns":4},{"damage":2,"enemies":"3 Louse","floor":14,"turns":3},{"damage":35,"enemies":"Slime Boss","floor":16,"turns":8},{"damage":16,"enemies":"Chosen","floor":18,"turns":4},{"damage":5,"enemies":"2 Thieves","floor":19,"turns":3},{"damage":28,"enemies":"Shelled Parasite and Fungi","floor":20,"turns":4},{"damage":52,"enemies":"Slavers","floor":24,"turns":6},{"damage":16,"enemies":"Sentry and Sphere","floor":25,"turns":4},{"damage":2,"enemies":"Centurion and Healer","floor":28,"turns":7},{"damage":0,"enemies":"3 Cultists","floor":30,"turns":3},{"damage":21,"enemies":"Collector","floor":33,"turns":9},{"damage":17,"enemies":"Orb Walker","floor":35,"turns":6},{"damage":24,"enemies":"3 Shapes","floor":37,"turns":4},{"damage":91,"enemies":"Sphere and 2 Shapes","floor":38,"turns":5}],"seed_played":"-573063529030687034","potions_obtained":[{"floor":1,"key":"Ancient Potion"},{"floor":16,"key":"SkillPotion"},{"floor":19,"key":"Block Potion"},{"floor":37,"key":"Ancient Potion"}],"is_trial":false,"path_per_floor":["M","?","$","?","?","R","$","R","T","M","$","M","M","M","R","B",null,"M","M","M","$","?","R","E","M","T","R","M","?","M","?","R","B",null,"M","$","M","M"],"character_chosen":"REMILIA","items_purchased":["Stigmanizer","BloodHunter","VampireKiss","PrismaticShard","HandDrill","VampirishNight"],"campfire_rested":2,"item_purchase_floors":[3,3,11,21,36,36],"current_hp_per_floor":[75,75,75,75,75,75,75,75,82,82,82,74,73,77,77,55,82,71,73,54,54,38,77,44,37,37,76,82,82,82,82,82,68,82,67,67,63,0,0],"gold":118,"neow_bonus":"RANDOM_COLORLESS","is_daily":false,"chose_seed":false,"campfire_upgraded":4,"win_rate":0.0,"timestamp":1609662924,"path_taken":["M","?","$","?","?","R","$","R","T","M","$","M","M","M","R","BOSS","M","M","M","$","?","R","E","?","T","R","M","?","?","?","R","BOSS","M","$","M","M"],"items_purchased_type":["Card","Card","Card","Relic","Relic","Card"],"build_version":"2020-12-22","purchased_purges":0,"victory":false,"max_hp_per_floor":[75,75,75,75,75,75,75,75,82,82,82,82,82,82,82,82,82,82,82,82,82,82,82,82,82,82,82,82,82,82,82,82,82,82,82,82,82,82,82],"card_choices":[{"not_picked":["Discovery","Good Instincts"],"picked":"Madness","floor":0},{"not_picked":["RedRainbow","UnderTheZenith"],"picked":"ScarletImprint","floor":1},{"not_picked":["MastersStateliness","UnderTheZenith"],"picked":"BloodHunter","floor":10},{"not_picked":["MastersStateliness","BloodAndWine"],"picked":"VampirishNight","floor":12},{"not_picked":["ScarletDevil","EndlessAdversity"],"picked":"BombardNight","floor":13},{"not_picked":["VampireClaw","BatForm"],"picked":"HunterOfTheNight","floor":14},{"not_picked":["BloodySeventeenLaser","TransientEternity"],"picked":"KillingBlow","floor":16},{"not_picked":["UnderTheZenith","StarOfDavid"],"picked":"Maim+1","floor":18},{"not_picked":["ScarletGensokyo+1","FitfulNightmare"],"picked":"StarOfDavid+1","floor":19},{"not_picked":["RedRainbow","UnstableMagic"],"picked":"NightDance+1","floor":20},{"not_picked":["construct:Versatility","Double Energy+1"],"picked":"TransientEternity","floor":24},{"not_picked":["Capacitor+1","FlurryOfBlows+1","LucifercomboA"],"picked":"SKIP","floor":25},{"not_picked":["Hello World","KarmicPunishmentOfTheIdleAndUnfocused","Skim+1"],"picked":"SKIP","floor":28},{"not_picked":["ReturningBlade","construct:SyphonStrike","Acrobatics"],"picked":"SKIP","floor":30},{"not_picked":["construct:SyphonStrike","SashWhip+1","Honeycombofire"],"picked":"SKIP","floor":35},{"not_picked":["GravityBeat+1","EscortCommand","Heatsinks"],"picked":"SKIP","floor":37}],"player_experience":128102,"relics_obtained":[{"floor":9,"key":"Strawberry"},{"floor":17,"key":"Regal Pillow"},{"floor":17,"key":"HornCleat"},{"floor":22,"key":"Nilry\u0027s Codex"},{"floor":24,"key":"SalivaCoin"},{"floor":26,"key":"Pen Nib"}],"event_choices":[{"damage_healed":0,"gold_gain":0,"player_choice":"Trade","damage_taken":0,"relics_obtained":["GremlinMask"],"max_hp_gain":0,"max_hp_loss":0,"event_name":"FaceTrader","floor":4,"gold_loss":0},{"damage_healed":0,"gold_gain":0,"player_choice":"Ignored","damage_taken":0,"max_hp_gain":0,"max_hp_loss":0,"event_name":"Liars Game","floor":5,"gold_loss":0},{"damage_healed":0,"gold_gain":0,"player_choice":"Obtained Book","damage_taken":16,"max_hp_gain":0,"max_hp_loss":0,"event_name":"Cursed Tome","floor":22,"gold_loss":0},{"damage_healed":0,"gold_gain":0,"player_choice":"Obtained Relic","damage_taken":0,"relics_obtained":["Eternal Feather"],"max_hp_gain":0,"max_hp_loss":0,"event_name":"Addict","floor":29,"gold_loss":85},{"damage_healed":0,"gold_gain":0,"player_choice":"Ignored","damage_taken":0,"max_hp_gain":0,"max_hp_loss":0,"event_name":"Ghosts","floor":31,"gold_loss":0}],"is_beta":false,"boss_relics":[{"not_picked":["Pandora\u0027s Box","construct:ClawGrip"],"picked":"Calling Bell"},{"not_picked":[]},{"not_picked":["Velvet Choker","SacredBark"],"picked":"APieceOfRedMist"},{"not_picked":[]}],"items_purged_floors":[],"is_endless":false,"potions_floor_spawned":[1,16,19,25,30,37],"killed_by":"Sphere and 2 Shapes","ascension_level":0}}