{"host":"kw4o7b3ro2ktmmbe","time":1609675598,"event":{"mods":["BaseMod","Evolution","Minty Spire (QoL Compilation)","StSLib","The Gatherer","Wandering Minibosses"],"gold_per_floor":[114,114,114,114,134,134,159,159,159,172,172,29,48,62,62,190,190,214,214,57,57,77,111,111,151,175,175,196,211,54,98,98,217,217,230,230,253,253,253,253,272,285,362,382,382,445,445,124,124,124],"floor_reached":51,"playtime":3850,"items_purged":[],"score":720,"play_id":"075cebad-d708-473b-9462-1e124b8f1bb9","local_time":"20210104010638","is_ascension_mode":false,"metric_token":401,"campfire_choices":[{"data":"Gatherer:Duality","floor":6.0,"key":"SMITH"},{"data":"Gatherer:FlowerWhip","floor":8.0,"key":"SMITH"},{"data":"Gatherer:FlowerWhip+1","floor":11.0,"key":"SMITH"},{"data":"Gatherer:GrowBook","floor":15.0,"key":"SMITH"},{"data":"Gatherer:HeartToFruit","floor":24.0,"key":"SMITH"},{"data":"Gatherer:FlowerBeam","floor":27.0,"key":"SMITH"},{"data":"Gatherer:BlackTea","floor":32.0,"key":"SMITH"},{"data":"Gatherer:StoneFence","floor":40.0,"key":"SMITH"},{"data":"Gatherer:MiningStrike","floor":45,"key":"SMITH"},{"floor":49,"key":"REST"}],"circlet_count":0,"master_deck":["Gatherer:Strike_Gatherer+1","Gatherer:Strike_Gatherer+1","Gatherer:Strike_Gatherer+1","Gatherer:Strike_Gatherer+1","Gatherer:Defend_Gatherer+1","Gatherer:Defend_Gatherer+1","Gatherer:Defend_Gatherer+1","Gatherer:Defend_Gatherer+1","Gatherer:FlowerWhip+2","Gatherer:MiningStrike+1","Omniscience+1","Gatherer:HeartToFruit+1","Gatherer:FlowerBeam+1","Gatherer:Overflowing","Gatherer:BlackTea+1","Gatherer:Bulldoze","Madness","Madness","Gatherer:StoneFence+1","Gatherer:Duality+1","Gatherer:Pollute+1","Transmutation+1"],"relics":["EVO:Axolotl","Velvet Choker","Golden Idol","Gatherer:FlyingFruit","MealTicket","Sozu","Sling","Anchor","Pen Nib","Oddly Smooth Stone","Bag of Preparation","Akabeko","SlaversCollar","Toxic Egg 2","FossilizedHelix","Medical Kit"],"acts_visited":["Exordium","TheCity","TheBeyond"],"potions_floor_usage":[],"damage_taken":[{"damage":3.0,"enemies":"Small Slimes","floor":1.0,"turns":3.0},{"damage":0.0,"enemies":"2 Louse","floor":5.0,"turns":2.0},{"damage":0.0,"enemies":"Cultist","floor":7.0,"turns":2.0},{"damage":2.0,"enemies":"Looter","floor":10.0,"turns":2.0},{"damage":3.0,"enemies":"Exordium Wildlife","floor":13.0,"turns":3.0},{"damage":0.0,"enemies":"Gremlin Gang","floor":14.0,"turns":3.0},{"damage":5.0,"enemies":"The Guardian","floor":16.0,"turns":12.0},{"damage":6.0,"enemies":"Shell Parasite","floor":18.0,"turns":4.0},{"damage":0.0,"enemies":"Chosen","floor":22.0,"turns":3.0},{"damage":10.0,"enemies":"Gremlin Leader","floor":23.0,"turns":4.0},{"damage":1.0,"enemies":"Slavers","floor":25.0,"turns":3.0},{"damage":12.0,"enemies":"3 Cultists","floor":28.0,"turns":4.0},{"damage":3.0,"enemies":"Snecko","floor":29.0,"turns":5.0},{"damage":0.0,"enemies":"Gremlin Leader","floor":31.0,"turns":3.0},{"damage":44.0,"enemies":"Collector","floor":33.0,"turns":8.0},{"damage":0.0,"enemies":"Orb Walker","floor":35.0,"turns":2.0},{"damage":0.0,"enemies":"3 Darklings","floor":37.0,"turns":2.0},{"damage":24.0,"enemies":"Sphere and 2 Shapes","floor":41.0,"turns":5.0},{"damage":0.0,"enemies":"4 Shapes","floor":42.0,"turns":2.0},{"damage":46,"enemies":"Maw","floor":44,"turns":6},{"damage":22,"enemies":"Mind Bloom Boss Battle","floor":46,"turns":5},{"damage":72,"enemies":"Donu and Deca","floor":50,"turns":8}],"seed_played":"-6351457943865585899","potions_obtained":[{"floor":7.0,"key":"Swift Potion"},{"floor":10.0,"key":"SteroidPotion"},{"floor":13.0,"key":"Strength Potion"}],"is_trial":false,"path_per_floor":["M","?","?","?","M","R","M","R","T","M","R","$","M","M","R","B",null,"M","?","$","?","M","E","R","E","T","R","M","M","$","E","R","B",null,"M","?","M","?","?","R","M","M","T","M","R","?","?","$","R","B",null],"character_chosen":"THE_GATHERER","items_purchased":["MealTicket","Sling","Bag of Preparation","Medical Kit","Transmutation+1"],"campfire_rested":1,"item_purchase_floors":[12,20,30,48,48],"current_hp_per_floor":[69,55,37,37,37,37,37,37,37,35,35,35,32,32,32,35,80,78,78,84,84,87,84,84,87,87,87,79,80,95,103,103,63,118,122,107,107,107,107,107,83,91,91,49,49,31,31,46,87,15],"gold":124,"neow_bonus":"BOSS_RELIC","is_daily":false,"chose_seed":false,"campfire_upgraded":9,"win_rate":0.0,"timestamp":1609675598,"path_taken":["M","?","?","?","?","R","M","R","T","M","R","$","M","M","R","BOSS","M","?","$","?","M","E","R","E","T","R","?","M","$","E","R","BOSS","M","?","M","?","?","R","?","M","T","?","R","?","?","$","R","BOSS"],"items_purchased_type":["Relic","Relic","Relic","Relic","Card"],"build_version":"2020-12-22","purchased_purges":0,"victory":true,"max_hp_per_floor":[72,72,72,72,72,72,72,72,72,72,72,72,72,72,72,80,80,84,84,84,84,87,94,94,98,98,98,102,106,106,114,114,118,118,122,122,122,122,122,122,122,130,130,134,134,138,138,138,138,138],"card_choices":[{"not_picked":["Gatherer:TreeGrowth","Gatherer:FragileHammer","Gatherer:PotentialSlash"],"picked":"SKIP","floor":1.0},{"not_picked":["Gatherer:DrugPower","Gatherer:FlowerFalling"],"picked":"Gatherer:Duality","floor":5.0},{"not_picked":["Gatherer:FlowerFalling","Gatherer:SealedBomb","Gatherer:TreeGrowth"],"picked":"SKIP","floor":7.0},{"not_picked":["Gatherer:PotentialSlash","Gatherer:Snatch","Gatherer:SaveValuables"],"picked":"SKIP","floor":10.0},{"not_picked":["Gatherer:Frenzy","Gatherer:AcidicSpray"],"picked":"Gatherer:MiningStrike","floor":13.0},{"not_picked":["Gatherer:AromaProtection","Gatherer:MiningStrike"],"picked":"Gatherer:GrowBook","floor":14.0},{"not_picked":["Gatherer:Examine","Gatherer:CursedBlade"],"picked":"Gatherer:HeartToFruit","floor":16.0},{"not_picked":["Gatherer:Duplicator+1","Gatherer:FlowerFalling"],"picked":"Gatherer:FlowerBeam","floor":18.0},{"not_picked":["Gatherer:Snatch+1","Gatherer:ScherryThrow+1","Gatherer:FlowerShield+1"],"picked":"SKIP","floor":22.0},{"not_picked":["Gatherer:CollectorsShot","Gatherer:Solidify"],"picked":"Gatherer:Overflowing","floor":23.0},{"not_picked":["Gatherer:OddSpoils","Gatherer:TreeGrowth","Gatherer:AromaProtection"],"picked":"SKIP","floor":25.0},{"not_picked":["Gatherer:TreeGrowth","Gatherer:Frenzy","Gatherer:SealedBomb"],"picked":"SKIP","floor":28.0},{"not_picked":["Gatherer:TacticalStrike","Gatherer:Enchant","Gatherer:Solidify"],"picked":"SKIP","floor":29.0},{"not_picked":["Gatherer:Bulldoze","Gatherer:QuickSynthesis"],"picked":"Gatherer:BlackTea","floor":31.0},{"not_picked":["Gatherer:MindSearch","Gatherer:BomberForm"],"picked":"Gatherer:Bulldoze","floor":33.0},{"not_picked":["Gatherer:TacticalStrike","Gatherer:EnergyBasket+1","Gatherer:SaveValuables+1"],"picked":"SKIP","floor":35.0},{"not_picked":["Gatherer:ScherryThrow","Gatherer:FlowerShield+1","Gatherer:Convert"],"picked":"SKIP","floor":37.0},{"not_picked":["Gatherer:ScherryThrow","Gatherer:FlowerShield+1","Gatherer:Convert"],"picked":"SKIP","floor":37.0},{"not_picked":["Gatherer:SaveValuables","Gatherer:VenomBarrier","Gatherer:SmartManeuver+1"],"picked":"SKIP","floor":41.0},{"not_picked":["Gatherer:AcidicSpray","Gatherer:FlowerPower"],"picked":"Gatherer:Duality+1","floor":42.0},{"not_picked":["Gatherer:ScrollOfPurity+1","Gatherer:PotentialSlash"],"picked":"Gatherer:Pollute+1","floor":44}],"player_experience":1774400,"relics_obtained":[{"floor":9.0,"key":"Gatherer:FlyingFruit"},{"floor":23.0,"key":"Anchor"},{"floor":25.0,"key":"Pen Nib"},{"floor":26.0,"key":"Oddly Smooth Stone"},{"floor":31.0,"key":"Akabeko"},{"floor":43.0,"key":"Toxic Egg 2"},{"floor":46,"key":"FossilizedHelix"}],"event_choices":[{"damage_healed":0.0,"max_hp_gain":0.0,"max_hp_loss":0.0,"gold_gain":0.0,"event_name":"Shining Light","player_choice":"Entered Light","floor":2.0,"gold_loss":0.0,"damage_taken":14.0,"cards_upgraded":["Gatherer:Strike_Gatherer","Gatherer:Strike_Gatherer"]},{"damage_healed":0.0,"max_hp_gain":0.0,"max_hp_loss":0.0,"gold_gain":0.0,"event_name":"Golden Idol","player_choice":"Take Damage","floor":3.0,"gold_loss":0.0,"damage_taken":18.0,"relics_obtained":["Golden Idol"]},{"cards_removed":["Gatherer:Defend_Gatherer"],"damage_healed":0.0,"max_hp_gain":0.0,"max_hp_loss":0.0,"gold_gain":0.0,"event_name":"Purifier","player_choice":"Purged","floor":4.0,"gold_loss":0.0,"damage_taken":0.0},{"damage_healed":0.0,"max_hp_gain":0.0,"max_hp_loss":0.0,"gold_gain":0.0,"event_name":"Back to Basics","player_choice":"Simplicity","floor":19.0,"gold_loss":0.0,"damage_taken":0.0,"cards_upgraded":["Gatherer:Strike_Gatherer","Gatherer:Strike_Gatherer","Gatherer:Defend_Gatherer","Gatherer:Defend_Gatherer","Gatherer:Defend_Gatherer","Gatherer:Defend_Gatherer"]},{"cards_removed":["Gatherer:Centralize"],"damage_healed":0.0,"max_hp_gain":0.0,"max_hp_loss":0.0,"gold_gain":0.0,"event_name":"Purifier","player_choice":"Purged","floor":21.0,"gold_loss":0.0,"damage_taken":0.0},{"damage_healed":0.0,"max_hp_gain":0.0,"max_hp_loss":0.0,"gold_gain":0.0,"event_name":"Winding Halls","player_choice":"Embrace Madness","floor":36.0,"gold_loss":0.0,"damage_taken":15.0,"cards_obtained":["Madness","Madness"]},{"cards_removed":["Gatherer:Duality"],"damage_healed":0.0,"max_hp_gain":0.0,"max_hp_loss":0.0,"gold_gain":0.0,"event_name":"Falling","player_choice":"Removed Attack","floor":38.0,"gold_loss":0.0,"damage_taken":0.0},{"damage_healed":0.0,"max_hp_gain":0.0,"max_hp_loss":0.0,"gold_gain":0.0,"cards_transformed":["Gatherer:CarefulStrike"],"event_name":"Transmorgrifier","player_choice":"Transformed","floor":39.0,"gold_loss":0.0,"damage_taken":0.0,"cards_obtained":["Gatherer:StoneFence"]},{"damage_healed":0,"gold_gain":0,"player_choice":"Fight","damage_taken":0,"max_hp_gain":0,"max_hp_loss":0,"event_name":"MindBloom","floor":46,"gold_loss":0},{"damage_healed":0,"gold_gain":0,"player_choice":"Ignored","damage_taken":0,"max_hp_gain":0,"max_hp_loss":0,"event_name":"Tomb of Lord Red Mask","floor":47,"gold_loss":0}],"is_beta":false,"boss_relics":[{"not_picked":["Astrolabe","Runic Dome"],"picked":"Sozu"},{"not_picked":["Empty Cage","Black Star"],"picked":"SlaversCollar"}],"items_purged_floors":[],"is_endless":false,"potions_floor_spawned":[7,10,13,18,22,29,31,33,41,46],"ascension_level":0}}