{"host":"40f49r155zsx8eqk","time":1609636626,"event":{"mods":["AchievementEnabler","Aspiration","BaseMod","Curses Come First","Dota2Spire","Evolution","Googly Eyes","Minty Spire (QoL Compilation)","Relic Sorter","Replay The Spire","StSLib","The Gatherer"],"gold_per_floor":[113,113,113,131,81,114,114,134,134,151,163,195,210,19,19,116,116,130,130,143,159,43,43,63,63,138,138,138,171,171,228,228,325,325,343,43,55,105,116,147,166,177,177,177,177,210,210,210,210,210],"floor_reached":51,"playtime":1957,"items_purged":[],"score":1157,"play_id":"8862b625-c980-41e6-bc9f-b0648ca863a0","local_time":"20210103041706","is_ascension_mode":true,"metric_token":800,"campfire_choices":[{"data":"Gatherer:Centralize","floor":7,"key":"SMITH"},{"data":"Gatherer:Snatch","floor":15,"key":"SMITH"},{"data":"Gatherer:OddSpoils","floor":23,"key":"SMITH"},{"data":"Gatherer:Snatch","floor":27,"key":"SMITH"},{"data":"Gatherer:Snatch","floor":30,"key":"SMITH"},{"data":"Gatherer:AlchemyTrial","floor":32,"key":"SMITH"},{"data":"Gatherer:AcidicSpray","floor":47,"key":"SMITH"},{"data":"Gatherer:Snatch","floor":49,"key":"SMITH"}],"circlet_count":0,"master_deck":["Gatherer:Snatch+1","Gatherer:Strike_Gatherer+1","Gatherer:Strike_Gatherer+1","Gatherer:Strike_Gatherer+1","Gatherer:Strike_Gatherer+1","Gatherer:Defend_Gatherer+1","Gatherer:Defend_Gatherer+1","Gatherer:Defend_Gatherer+1","Gatherer:Defend_Gatherer+1","Gatherer:Defend_Gatherer+1","Gatherer:Centralize+1","Gatherer:FlowerWhip","Dramatic Entrance+1","Gatherer:CarefulStrike","Gatherer:Enchant+1","Gatherer:Misfortune+1","Gatherer:EnergyBasket+1","Gatherer:BlackTea+1","Gatherer:ScherryThrow","Gatherer:MindSearch+1","Gatherer:QuickSynthesis+1","Gatherer:SpareBottle+1","Gatherer:EnergyBasket+1","Gatherer:Snatch+1","Gatherer:AlchemyTrial+1","Gatherer:OddSpoils+1","Gatherer:RecipeChange+1","Gatherer:Snatch+1","Pot Of Greed+1","Pot Of Greed+1","Pot Of Greed+1","Gatherer:Snatch+1","Gatherer:PoisonMastery","Gatherer:UpgradeBag+1","Gatherer:DrugPower","Gatherer:EnergyBasket+1","Gatherer:DrugPower","Gatherer:AcidicSpray+1","Gatherer:QuickSynthesis+1","Pot Of Greed+1","Gatherer:BigPouch+1"],"relics":["Gatherer:AlchemyBag","EVO:Axolotl","Toxic Egg 2","CultistMask","aspiration:StickyExplosives_weak","Dota2Spire:Vanguard","TungstenRod","Guide Book","aspiration:SecretTechniqueScroll","Dota2Spire:BattleFury","Ancient Tea Set","Grinning Jar","aspiration:PoetsPen_weak","Membership Card","aspiration:Nostalgia","Burning Blood","Ice Cream","Ginger","Blood Vial","Dota2Spire:EtherealBlade","PreservedInsect"],"acts_visited":["Exordium","TheCity","TheBeyond"],"potions_floor_usage":[6,11,16,33,33,50],"damage_taken":[{"damage":4,"enemies":"Jaw Worm","floor":1,"turns":2},{"damage":0,"enemies":"Small Slimes","floor":4,"turns":1},{"damage":22,"enemies":"Lagavulin","floor":6,"turns":5},{"damage":0,"enemies":"Cultist","floor":8,"turns":2},{"damage":6,"enemies":"Large Slime","floor":10,"turns":4},{"damage":1,"enemies":"Blue Slaver","floor":11,"turns":2},{"damage":10,"enemies":"3 Sentries","floor":12,"turns":5},{"damage":0,"enemies":"Red Slaver","floor":13,"turns":1},{"damage":1,"enemies":"Hexaghost","floor":16,"turns":8},{"damage":0,"enemies":"3 Byrds","floor":18,"turns":3},{"damage":0,"enemies":"Spheric Guardian","floor":20,"turns":2},{"damage":3,"enemies":"Snake Plant","floor":21,"turns":2},{"damage":0,"enemies":"Snecko","floor":24,"turns":3},{"damage":0,"enemies":"Slavers","floor":29,"turns":2},{"damage":0,"enemies":"Collector","floor":33,"turns":4},{"damage":0,"enemies":"3 Darklings","floor":35,"turns":2},{"damage":9,"enemies":"3 Shapes","floor":37,"turns":1},{"damage":11,"enemies":"Mind Bloom Boss Battle","floor":38,"turns":4},{"damage":0,"enemies":"Transient","floor":39,"turns":5},{"damage":0,"enemies":"Reptomancer","floor":40,"turns":3},{"damage":0,"enemies":"Writhing Mass","floor":41,"turns":1},{"damage":0,"enemies":"3 Darklings","floor":42,"turns":1},{"damage":0,"enemies":"Giant Head","floor":46,"turns":2},{"damage":22,"enemies":"Donu and Deca","floor":50,"turns":4}],"seed_played":"3172178333971567397","potions_obtained":[{"floor":1,"key":"Adrenaline Potion"},{"floor":6,"key":"LifebloodPotion"},{"floor":11,"key":"BloodPotion"},{"floor":18,"key":"Adrenaline Potion"},{"floor":20,"key":"BottledMiracle"},{"floor":31,"key":"AttackPotion"},{"floor":33,"key":"Elixir"},{"floor":40,"key":"ColorlessPotion"}],"is_trial":false,"path_per_floor":["M","?","?","M","?","E","R","M","T","M","M","E","M","$","R","B",null,"M","?","M","M","$","R","M","$","T","R","?","E","R","?","R","B",null,"M","$","M","?","M","E","M","M","T","?","T","E","R","?","R","B",null],"character_chosen":"THE_GATHERER","items_purchased":["Guide Book","PowerPotion","Gatherer:AlchemyTrial","Gatherer:OddSpoils","Membership Card","aspiration:Nostalgia","BloodPotion"],"campfire_rested":0,"item_purchase_floors":[14,14,22,22,36,36,36],"current_hp_per_floor":[68,68,68,68,68,46,46,46,46,40,53,43,43,43,43,42,72,72,72,72,69,69,69,69,69,69,69,69,69,69,69,69,69,72,72,72,69,64,70,72,72,72,72,72,72,72,72,72,72,56],"gold":210,"neow_bonus":"RANDOM_COLORLESS","is_daily":false,"chose_seed":false,"campfire_upgraded":8,"win_rate":0.0,"timestamp":1609636626,"path_taken":["M","?","?","?","?","E","R","M","T","M","M","E","M","$","R","BOSS","M","?","M","?","$","R","M","$","T","R","?","E","R","?","R","BOSS","M","$","M","?","M","E","M","M","T","?","?","E","R","?","R","BOSS"],"items_purchased_type":["Relic","Potion","Card","Card","Relic","Relic","Potion"],"build_version":"2020-12-22","purchased_purges":0,"victory":true,"max_hp_per_floor":[72,72,72,72,72,72,72,72,72,72,72,72,72,72,72,72,72,72,72,72,72,72,72,72,72,72,72,72,72,72,72,72,72,72,72,72,72,72,72,72,72,72,72,72,72,72,72,72,72,72],"card_choices":[{"not_picked":["Bandage Up","ReplayTheSpireMod:Trickstab"],"picked":"Dramatic Entrance","floor":0},{"not_picked":["Gatherer:FlowerShield","Gatherer:BalancedGrowth"],"picked":"Gatherer:CarefulStrike","floor":1},{"not_picked":["Gatherer:DrugPower","Gatherer:FruitForce"],"picked":"Gatherer:Enchant+1","floor":4},{"not_picked":["Gatherer:FlowerFalling","Gatherer:CarefulStrike"],"picked":"Gatherer:Misfortune","floor":6},{"not_picked":["Gatherer:Duality","Gatherer:WoolGloves+1"],"picked":"Gatherer:QuickSynthesis+1","floor":8},{"not_picked":["Gatherer:CarefulStrike","Gatherer:TreeGrowth+1","Gatherer:GatherMaterial+1"],"picked":"SKIP","floor":10},{"not_picked":["Gatherer:CollectorsShot","Gatherer:Convert+1"],"picked":"Gatherer:EnergyBasket+1","floor":11},{"not_picked":["Gatherer:Snatch","Gatherer:FragileHammer"],"picked":"Gatherer:BlackTea+1","floor":12},{"not_picked":["Gatherer:FragileHammer","Gatherer:FruitForce"],"picked":"Gatherer:ScherryThrow","floor":13},{"not_picked":["Gatherer:PoisonMastery","Gatherer:Examine+1"],"picked":"Gatherer:MindSearch+1","floor":16},{"not_picked":["Gatherer:WoolGloves+1","Gatherer:AlchemyTrial"],"picked":"Gatherer:QuickSynthesis+1","floor":18},{"not_picked":["Gatherer:BigPouch+1","Gatherer:DrugPower+1"],"picked":"Gatherer:EnergyBasket+1","floor":20},{"not_picked":["Gatherer:FlowerFalling+1","Gatherer:EchoOfNature"],"picked":"Gatherer:Snatch","floor":21},{"not_picked":["Gatherer:QuickSynthesis+1","Gatherer:ScherryThrow"],"picked":"Gatherer:RecipeChange+1","floor":24},{"not_picked":["Gatherer:Nutrients+1","Gatherer:Photoscythe"],"picked":"Gatherer:Snatch","floor":29},{"not_picked":["Gatherer:CollectorsShot","Gatherer:FlowerShield+1"],"picked":"Gatherer:Snatch","floor":31},{"not_picked":["Gatherer:Photoscythe","Gatherer:HeartToFruit"],"picked":"Gatherer:PoisonMastery","floor":33},{"not_picked":["Gatherer:GatherMaterial+1","Gatherer:Enchant+1"],"picked":"Gatherer:UpgradeBag+1","floor":35},{"not_picked":["Gatherer:CarefulStrike+1","Gatherer:BambuSword"],"picked":"Gatherer:DrugPower","floor":37},{"not_picked":["Gatherer:FlowerFalling+1","Gatherer:TreeGrowth+1"],"picked":"Gatherer:EnergyBasket+1","floor":38},{"not_picked":["Gatherer:FlowerShield+1","Gatherer:FinishingStrike","Gatherer:CarefulStrike+1"],"picked":"SKIP","floor":39},{"not_picked":["Gatherer:TreeGrowth+1","Gatherer:CursedBlade"],"picked":"Gatherer:DrugPower","floor":40},{"not_picked":["Gatherer:CarefulStrike+1","Gatherer:QuickSynthesis+1"],"picked":"Gatherer:AcidicSpray","floor":41},{"not_picked":["Gatherer:AromaProtection+1","Gatherer:FlowerShield+1"],"picked":"Gatherer:QuickSynthesis+1","floor":42},{"not_picked":["Gatherer:Duality","Gatherer:Solidify+1"],"picked":"Gatherer:BigPouch+1","floor":46}],"player_experience":123274,"relics_obtained":[{"floor":6,"key":"aspiration:StickyExplosives_weak"},{"floor":9,"key":"Dota2Spire:Vanguard"},{"floor":12,"key":"TungstenRod"},{"floor":26,"key":"Dota2Spire:BattleFury"},{"floor":29,"key":"Ancient Tea Set"},{"floor":31,"key":"Grinning Jar"},{"floor":38,"key":"Ice Cream"},{"floor":40,"key":"Ginger"},{"floor":43,"key":"Blood Vial"},{"floor":45,"key":"Dota2Spire:EtherealBlade"},{"floor":46,"key":"PreservedInsect"}],"event_choices":[{"damage_healed":0,"gold_gain":0,"player_choice":"Trade","damage_taken":0,"relics_obtained":["CultistMask"],"max_hp_gain":0,"max_hp_loss":0,"event_name":"FaceTrader","floor":3,"gold_loss":0},{"cards_removed":["Injury"],"damage_healed":0,"gold_gain":0,"player_choice":"Card Removal","damage_taken":0,"max_hp_gain":0,"max_hp_loss":0,"event_name":"The Cleric","floor":5,"gold_loss":50},{"cards_removed":["Gatherer:QuickSynthesis"],"damage_healed":0,"gold_gain":0,"player_choice":"Got a Spare Bottle","damage_taken":0,"max_hp_gain":0,"max_hp_loss":0,"event_name":"Gatherer:BottleCollector","floor":19,"gold_loss":0,"cards_obtained":["Gatherer:SpareBottle"]},{"damage_healed":0,"gold_gain":0,"player_choice":"Simplicity","damage_taken":0,"max_hp_gain":0,"max_hp_loss":0,"event_name":"Back to Basics","floor":28,"gold_loss":0,"cards_upgraded":["Gatherer:Strike_Gatherer","Gatherer:Strike_Gatherer","Gatherer:Strike_Gatherer","Gatherer:Strike_Gatherer","Gatherer:Defend_Gatherer","Gatherer:Defend_Gatherer","Gatherer:Defend_Gatherer","Gatherer:Defend_Gatherer","Gatherer:Defend_Gatherer"]},{"damage_healed":0,"gold_gain":0,"player_choice":"Fight","damage_taken":0,"max_hp_gain":0,"max_hp_loss":0,"event_name":"MindBloom","floor":38,"gold_loss":0},{"damage_healed":0,"gold_gain":0,"player_choice":"Bought 0 Potions","damage_taken":0,"max_hp_gain":0,"max_hp_loss":0,"event_name":"The Woman in Blue","floor":48,"gold_loss":0}],"is_beta":false,"boss_relics":[{"not_picked":["ReplayTheSpireMod:DimensionalGlitch","Velvet Choker"],"picked":"aspiration:SecretTechniqueScroll"},{"not_picked":["Cursed Key","Kintsugi"],"picked":"aspiration:PoetsPen_weak"}],"items_purged_floors":[],"is_endless":false,"potions_floor_spawned":[1,6,11,18,20,33,38,40,42],"ascension_level":4}}