{"host":"mydft8i2zzydgggw","time":1609696066,"event":{"mods":["AchievementEnabler","BaseMod","Colored Map","Colored Powertips","Minty Spire (QoL Compilation)","StSLib","The Hierophant","The Poker Player","The Runesmith"],"gold_per_floor":[118,138,138,155,12,12,37,37,37,51,126,52,70,70,70,170,170,186,205,12,12,43,43,70,70,94,129,55,55,80,80,80,178,178,189,189,202,221,443,443,443,477,477,489,539,564,578,605,605,605,605,605],"floor_reached":50,"playtime":3725,"items_purged":[],"score":644,"play_id":"27611496-2d90-4e67-bd2f-17b5bbfe5f90","local_time":"20210104024746","is_ascension_mode":true,"metric_token":606,"campfire_choices":[{"data":"PokerPlayerMod:TrumpStrike","floor":6,"key":"SMITH"},{"data":"PokerPlayerMod:Mulligan","floor":8,"key":"SMITH"},{"floor":15,"key":"REST"},{"data":"PokerPlayerMod:TheDieIsCast","floor":23,"key":"SMITH"},{"data":"PokerPlayerMod:Raise","floor":25,"key":"SMITH"},{"data":"PokerPlayerMod:Raise","floor":29,"key":"SMITH"},{"data":"PokerPlayerMod:BadJoker","floor":32,"key":"SMITH"},{"data":"PokerPlayerMod:TheDieIsCast","floor":40,"key":"SMITH"},{"data":"PokerPlayerMod:PoorCopy","floor":49,"key":"SMITH"}],"circlet_count":0,"master_deck":["PokerPlayerMod:Diamond1","PokerPlayerMod:Diamond2","PokerPlayerMod:Diamond3","PokerPlayerMod:Diamond4","PokerPlayerMod:Diamond5","PokerPlayerMod:Spade1","PokerPlayerMod:Spade2","PokerPlayerMod:Spade3","PokerPlayerMod:Spade4","PokerPlayerMod:Club1","PokerPlayerMod:Club2","PokerPlayerMod:Heart2","PokerPlayerMod:TrumpStrike+1","PokerPlayerMod:BadJoker+1","PokerPlayerMod:Mulligan+1","PokerPlayerMod:Spade5","PokerPlayerMod:CloakAndDiamond","PokerPlayerMod:HiddenCard","PokerPlayerMod:SpadeStrike","PokerPlayerMod:FillThePot","PokerPlayerMod:ClubShade+1","PokerPlayerMod:TheDieIsCast+1","PokerPlayerMod:Harden","PokerPlayerMod:Raise+1","PokerPlayerMod:Heart6","Shame","PokerPlayerMod:Raise+1","PokerPlayerMod:Sharpen","PokerPlayerMod:MagicTrick+1","PokerPlayerMod:Heart8","PokerPlayerMod:TheDieIsCast+1","Metamorphosis","PokerPlayerMod:Club4","PokerPlayerMod:Spade7","PokerPlayerMod:DamnStraight","PokerPlayerMod:PoorCopy+1","PokerPlayerMod:ClubDance+1","PokerPlayerMod:Club7"],"relics":["PokerPlayerMod:DeckCase","Matryoshka","PokerPlayerMod:FairLicense","Runesmith:Nanobots","PokerPlayerMod:ClubPass","Blue Candle","PokerPlayerMod:AceCard","Toolbox","Bird Faced Urn","Red Mask","Eternal Feather","Meat on the Bone","Anchor","Philosopher\u0027s Stone","Prayer Wheel","Runesmith:AutoHammer","Boot","Runesmith:Locket","Juzu Bracelet","MealTicket"],"acts_visited":["Exordium","TheCity","TheBeyond"],"potions_floor_usage":[22,22,22,30,47,47],"damage_taken":[{"damage":6,"enemies":"Cultist","floor":1,"turns":3},{"damage":0,"enemies":"2 Louse","floor":2,"turns":2},{"damage":0,"enemies":"Jaw Worm","floor":4,"turns":4},{"damage":20,"enemies":"Gremlin Nob","floor":7,"turns":4},{"damage":0,"enemies":"2 Fungi Beasts","floor":10,"turns":2},{"damage":10,"enemies":"Looter","floor":13,"turns":2},{"damage":1,"enemies":"Slime Boss","floor":16,"turns":9},{"damage":1,"enemies":"2 Thieves","floor":18,"turns":2},{"damage":0,"enemies":"Shell Parasite","floor":19,"turns":6},{"damage":50,"enemies":"Cultist and Chosen","floor":22,"turns":10},{"damage":0,"enemies":"Masked Bandits","floor":24,"turns":2},{"damage":14,"enemies":"Slavers","floor":27,"turns":4},{"damage":35,"enemies":"Gremlin Leader","floor":30,"turns":8},{"damage":7,"enemies":"Automaton","floor":33,"turns":6},{"damage":9,"enemies":"3 Darklings","floor":35,"turns":3},{"damage":11,"enemies":"Orb Walker","floor":37,"turns":4},{"damage":1,"enemies":"4 Shapes","floor":38,"turns":3},{"damage":65,"enemies":"Reptomancer","floor":42,"turns":6},{"damage":3,"enemies":"Writhing Mass","floor":44,"turns":5},{"damage":1,"enemies":"Mind Bloom Boss Battle","floor":45,"turns":4},{"damage":64,"enemies":"Giant Head","floor":46,"turns":10},{"damage":63,"enemies":"Spire Growth","floor":47,"turns":5},{"damage":8,"enemies":"Nemesis","floor":48,"turns":5},{"damage":65,"enemies":"Time Eater","floor":50,"turns":5}],"seed_played":"6768411687752138983","potions_obtained":[{"floor":1,"key":"Regen Potion"},{"floor":7,"key":"Block Potion"},{"floor":16,"key":"LiquidBronze"},{"floor":22,"key":"BlessingOfTheForge"},{"floor":24,"key":"SteroidPotion"},{"floor":27,"key":"Weak Potion"},{"floor":37,"key":"PowerPotion"},{"floor":42,"key":"FearPotion"},{"floor":46,"key":"Weak Potion"}],"is_trial":false,"path_per_floor":["M","M","T","M","$","R","E","R","T","M","?","$","M","?","R","B",null,"M","M","$","?","M","R","?","R","T","E","$","R","E","$","R","B",null,"M","?","M","M","?","R","T","E","T","M","?","E","M","E","R","B"],"character_chosen":"THE_POKER_PLAYER","items_purchased":["PokerPlayerMod:FairLicense","PokerPlayerMod:FillThePot","Toolbox","PokerPlayerMod:Heart6","PokerPlayerMod:Heart8"],"campfire_rested":1,"item_purchase_floors":[5,12,20,20,28],"current_hp_per_floor":[51,51,51,54,54,54,36,36,36,42,31,31,26,26,43,47,57,56,57,57,57,26,26,57,57,57,51,51,57,54,54,57,54,57,57,57,57,57,57,57,57,36,36,57,56,27,36,57,57,0,0,0],"gold":605,"neow_bonus":"TEN_PERCENT_HP_BONUS","is_daily":false,"chose_seed":false,"campfire_upgraded":8,"win_rate":0.0,"timestamp":1609696066,"path_taken":["M","?","?","M","$","R","E","R","T","M","?","?","M","?","R","BOSS","M","M","$","?","M","R","?","R","T","E","$","R","E","$","R","BOSS","M","?","M","M","?","R","?","E","T","?","?","E","M","E","R","BOSS"],"items_purchased_type":["Relic","Card","Relic","Card","Card"],"build_version":"2020-12-22","purchased_purges":0,"victory":false,"max_hp_per_floor":[57,57,57,57,57,57,57,57,57,57,57,57,57,57,57,57,57,57,57,57,57,57,57,57,57,57,57,57,57,57,57,57,57,57,57,57,57,57,57,57,57,57,57,57,57,57,57,57,57,57,57,57],"card_choices":[{"not_picked":["PokerPlayerMod:ClubShade","PokerPlayerMod:Diamond2"],"picked":"PokerPlayerMod:Spade5","floor":1},{"not_picked":["PokerPlayerMod:Club1","PokerPlayerMod:Diamond1","PokerPlayerMod:Diamond4"],"picked":"SKIP","floor":2},{"not_picked":["PokerPlayerMod:Spade4","PokerPlayerMod:Spade3"],"picked":"PokerPlayerMod:CloakAndDiamond","floor":4},{"not_picked":["PokerPlayerMod:Spade1","PokerPlayerMod:Diamond9"],"picked":"PokerPlayerMod:HiddenCard","floor":7},{"not_picked":["PokerPlayerMod:Spade1","PokerPlayerMod:Configure"],"picked":"PokerPlayerMod:SpadeStrike","floor":10},{"not_picked":["PokerPlayerMod:Spade4","PokerPlayerMod:CardBurn"],"picked":"PokerPlayerMod:ClubShade","floor":13},{"not_picked":["PokerPlayerMod:Diamond9","PokerPlayerMod:WildCard"],"picked":"PokerPlayerMod:TheDieIsCast","floor":16},{"not_picked":["PokerPlayerMod:Diamond4","PokerPlayerMod:Spade1"],"picked":"PokerPlayerMod:Harden","floor":18},{"not_picked":["PokerPlayerMod:Trickery","PokerPlayerMod:Diamond1"],"picked":"PokerPlayerMod:Raise","floor":19},{"not_picked":["PokerPlayerMod:ClubsClub","PokerPlayerMod:DiamondStrike"],"picked":"PokerPlayerMod:Raise","floor":22},{"not_picked":["PokerPlayerMod:Diamond2","PokerPlayerMod:ChangeRules"],"picked":"PokerPlayerMod:Sharpen","floor":24},{"not_picked":["PokerPlayerMod:Spade2","PokerPlayerMod:DartThrow"],"picked":"PokerPlayerMod:MagicTrick+1","floor":27},{"not_picked":["PokerPlayerMod:Spade5","PokerPlayerMod:Diamond3","PokerPlayerMod:CloakAndDiamond"],"picked":"SKIP","floor":30},{"not_picked":["PokerPlayerMod:GamblerForm","PokerPlayerMod:Diamond9"],"picked":"PokerPlayerMod:TheDieIsCast","floor":33},{"not_picked":["PokerPlayerMod:Diamond2","PokerPlayerMod:FlyingCard+1","PokerPlayerMod:Overdeal+1"],"picked":"SKIP","floor":35},{"not_picked":["Enlightenment","HandOfGreed"],"picked":"Metamorphosis","floor":36},{"not_picked":["PokerPlayerMod:Diamond2","PokerPlayerMod:DartThrow"],"picked":"PokerPlayerMod:Club4","floor":37},{"not_picked":["PokerPlayerMod:ClubsClub+1","PokerPlayerMod:Spade3","PokerPlayerMod:Spade1"],"picked":"SKIP","floor":38},{"not_picked":["PokerPlayerMod:Spade5","PokerPlayerMod:Diamond3"],"picked":"PokerPlayerMod:Spade7","floor":42},{"not_picked":["PokerPlayerMod:Raise+1","PokerPlayerMod:Spade1"],"picked":"PokerPlayerMod:DamnStraight","floor":44},{"not_picked":["PokerPlayerMod:PoorCopy","PokerPlayerMod:SpadeStrike+1","PokerPlayerMod:Spade1"],"picked":"SKIP","floor":44},{"not_picked":["PokerPlayerMod:Diamond3","PokerPlayerMod:DiamondStrike+1"],"picked":"PokerPlayerMod:PoorCopy","floor":45},{"not_picked":["PokerPlayerMod:VarietyAttack","PokerPlayerMod:Spade4","PokerPlayerMod:ClubsClub"],"picked":"SKIP","floor":46},{"not_picked":["PokerPlayerMod:Club2","PokerPlayerMod:Diamond4"],"picked":"PokerPlayerMod:ClubDance+1","floor":47},{"not_picked":["PokerPlayerMod:DiamondStrike+1","PokerPlayerMod:CardBurn"],"picked":"PokerPlayerMod:Club7","floor":47},{"not_picked":["PokerPlayerMod:FlyingCard+1","PokerPlayerMod:DamnStraight","PokerPlayerMod:Diamond4"],"picked":"SKIP","floor":48}],"player_experience":81236,"relics_obtained":[{"floor":3,"key":"Matryoshka"},{"floor":7,"key":"Runesmith:Nanobots"},{"floor":9,"key":"PokerPlayerMod:ClubPass"},{"floor":9,"key":"Blue Candle"},{"floor":24,"key":"Red Mask"},{"floor":26,"key":"Eternal Feather"},{"floor":27,"key":"Meat on the Bone"},{"floor":30,"key":"Anchor"},{"floor":41,"key":"Prayer Wheel"},{"floor":42,"key":"Runesmith:AutoHammer"},{"floor":43,"key":"Boot"},{"floor":45,"key":"Runesmith:Locket"},{"floor":46,"key":"Juzu Bracelet"},{"floor":48,"key":"MealTicket"}],"event_choices":[{"damage_healed":0,"gold_gain":75,"player_choice":"Gather Gold","damage_taken":11,"max_hp_gain":0,"max_hp_loss":0,"event_name":"World of Goop","floor":11,"gold_loss":0},{"damage_healed":0,"gold_gain":0,"player_choice":"Grow","damage_taken":0,"max_hp_gain":0,"max_hp_loss":0,"event_name":"Living Wall","floor":14,"gold_loss":0,"cards_upgraded":["PokerPlayerMod:ClubShade"]},{"damage_healed":0,"gold_gain":0,"player_choice":"Stole Relic","damage_taken":0,"relics_obtained":["Bird Faced Urn"],"max_hp_gain":0,"max_hp_loss":0,"event_name":"Addict","floor":21,"gold_loss":0,"cards_obtained":["Shame"]},{"damage_healed":0,"gold_gain":0,"player_choice":"Fought Bandits","damage_taken":0,"max_hp_gain":0,"max_hp_loss":0,"event_name":"Masked Bandits","floor":24,"gold_loss":0},{"damage_healed":0,"gold_gain":0,"player_choice":"Memory 1","damage_taken":0,"max_hp_gain":0,"max_hp_loss":0,"event_name":"SensoryStone","floor":36,"gold_loss":0},{"damage_healed":0,"gold_gain":222,"player_choice":"Wore Mask","damage_taken":0,"max_hp_gain":0,"max_hp_loss":0,"event_name":"Tomb of Lord Red Mask","floor":39,"gold_loss":0},{"damage_healed":0,"gold_gain":0,"player_choice":"Fight","damage_taken":0,"max_hp_gain":0,"max_hp_loss":0,"event_name":"MindBloom","floor":45,"gold_loss":0}],"is_beta":false,"boss_relics":[{"not_picked":["Busted Crown","Ectoplasm"],"picked":"PokerPlayerMod:AceCard"},{"not_picked":["Runesmith:UraniumAnvil","Calling Bell"],"picked":"Philosopher\u0027s Stone"}],"items_purged_floors":[],"is_endless":false,"potions_floor_spawned":[1,7,16,22,24,27,37,42,44,46],"killed_by":"Time Eater","ascension_level":1}}