{"host":"waq1ashgqt0tulkv","time":1609670849,"event":{"mods":["Aspiration","BaseMod","BetterRewards","Colored Powertips","Conspire","Downfall","Duelist Mod","Hermit","Hubris","Infinite Spire","Minty Spire (QoL Compilation)","Quick Restart","Rare Cards Sparkle","Replay The Spire","StSLib","SuperFastMode","The Animator","The Bug Knight","The Construct","The Cursed","The Disciple","The Hierophant","The Necromancer","The Runesmith","The Servant 0.9.4","egg"],"gold_per_floor":[113,113,162,180,200,220,238,89,135,148,148,165,179,196,196,301,301,320,245,245,245,256,256,273,273,273],"floor_reached":25,"playtime":691,"items_purged":[],"score":199,"play_id":"19834ddd-6679-4a1f-ba8c-9e2205be3266","local_time":"20210103034729","is_ascension_mode":false,"campfire_choices":[{"data":"aspiration:Polymerization","floor":11,"key":"SMITH"},{"floor":15,"key":"REST"},{"data":"Ball Lightning","floor":23,"key":"SMITH"}],"circlet_count":0,"master_deck":["Strike_B","Strike_B","Strike_B","Defend_B","Defend_B","Defend_B","Defend_B","Zap","Dualcast","Go for the Eyes","Cold Snap","Barrage","Doom and Gloom","BasicCrystalCard","ReplayRNGCard","aspiration:Polymerization+1","FTL+1","Redo","Ball Lightning+1","Doom and Gloom+1","aspiration:Polymerization","Self Repair+1","Conserve Battery"],"relics":["Cracked Core","NeowsBlessing","hubris:Towel","Gremlin Food","infinitespire:Satchel","hubris:BottledHeart","hubris:TenFootPole","Prayer Wheel"],"acts_visited":["Exordium","TheCity"],"potions_floor_usage":[6,7,25],"damage_taken":[{"damage":0,"enemies":"Jaw Worm","floor":1,"turns":1},{"damage":0,"enemies":"2 Louse","floor":4,"turns":1},{"damage":0,"enemies":"Small Slimes","floor":5,"turns":1},{"damage":10,"enemies":"Exordium Wildlife","floor":6,"turns":3},{"damage":0,"enemies":"Gremlin Gang","floor":7,"turns":2},{"damage":14,"enemies":"Blue Slaver","floor":10,"turns":3},{"damage":12,"enemies":"Exordium Thugs","floor":12,"turns":4},{"damage":4,"enemies":"2 Fungi Beasts","floor":13,"turns":3},{"damage":16,"enemies":"Red Slaver","floor":14,"turns":4},{"damage":24,"enemies":"Slime Boss","floor":16,"turns":8},{"damage":36,"enemies":"2 Thieves","floor":18,"turns":4},{"damage":0,"enemies":"Chosen","floor":22,"turns":5},{"damage":0,"enemies":"Centurion and Healer","floor":24,"turns":5},{"damage":1,"enemies":"Snake Plant","floor":25,"turns":4}],"seed_played":"-6491309879278530229","potions_obtained":[{"floor":5,"key":"Weak Potion"},{"floor":6,"key":"Explosive Potion"},{"floor":13,"key":"Elixir"},{"floor":24,"key":"Toxic Potion"}],"is_trial":false,"path_per_floor":["M","?","T","M","M","M","M","$","T","M","R","M","M","M","R","B",null,"M","?","?","AVR","M","R","M","M"],"character_chosen":"DEFECT","items_purchased":["ReplayRNGCard"],"campfire_rested":1,"item_purchase_floors":[8],"current_hp_per_floor":[75,75,75,75,75,65,65,65,65,51,51,39,35,19,41,17,75,39,39,1,1,1,1,1,0,0],"gold":273,"neow_bonus":"THREE_ENEMY_KILL","is_daily":false,"chose_seed":false,"campfire_upgraded":2,"win_rate":0.0,"timestamp":1609670849,"path_taken":["M","?","?","M","M","M","M","$","T","M","R","M","M","M","R","BOSS","M","?","?","AVR","M","R","M","M"],"items_purchased_type":["Card"],"build_version":"2020-12-13","purchased_purges":0,"victory":false,"max_hp_per_floor":[75,75,75,75,75,75,75,75,75,75,75,75,75,75,75,75,75,75,75,1,1,1,1,1,1,1],"card_choices":[{"not_picked":["Reprogram","Rebound"],"picked":"Go for the Eyes","floor":1},{"not_picked":["Beam Cell","Hologram"],"picked":"Cold Snap","floor":4},{"not_picked":["Stack","Gash"],"picked":"Barrage","floor":5},{"not_picked":["Steam Power","FIFO Queue"],"picked":"Doom and Gloom","floor":6},{"not_picked":["Go for the Eyes","Steam"],"picked":"BasicCrystalCard","floor":7},{"not_picked":["Ball Lightning","Steam Power"],"picked":"aspiration:Polymerization","floor":10},{"not_picked":["Cold Snap","Time Bomb"],"picked":"FTL","floor":12},{"not_picked":["Time Bomb","Sweeping Beam"],"picked":"Redo","floor":13},{"not_picked":["Coolheaded","Consume"],"picked":"Ball Lightning","floor":14},{"not_picked":["hubris:DoWhile","Electrodynamics"],"picked":"ReplayTheSpireMod:Fabricate Wheel","floor":16},{"not_picked":["Undo","Redo","BasicCrystalCard"],"picked":"SKIP","floor":18},{"not_picked":["Coolheaded","BasicCrystalCard"],"picked":"Doom and Gloom+1","floor":22},{"not_picked":["FIFO Queue","Buffer"],"picked":"aspiration:Polymerization","floor":22},{"not_picked":["Leap","Steam Power+1"],"picked":"Self Repair+1","floor":24},{"not_picked":["Ball Lightning","Doom and Gloom"],"picked":"Conserve Battery","floor":24}],"player_experience":28494,"relics_obtained":[{"floor":3,"key":"Gremlin Food"},{"floor":9,"key":"infinitespire:Satchel"}],"event_choices":[{"cards_removed":["Strike_B"],"damage_healed":0,"gold_gain":0,"player_choice":"Gave Gold","damage_taken":0,"max_hp_gain":0,"max_hp_loss":0,"event_name":"Beggar","floor":19,"gold_loss":75}],"is_beta":false,"boss_relics":[{"not_picked":["Replay:Drink Me","Ectoplasm","Kintsugi"]}],"items_purged_floors":[],"is_endless":false,"potions_floor_spawned":[5,6,13,24],"killed_by":"Snake Plant","ascension_level":0}}