{"host":"3iouabftir4t7z56","time":1609691777,"event":{"mods":["2.2 Compatiblity","Act Like it!","BaseMod","Colored Map","Hallownest","Minty Spire (QoL Compilation)","StSLib","The Bug Knight"],"gold_per_floor":[111,111,128,142,72,72,88,13,13,13,13,13,48,67,67,168,168,192,214,139,139,98,98,133,133,206,206,206],"floor_reached":27,"playtime":2032,"items_purged":["HollowMod:PureVessel"],"score":229,"play_id":"6f8cc6b5-5575-4daa-be44-edb13e0f2068","local_time":"20210103173617","is_ascension_mode":false,"campfire_choices":[{"data":"HollowMod:MonarchWings","floor":6,"key":"SMITH"},{"data":"HollowMod:LordofShades","floor":10,"key":"SMITH"},{"data":"HollowMod:PerfectDash","floor":15,"key":"SMITH"},{"data":"HollowMod:AbyssShriek","floor":23,"key":"SMITH"},{"floor":25,"key":"REST"}],"circlet_count":0,"master_deck":["HollowMod:NailStrikeStart","HollowMod:NailStrikeStart","HollowMod:NailStrikeStart","HollowMod:QuickDashStart","HollowMod:QuickDashStart","HollowMod:QuickDashStart","HollowMod:QuickDashStart","HollowMod:PogoStrike","HollowMod:LordofShades+1","HollowMod:MantisMark","HollowMod:CycloneSlash","HollowMod:MonarchWings+1","HollowMod:AbyssShriek+1","HollowMod:DashSlash","HollowMod:SlysStrikes","HollowMod:PerfectDash+1","CurseOfTheBell","HollowMod:GreatSlash","HollowMod:SiblingsShadow+1","HollowMod:CloakDash","HollowMod:CrystalDash"],"relics":["HollowMod:VesselMask","Vajra","Gremlin Horn","Calling Bell","CeramicFish","Pear","Peace Pipe","Sundial","Mercury Hourglass"],"acts_visited":["Hallownest:Greenpath","Hallownest:CityofTears"],"potions_floor_usage":[13,14,24,24],"damage_taken":[{"damage":1,"enemies":"Hallownest:2_Baldur","floor":1,"turns":3},{"damage":3,"enemies":"Hallownest:monsterHuskGuard","floor":3,"turns":4},{"damage":14,"enemies":"Hallownest:monsterFoolEater","floor":4,"turns":3},{"damage":0,"enemies":"Hallownest:monsterAspidMother","floor":7,"turns":3},{"damage":9,"enemies":"Hallownest:eliteCrystalGuardian","floor":13,"turns":5},{"damage":8,"enemies":"Hallownest:Wandering_and_Horned","floor":14,"turns":4},{"damage":46,"enemies":"Hallownest:BossBrokenVessel","floor":16,"turns":9},{"damage":13,"enemies":"Hallownest:3_Youths","floor":18,"turns":6},{"damage":0,"enemies":"Hallownest:2_Mistakes","floor":19,"turns":6},{"damage":60,"enemies":"Hallownest:Nosk","floor":24,"turns":11},{"damage":40,"enemies":"Hallownest:2_Flukemon","floor":27,"turns":3}],"seed_played":"281323251255212445","potions_obtained":[{"floor":1,"key":"Explosive Potion"},{"floor":4,"key":"FearPotion"},{"floor":14,"key":"GamblersBrew"},{"floor":19,"key":"LiquidMemories"},{"floor":24,"key":"Weak Potion"}],"is_trial":false,"path_per_floor":["M","?","?","M","$","R","M","?","T","R","?","T","E","M","R","B",null,"M","M","$","?","$","R","E","R","T","M"],"character_chosen":"THE_BUGKNIGHT","items_purchased":["HollowMod:AbyssShriek","HollowMod:CloakDash"],"campfire_rested":1,"item_purchase_floors":[5,22],"current_hp_per_floor":[59,75,75,61,61,61,67,72,72,72,72,72,63,55,55,9,83,70,70,70,70,70,70,10,34,34,0,0],"gold":206,"neow_bonus":"THREE_RARE_CARDS","is_daily":false,"chose_seed":false,"campfire_upgraded":4,"win_rate":0.0,"timestamp":1609691777,"path_taken":["M","?","?","M","$","R","M","?","T","R","?","?","E","?","R","BOSS","M","M","$","?","$","R","E","R","T","M"],"items_purchased_type":["Card","Card"],"build_version":"2020-12-22","purchased_purges":1,"victory":false,"max_hp_per_floor":[75,75,75,75,75,75,75,80,80,80,73,73,73,73,73,73,83,83,83,83,83,83,83,83,83,83,83,83],"card_choices":[{"not_picked":["HollowMod:theNailsmith","HollowMod:LifebloodCore"],"picked":"HollowMod:LordofShades","floor":0},{"not_picked":["HollowMod:MawleksShell","HollowMod:QuirrelsAssistance"],"picked":"HollowMod:MantisMark","floor":1},{"not_picked":["HollowMod:TaintedHusks","HollowMod:SharpenedNail"],"picked":"HollowMod:CycloneSlash","floor":3},{"not_picked":["HollowMod:CycloneSlash","HollowMod:HowlingWraiths"],"picked":"HollowMod:MonarchWings","floor":4},{"not_picked":["HollowMod:LifebloodCocoon","HollowMod:SoulStrike"],"picked":"HollowMod:DashSlash","floor":7},{"not_picked":["HollowMod:FallenFury","HollowMod:MonomonsArchive"],"picked":"HollowMod:SlysStrikes","floor":13},{"not_picked":["HollowMod:GoodIntentions","HollowMod:DoubleDash"],"picked":"HollowMod:PerfectDash","floor":14},{"not_picked":["HollowMod:LordofShades","HollowMod:theNailsmith"],"picked":"HollowMod:PureVessel","floor":16},{"not_picked":["HollowMod:TaintedHusks","HollowMod:MothsMistake"],"picked":"HollowMod:GreatSlash","floor":18},{"not_picked":["HollowMod:FastStrike","HollowMod:VengefulVoid"],"picked":"HollowMod:SiblingsShadow+1","floor":19},{"not_picked":["HollowMod:HuntersJournal","HollowMod:VengefulSpirit"],"picked":"HollowMod:CrystalDash","floor":24}],"player_experience":598551,"relics_obtained":[{"floor":9,"key":"Vajra"},{"floor":13,"key":"Gremlin Horn"},{"floor":17,"key":"CeramicFish"},{"floor":17,"key":"Pear"},{"floor":17,"key":"Peace Pipe"},{"floor":24,"key":"Sundial"},{"floor":26,"key":"Mercury Hourglass"}],"event_choices":[],"is_beta":false,"boss_relics":[{"not_picked":["Fusion Hammer","Snecko Eye"],"picked":"Calling Bell"}],"items_purged_floors":[20],"is_endless":false,"potions_floor_spawned":[1,4,14,19,24],"killed_by":"Hallownest:2_Flukemon","ascension_level":0}}