{"host":"9ndbo4kgsfoemf7y","time":1609678154,"event":{"mods":["AchievementEnabler","BaseMod","Colored Map","DeckTracker","Keyboard Shortcuts","Minty Spire (QoL Compilation)","Permanent Neow","Quick Restart","Relic Stats","StSLib","SuperFastMode"],"gold_per_floor":[360,379,135,85,102,137,137,237,237,237,237],"floor_reached":10,"playtime":214,"items_purged":["Strike_B"],"score":83,"play_id":"960c5e93-b89c-45af-9ba5-3c1ec6214ca8","local_time":"20210103214914","is_ascension_mode":true,"campfire_choices":[{"floor":7.0,"key":"REST"}],"circlet_count":0,"master_deck":["Strike_B","Strike_B","Defend_B","Defend_B","Defend_B","Defend_B","Zap","Dualcast","Loop","Fusion","Sweeping Beam","Capacitor","Aggregate","Hologram","Stack"],"relics":["Cracked Core","Pear","Lantern"],"acts_visited":["Exordium"],"potions_floor_usage":[],"damage_taken":[{"damage":0.0,"enemies":"Small Slimes","floor":1.0,"turns":2.0},{"damage":2.0,"enemies":"2 Louse","floor":2.0,"turns":3.0},{"damage":6.0,"enemies":"Cultist","floor":5.0,"turns":4.0},{"damage":34.0,"enemies":"Gremlin Nob","floor":6.0,"turns":4.0},{"damage":47,"enemies":"Lagavulin","floor":10,"turns":5}],"seed_played":"1492193111881892372","potions_obtained":[{"floor":5.0,"key":"Strength Potion"}],"is_trial":false,"path_per_floor":["M","M","$","?","M","E","R","?","T","E"],"character_chosen":"DEFECT","items_purchased":["Sweeping Beam","Capacitor","Aggregate"],"campfire_rested":1,"item_purchase_floors":[3,3,3],"current_hp_per_floor":[54,52,52,52,46,22,47,47,47,0,0],"gold":237,"neow_bonus":"TWO_FIFTY_GOLD","is_daily":false,"chose_seed":false,"campfire_upgraded":0,"win_rate":0.0,"timestamp":1609678154,"path_taken":["M","M","$","?","M","E","R","?","T","E"],"items_purchased_type":["Card","Card","Card"],"build_version":"2020-12-22","purchased_purges":1,"victory":false,"max_hp_per_floor":[75,75,75,75,75,85,85,85,85,85,85],"relic_stats":{"counters":[5,18],"obtain_stats":[{"Lantern":9,"Pear":6,"Cracked Core":0},{"Lantern":4,"Pear":4,"Cracked Core":0},{"Lantern":13,"Pear":13,"Cracked Core":0}]},"card_choices":[{"not_picked":["Leap","Recycle"],"picked":"Loop","floor":1.0},{"not_picked":["Steam","Steam Power"],"picked":"Fusion","floor":2.0},{"not_picked":["Skim","Scrape"],"picked":"Hologram","floor":5.0},{"not_picked":["Steam","Loop"],"picked":"Stack","floor":6.0}],"player_experience":773463,"relics_obtained":[{"floor":6.0,"key":"Pear"},{"floor":9.0,"key":"Lantern"}],"event_choices":[{"cards_removed":["Strike_B"],"damage_healed":0.0,"max_hp_gain":0.0,"max_hp_loss":0.0,"gold_gain":0.0,"event_name":"The Cleric","player_choice":"Card Removal","floor":4.0,"gold_loss":50.0,"damage_taken":0.0},{"damage_healed":0.0,"max_hp_gain":0.0,"max_hp_loss":0.0,"gold_gain":100.0,"event_name":"Golden Shrine","player_choice":"Pray","floor":8.0,"gold_loss":0.0,"damage_taken":0.0}],"is_beta":false,"boss_relics":[],"items_purged_floors":[3],"is_endless":false,"potions_floor_spawned":[5],"killed_by":"Lagavulin","ascension_level":5}}