{"host":"pgp1dv0bj0eslpi9","time":1609661808,"event":{"mods":["2.2 Compatiblity","BaseMod","Minty Spire (QoL Compilation)"],"gold_per_floor":[116,116,116,130,141,141,159,171,171,171,198,198,232,242,242,338,338,308,308,308,308,308,308,308,308,308,162,162,87,87,87,87,87,87],"floor_reached":33,"playtime":1792,"items_purged":[],"score":281,"play_id":"969051f0-0cb6-481e-a0dc-c402c62971f7","local_time":"20210103011648","is_ascension_mode":false,"campfire_choices":[{"data":"Armaments","floor":6.0,"key":"SMITH"},{"data":"Searing Blow","floor":10.0,"key":"SMITH"},{"floor":12.0,"key":"REST"},{"data":"Searing Blow+1","floor":15,"key":"SMITH"},{"data":"Searing Blow+2","floor":24,"key":"SMITH"},{"data":"Searing Blow+3","floor":30,"key":"SMITH"},{"data":"Searing Blow+4","floor":32,"key":"SMITH"}],"circlet_count":0,"master_deck":["Strike_R","Strike_R","Strike_R","Strike_R","Strike_R","Defend_R","Defend_R","Defend_R","Defend_R","Anger+1","Searing Blow+5","Armaments+1","Anger","Battle Trance","Thunderclap","Shrug It Off","Double Tap","Clash+1","Warcry+1","Thunderclap","Shrug It Off+1","Body Slam+1","Flame Barrier","Good Instincts"],"relics":["Burning Blood","Meat on the Bone","White Beast Statue","HornCleat","Ectoplasm","Prayer Wheel","Unceasing Top","Toolbox"],"acts_visited":["Exordium","TheCity"],"potions_floor_usage":[16,20,23,33,33,33],"damage_taken":[{"damage":6.0,"enemies":"2 Louse","floor":1.0,"turns":2.0},{"damage":0.0,"enemies":"Small Slimes","floor":4.0,"turns":3.0},{"damage":1.0,"enemies":"Jaw Worm","floor":5.0,"turns":3.0},{"damage":14.0,"enemies":"Lots of Slimes","floor":7.0,"turns":5.0},{"damage":17.0,"enemies":"Large Slime","floor":8.0,"turns":6.0},{"damage":25.0,"enemies":"Gremlin Nob","floor":11.0,"turns":4.0},{"damage":13,"enemies":"Lagavulin","floor":13,"turns":6},{"damage":2,"enemies":"Blue Slaver","floor":14,"turns":3},{"damage":62,"enemies":"Hexaghost","floor":16,"turns":10},{"damage":10,"enemies":"2 Thieves","floor":18,"turns":3},{"damage":0,"enemies":"Chosen","floor":19,"turns":4},{"damage":0,"enemies":"Snecko","floor":20,"turns":4},{"damage":10,"enemies":"Centurion and Healer","floor":21,"turns":5},{"damage":20,"enemies":"3 Cultists","floor":22,"turns":5},{"damage":26,"enemies":"Book of Stabbing","floor":23,"turns":6},{"damage":22,"enemies":"Sentry and Sphere","floor":25,"turns":6},{"damage":15,"enemies":"Shelled Parasite and Fungi","floor":28,"turns":4},{"damage":56,"enemies":"Collector","floor":33,"turns":5}],"seed_played":"1582192433211929197","potions_obtained":[{"floor":4.0,"key":"DuplicationPotion"},{"floor":13,"key":"Fruit Juice"},{"floor":14,"key":"BlessingOfTheForge"},{"floor":16,"key":"Fire Potion"},{"floor":18,"key":"Dexterity Potion"},{"floor":19,"key":"BloodPotion"},{"floor":20,"key":"Weak Potion"},{"floor":23,"key":"Strength Potion"},{"floor":25,"key":"DuplicationPotion"}],"is_trial":false,"path_per_floor":["M","?","?","M","M","R","M","M","T","R","E","R","E","M","R","B",null,"M","M","M","M","M","E","R","M","T","$","M","?","R","?","R","B"],"character_chosen":"IRONCLAD","items_purchased":["Toolbox"],"campfire_rested":1,"item_purchase_floors":[27],"current_hp_per_floor":[80,80,80,80,80,80,72,61,61,61,54,78,71,75,75,31,80,76,80,85,81,67,64,64,60,60,60,51,51,51,51,51,0,0],"gold":87,"neow_bonus":"REMOVE_CARD","is_daily":false,"chose_seed":false,"campfire_upgraded":6,"win_rate":0.0,"timestamp":1609661808,"path_taken":["M","?","?","M","M","R","M","M","T","R","E","R","E","M","R","BOSS","M","M","M","M","M","E","R","M","T","$","M","?","R","?","R","BOSS"],"items_purchased_type":["Relic"],"build_version":"2020-12-22","purchased_purges":0,"victory":false,"max_hp_per_floor":[80,80,80,80,80,80,80,80,80,80,80,80,80,80,80,80,80,80,80,85,85,85,85,85,85,85,85,85,85,85,85,85,85,85],"card_choices":[{"not_picked":["Heavy Blade","Spot Weakness"],"picked":"Anger","floor":1.0},{"not_picked":["Reckless Charge","Rupture"],"picked":"Searing Blow","floor":4.0},{"not_picked":["Sword Boomerang","Shockwave"],"picked":"Armaments","floor":5.0},{"not_picked":["Body Slam","Power Through"],"picked":"Anger","floor":7.0},{"not_picked":["Havoc","Ghostly Armor"],"picked":"Battle Trance","floor":8.0},{"not_picked":["Bloodletting","Demon Form","Perfected Strike"],"picked":"SKIP","floor":11.0},{"not_picked":["Cleave","Heavy Blade"],"picked":"Thunderclap","floor":13},{"not_picked":["Headbutt","Body Slam"],"picked":"Shrug It Off","floor":14},{"not_picked":["Corruption","Barricade"],"picked":"Double Tap","floor":16},{"not_picked":["Wild Strike","Power Through"],"picked":"Shrug It Off","floor":18},{"not_picked":["Wild Strike","Flame Barrier","Ghostly Armor"],"picked":"SKIP","floor":19},{"not_picked":["Body Slam+1","Thunderclap+1","Sentinel"],"picked":"SKIP","floor":20},{"not_picked":["Heavy Blade","Combust"],"picked":"Clash+1","floor":21},{"not_picked":["Perfected Strike","Reckless Charge+1"],"picked":"Warcry+1","floor":22},{"not_picked":["Fiend Fire","Iron Wave"],"picked":"Thunderclap","floor":23},{"not_picked":["Body Slam+1","Thunderclap"],"picked":"Shrug It Off+1","floor":25},{"not_picked":["Power Through","Rampage","Iron Wave"],"picked":"SKIP","floor":25},{"not_picked":["Whirlwind","Wild Strike+1"],"picked":"Body Slam+1","floor":28},{"not_picked":["Demon Form","Uppercut","Heavy Blade"],"picked":"SKIP","floor":28}],"player_experience":144752,"relics_obtained":[{"floor":9.0,"key":"Meat on the Bone"},{"floor":11.0,"key":"White Beast Statue"},{"floor":13,"key":"HornCleat"},{"floor":23,"key":"Prayer Wheel"},{"floor":26,"key":"Unceasing Top"}],"event_choices":[{"damage_healed":0.0,"max_hp_gain":0.0,"max_hp_loss":0.0,"gold_gain":0.0,"event_name":"The Cleric","player_choice":"Leave","floor":2.0,"gold_loss":0.0,"damage_taken":0.0},{"damage_healed":0.0,"max_hp_gain":0.0,"max_hp_loss":0.0,"gold_gain":0.0,"event_name":"Living Wall","player_choice":"Grow","floor":3.0,"gold_loss":0.0,"damage_taken":0.0,"cards_upgraded":["Anger"]},{"cards_removed":["Shrug It Off"],"damage_healed":0,"gold_gain":0,"player_choice":"Gave Gold","damage_taken":0,"max_hp_gain":0,"max_hp_loss":0,"event_name":"Beggar","floor":29,"gold_loss":75},{"damage_healed":0,"gold_gain":0,"player_choice":"2 cards matched","damage_taken":0,"max_hp_gain":0,"max_hp_loss":0,"event_name":"Match and Keep!","floor":31,"gold_loss":0,"cards_obtained":["Flame Barrier","Good Instincts"]}],"is_beta":false,"boss_relics":[{"not_picked":["Astrolabe","Snecko Eye"],"picked":"Ectoplasm"}],"items_purged_floors":[],"is_endless":false,"potions_floor_spawned":[4,13,14,16,18,19,20,21,22,23,25,28],"killed_by":"Collector","ascension_level":0}}