{"host":"7trwizmysqu3yl6m","time":1609715806,"event":{"mods":["Act Like it!","BaseMod","Hallownest","Minty Spire (QoL Compilation)","StSLib","The Animator","The Bug Knight","The Kombatant"],"gold_per_floor":[119,119,136,64,64,64,91,91,91,117,165,165,177,177,177,277,277,294,294,314,87,87,120,133,133,185,220,220,320,330,344,344,454,481,492,492,492,512,512,512],"floor_reached":39,"playtime":2054,"items_purged":["HollowMod:NailStrikeStart"],"score":450,"play_id":"145c8aca-eaf4-4c4b-8c67-be81fe2b59bb","local_time":"20210104001646","is_ascension_mode":false,"campfire_choices":[{"data":"HollowMod:SlysStrikes","floor":6,"key":"SMITH"},{"data":"HollowMod:CycloneSlash","floor":8,"key":"SMITH"},{"data":"HollowMod:FastStrike","floor":12,"key":"SMITH"},{"floor":15,"key":"RECALL"},{"data":"HollowMod:SlysStrikes","floor":25,"key":"SMITH"},{"floor":28,"key":"REST"},{"data":"HollowMod:SoulEater","floor":32,"key":"SMITH"}],"circlet_count":0,"master_deck":["HollowMod:QuickDashStart+1","HollowMod:QuickDashStart+1","HollowMod:FocusHealStart","HollowMod:PogoStrike+1","HollowMod:CycloneSlash+1","HollowMod:SlysStrikes+1","HollowMod:FastStrike+1","HollowMod:CrystalDash","HollowMod:SoulStrike","HollowMod:SlysStrikes+1","HollowMod:SoulEater+1","HollowMod:HuntersJournal","HollowMod:SoulMaster","HollowMod:SlysStrikes","HollowMod:MawleksShell+1","HollowMod:MawleksShell+1","HollowMod:Weaversong+1"],"relics":["HollowMod:VesselMask","Potion Belt","Shuriken","Oddly Smooth Stone","Velvet Choker","Blood Vial","War Paint","CeramicFish","Meat on the Bone","TungstenRod","Question Card","Astrolabe"],"acts_visited":["Exordium","TheCity","TheBeyond"],"potions_floor_usage":[16,23,27,27,29,30,33,33],"damage_taken":[{"damage":3,"enemies":"2 Louse","floor":1,"turns":3},{"damage":5,"enemies":"Cultist","floor":3,"turns":4},{"damage":1,"enemies":"HollowMod:MossKnight","floor":7,"turns":7},{"damage":19,"enemies":"Lagavulin","floor":10,"turns":5},{"damage":5,"enemies":"Jaw Worm","floor":13,"turns":3},{"damage":4,"enemies":"The Guardian","floor":16,"turns":7},{"damage":4,"enemies":"3 Byrds","floor":18,"turns":5},{"damage":16,"enemies":"Shell Parasite","floor":20,"turns":5},{"damage":18,"enemies":"HollowMod:Nosk","floor":23,"turns":5},{"damage":34,"enemies":"Snake Plant","floor":24,"turns":4},{"damage":0,"enemies":"Book of Stabbing","floor":27,"turns":5},{"damage":11,"enemies":"Colosseum Slavers","floor":29,"turns":5},{"damage":45,"enemies":"Colosseum Nobs","floor":29,"turns":5},{"damage":10,"enemies":"Shelled Parasite and Fungi","floor":30,"turns":5},{"damage":0,"enemies":"Snecko","floor":31,"turns":5},{"damage":3,"enemies":"HollowMod:NKGrimm","floor":33,"turns":7},{"damage":9,"enemies":"Orb Walker","floor":35,"turns":4},{"damage":63,"enemies":"3 Shapes","floor":38,"turns":5},{"damage":47,"enemies":"Spire Growth","floor":39,"turns":4}],"seed_played":"5581710069231100866","potions_obtained":[{"floor":1,"key":"GamblersBrew"},{"floor":3,"key":"LiquidBronze"},{"floor":10,"key":"Explosive Potion"},{"floor":16,"key":"SteroidPotion"},{"floor":20,"key":"SteroidPotion"},{"floor":24,"key":"Block Potion"},{"floor":29,"key":"PowerPotion"},{"floor":30,"key":"Block Potion"}],"is_trial":false,"path_per_floor":["M","?","M","$","?","R","E","R","T","E","T","R","M","?","R","B",null,"M","?","M","$","?","E","M","R","T","E","R","?","M","M","R","B",null,"M","?","?","M","M"],"character_chosen":"THE_BUGKNIGHT","items_purchased":["HollowMod:SlysStrikes","Blood Vial"],"campfire_rested":1,"item_purchase_floors":[4,21],"current_hp_per_floor":[72,72,67,67,67,67,75,75,75,56,56,56,57,42,42,38,75,75,75,59,59,59,49,17,17,17,19,41,19,29,49,49,58,75,66,66,75,30,0,0],"gold":512,"neow_bonus":"TRANSFORM_CARD","is_daily":false,"chose_seed":false,"campfire_upgraded":5,"win_rate":0.0,"timestamp":1609715806,"path_taken":["M","?","M","?","?","R","E","R","T","E","?","R","?","?","R","BOSS","M","?","M","$","?","E","?","R","T","E","R","?","M","M","R","BOSS","M","?","?","M","M"],"items_purchased_type":["Card","Relic"],"build_version":"2020-12-22","purchased_purges":1,"victory":false,"max_hp_per_floor":[75,75,75,75,75,75,75,75,75,75,75,75,75,75,75,75,75,75,75,75,75,75,75,75,75,75,75,75,75,75,75,75,75,75,75,75,75,75,75,75],"card_choices":[{"not_picked":["HollowMod:ChannelNail","HollowMod:SoulSplash"],"picked":"HollowMod:MantisMark","floor":1},{"not_picked":["HollowMod:GoodIntentions","HollowMod:Grubsong"],"picked":"HollowMod:CycloneSlash","floor":3},{"not_picked":["HollowMod:MonarchWings","HollowMod:DesolateDive"],"picked":"HollowMod:FastStrike","floor":7},{"not_picked":["HollowMod:SiblingsSouls","HollowMod:TaintedHusks"],"picked":"HollowMod:CrystalDash","floor":10},{"not_picked":["HollowMod:CloakDash","HollowMod:ShadowDash"],"picked":"HollowMod:SoulStrike","floor":13},{"not_picked":["HollowMod:Hiveblood","HollowMod:LordofShades"],"picked":"HollowMod:SlysStrikes","floor":16},{"not_picked":["HollowMod:SiblingsShadow","HollowMod:CornifersMapStart"],"picked":"HollowMod:SoulEater","floor":18},{"not_picked":["HollowMod:WraithStrike","HollowMod:CycloneSlash"],"picked":"HollowMod:HuntersJournal","floor":20},{"not_picked":["HollowMod:QuirrelsAssistance+1","HollowMod:PerfectDash","HollowMod:MantisMark"],"picked":"SKIP","floor":23},{"not_picked":["HollowMod:DescendingDark","HollowMod:InfectionAssault","HollowMod:SoulStrike+1"],"picked":"SKIP","floor":24},{"not_picked":["HollowMod:ShadowDash","HollowMod:SoulStrike+1"],"picked":"HollowMod:SoulMaster","floor":27},{"not_picked":["HollowMod:ShadowDash+1","HollowMod:ChannelNail+1","HollowMod:SharpenedNail","HollowMod:WraithStrike+1"],"picked":"SKIP","floor":30},{"not_picked":["HollowMod:CornifersMapStart","HollowMod:ChannelNail","HollowMod:BlackTendrils+1","HollowMod:CloakDash"],"picked":"SKIP","floor":31},{"not_picked":["HollowMod:SoulMaster","HollowMod:AwokenDreamNail","HollowMod:LifebloodCore"],"picked":"HollowMod:SlysStrikes","floor":33},{"not_picked":["HollowMod:GoodIntentions+1","HollowMod:FallenFury","HollowMod:ChannelNail+1","HollowMod:SoulShaman"],"picked":"SKIP","floor":35},{"not_picked":["HollowMod:NewJinnsSoul+1","HollowMod:FastStrike","HollowMod:InfectedAttack","HollowMod:RecoilStrike"],"picked":"SKIP","floor":38}],"player_experience":381508,"relics_obtained":[{"floor":7,"key":"Potion Belt"},{"floor":10,"key":"Shuriken"},{"floor":11,"key":"Oddly Smooth Stone"},{"floor":23,"key":"War Paint"},{"floor":26,"key":"CeramicFish"},{"floor":27,"key":"Meat on the Bone"},{"floor":29,"key":"TungstenRod"},{"floor":29,"key":"Question Card"}],"event_choices":[{"damage_healed":0,"gold_gain":0,"player_choice":"Bought 0 Potions","damage_taken":0,"max_hp_gain":0,"max_hp_loss":0,"event_name":"The Woman in Blue","floor":2,"gold_loss":0},{"damage_healed":0,"gold_gain":0,"player_choice":"Entered Light","damage_taken":15,"max_hp_gain":0,"max_hp_loss":0,"event_name":"Shining Light","floor":14,"gold_loss":0,"cards_upgraded":["HollowMod:PogoStrike","HollowMod:QuickDashStart"]},{"damage_healed":0,"gold_gain":0,"player_choice":"Ignored","damage_taken":0,"max_hp_gain":0,"max_hp_loss":0,"event_name":"Vampires","floor":19,"gold_loss":0},{"cards_removed":["HollowMod:NailStrikeStart"],"damage_healed":0,"gold_gain":0,"player_choice":"Elegance","damage_taken":0,"max_hp_gain":0,"max_hp_loss":0,"event_name":"Back to Basics","floor":22,"gold_loss":0},{"damage_healed":0,"gold_gain":0,"player_choice":"Fight","damage_taken":0,"max_hp_gain":0,"max_hp_loss":0,"event_name":"Colosseum","floor":29,"gold_loss":0},{"damage_healed":0,"gold_gain":0,"player_choice":"Fought Nobs","damage_taken":0,"max_hp_gain":0,"max_hp_loss":0,"event_name":"Colosseum","floor":29,"gold_loss":0},{"damage_healed":0,"gold_gain":0,"player_choice":"Ignored","damage_taken":0,"max_hp_gain":0,"max_hp_loss":0,"event_name":"Tomb of Lord Red Mask","floor":36,"gold_loss":0},{"cards_removed":["HollowMod:MantisMark"],"damage_healed":9,"gold_gain":0,"player_choice":"Offered Uncommon","damage_taken":0,"max_hp_gain":0,"max_hp_loss":0,"event_name":"Bonfire Elementals","floor":37,"gold_loss":0}],"is_beta":false,"boss_relics":[{"not_picked":["Runic Pyramid","SacredBark"],"picked":"Velvet Choker"},{"not_picked":["Runic Dome","Black Star"],"picked":"Astrolabe"}],"items_purged_floors":[21],"is_endless":false,"potions_floor_spawned":[1,3,10,16,20,24,29,29,30],"killed_by":"Spire Growth","ascension_level":0}}