{"host":"l12hrjjiowxu1z6t","time":1609634686,"event":{"mods":["AchievementEnabler","BaseMod","Colored Map","Colored Powertips","Highlight Path","Minty Spire (QoL Compilation)","Relic Stats"],"gold_per_floor":[117,117,117,129,129,140,140,140,167,196,211,224,224,71,71,168,168,184,184,109,121,141,175,22,40,40,40,75,75,92,105,105,201,201,216,234,254,254,254,289,304,304,304,38,0,0,17,31,31,31,31,31,7,36,36,36],"floor_reached":55,"playtime":3195,"items_purged":["Defend_R","Defend_R"],"score":704,"play_id":"471d22b3-09ab-40f7-8dea-ab8cb6ddeab5","local_time":"20210103004446","is_ascension_mode":false,"campfire_choices":[{"floor":7.0,"key":"REST"},{"floor":15.0,"key":"REST"},{"data":"Intimidate","floor":27,"key":"SMITH"},{"floor":29,"key":"RECALL"},{"data":"Carnage","floor":32,"key":"SMITH"},{"floor":42,"key":"REST"},{"floor":49,"key":"REST"},{"data":"Impervious","floor":52,"key":"SMITH"}],"circlet_count":0,"master_deck":["Strike_R","Strike_R","Defend_R","Defend_R","Bash","Blood for Blood","Dark Shackles","Feed","Shrug It Off","Clothesline","Intimidate+1","Reaper","Carnage+1","Spot Weakness+1","Sentinel+1","Twin Strike","Pommel Strike+1","Impervious+1","Armaments","Apotheosis+1","Flex+1"],"relics":["Snecko Eye","Pear","Blood Vial","Odd Mushroom","Nunchaku","Busted Crown","Mercury Hourglass","PreservedInsect","CaptainsWheel","SlaversCollar","Toxic Egg 2","Calipers","Red Mask","Pantograph","Anchor"],"acts_visited":["Exordium","TheCity","TheBeyond","TheEnding"],"potions_floor_usage":[23,23,28,37,40,41,47,50,50],"damage_taken":[{"damage":0.0,"enemies":"Small Slimes","floor":1.0,"turns":2.0},{"damage":6.0,"enemies":"Jaw Worm","floor":4.0,"turns":3.0},{"damage":0.0,"enemies":"Cultist","floor":6.0,"turns":2.0},{"damage":21.0,"enemies":"The Mushroom Lair","floor":10.0,"turns":4.0},{"damage":4.0,"enemies":"Blue Slaver","floor":11.0,"turns":2.0},{"damage":9.0,"enemies":"3 Louse","floor":12.0,"turns":3.0},{"damage":38.0,"enemies":"The Guardian","floor":16.0,"turns":9.0},{"damage":0.0,"enemies":"Spheric Guardian","floor":18.0,"turns":3.0},{"damage":2.0,"enemies":"3 Byrds","floor":21.0,"turns":5.0},{"damage":6.0,"enemies":"Snecko","floor":22.0,"turns":3.0},{"damage":6,"enemies":"Slavers","floor":23,"turns":3},{"damage":0,"enemies":"Snake Plant","floor":25,"turns":4},{"damage":19,"enemies":"Gremlin Leader","floor":28,"turns":3},{"damage":5,"enemies":"Chosen and Byrds","floor":30,"turns":4},{"damage":1,"enemies":"3 Cultists","floor":31,"turns":4},{"damage":46,"enemies":"Collector","floor":33,"turns":9},{"damage":11,"enemies":"Orb Walker","floor":35,"turns":2},{"damage":0,"enemies":"3 Darklings","floor":36,"turns":2},{"damage":13,"enemies":"Sphere and 2 Shapes","floor":37,"turns":6},{"damage":78,"enemies":"Reptomancer","floor":40,"turns":3},{"damage":15,"enemies":"Writhing Mass","floor":41,"turns":8},{"damage":5,"enemies":"Transient","floor":47,"turns":5},{"damage":8,"enemies":"Maw","floor":48,"turns":7},{"damage":36,"enemies":"Time Eater","floor":50,"turns":11},{"damage":3,"enemies":"Shield and Spear","floor":54,"turns":4},{"damage":117,"enemies":"The Heart","floor":55,"turns":8}],"seed_played":"-7573029932590664400","potions_obtained":[{"floor":6.0,"key":"SteroidPotion"},{"floor":16.0,"key":"LiquidBronze"},{"floor":18.0,"key":"SneckoOil"},{"floor":19.0,"key":"BlessingOfTheForge"},{"floor":19.0,"key":"ColorlessPotion"},{"floor":25,"key":"Weak Potion"},{"floor":31,"key":"Block Potion"},{"floor":35,"key":"Weak Potion"},{"floor":37,"key":"Strength Potion"},{"floor":40,"key":"BlessingOfTheForge"},{"floor":47,"key":"PowerPotion"},{"floor":48,"key":"Dexterity Potion"}],"is_trial":false,"path_per_floor":["M","?","?","M","?","M","R","?","T","?","M","M","?","$","R","B",null,"M","?","$","M","M","E","$","M","T","R","E","R","M","M","R","B",null,"M","M","M","?","?","E","M","R","T","$","?","T","M","M","R","B",null,"R","$","E","B"],"character_chosen":"IRONCLAD","items_purchased":["Nunchaku","PreservedInsect","Apotheosis+1","Flex+1"],"campfire_rested":4,"item_purchase_floors":[14,24,44,53],"current_hp_per_floor":[80,65,65,59,59,62,89,89,89,73,74,67,60,60,89,53,99,99,99,99,100,96,95,95,104,104,104,92,92,101,110,110,69,111,100,111,98,98,98,45,32,63,63,63,63,63,60,57,88,82,105,105,105,102,0,0],"gold":36,"neow_bonus":"BOSS_RELIC","is_daily":false,"chose_seed":false,"campfire_upgraded":3,"win_rate":0.0,"timestamp":1609634686,"path_taken":["M","?","?","M","?","?","R","?","T","?","M","M","?","$","R","BOSS","M","?","$","M","M","E","$","?","T","R","E","R","M","M","R","BOSS","M","M","M","?","?","E","M","R","T","$","?","?","M","?","R","BOSS","R","$","E","BOSS"],"items_purchased_type":["Relic","Relic","Card","Card"],"build_version":"2020-12-22","purchased_purges":2,"victory":false,"max_hp_per_floor":[80,90,90,90,90,93,93,93,93,96,99,99,99,99,99,99,99,99,99,99,102,102,105,105,108,108,108,111,111,111,111,111,111,111,111,111,111,111,105,105,105,105,105,105,105,105,105,105,105,105,105,105,105,105,105,105],"relic_stats":{"Blood Vial":31,"Nunchaku":[26],"Busted Crown":34,"counters":[26,119],"Pantograph":20,"Snecko Eye":[226,239,221,204],"PreservedInsect":170,"obtain_stats":[{"Pear":2,"Calipers":43,"PreservedInsect":24,"Odd Mushroom":10,"Burning Blood":0,"Mercury Hourglass":23,"Blood Vial":9,"SlaversCollar":34,"Nunchaku":14,"CaptainsWheel":28,"Anchor":54,"Busted Crown":17,"Pantograph":46,"Snecko Eye":0,"Red Mask":45,"Toxic Egg 2":40},{"Pear":1,"Calipers":21,"PreservedInsect":11,"Odd Mushroom":4,"Burning Blood":0,"Mercury Hourglass":11,"Blood Vial":3,"SlaversCollar":16,"Nunchaku":6,"CaptainsWheel":13,"Anchor":25,"Busted Crown":7,"Pantograph":21,"Snecko Eye":0,"Red Mask":21,"Toxic Egg 2":20},{"Pear":2,"Calipers":84,"PreservedInsect":39,"Odd Mushroom":11,"Burning Blood":0,"Mercury Hourglass":39,"Blood Vial":7,"SlaversCollar":63,"Nunchaku":16,"CaptainsWheel":46,"Anchor":111,"Busted Crown":25,"Pantograph":84,"Snecko Eye":0,"Red Mask":84,"Toxic Egg 2":76}],"Mercury Hourglass":[283]},"card_choices":[{"not_picked":["Havoc","True Grit","Rupture"],"picked":"SKIP","floor":1.0},{"not_picked":["Havoc","Whirlwind"],"picked":"Blood for Blood","floor":4.0},{"not_picked":["Sentinel","Body Slam"],"picked":"Shrug It Off","floor":6.0},{"not_picked":["Iron Wave","Warcry"],"picked":"Clothesline","floor":10.0},{"not_picked":["Rampage","Sever Soul","Fire Breathing"],"picked":"SKIP","floor":11.0},{"not_picked":["Headbutt","Warcry"],"picked":"Intimidate","floor":12.0},{"not_picked":["Corruption","Berserk"],"picked":"Reaper","floor":16.0},{"not_picked":["Thunderclap"],"picked":"SKIP","floor":18.0},{"not_picked":[],"picked":"Carnage","floor":21.0},{"not_picked":[],"picked":"Spot Weakness+1","floor":22.0},{"not_picked":["Clothesline"],"picked":"SKIP","floor":23},{"not_picked":["True Grit+1"],"picked":"SKIP","floor":25},{"not_picked":[],"picked":"Sentinel+1","floor":28},{"not_picked":[],"picked":"Twin Strike","floor":30},{"not_picked":[],"picked":"Pommel Strike+1","floor":31},{"not_picked":[],"picked":"Impervious","floor":33},{"not_picked":["Sever Soul+1"],"picked":"SKIP","floor":35},{"not_picked":[],"picked":"Armaments","floor":36},{"not_picked":["Body Slam"],"picked":"SKIP","floor":37},{"not_picked":["Brutality"],"picked":"SKIP","floor":40},{"not_picked":["Clash+1"],"picked":"SKIP","floor":41},{"not_picked":["Power Through+1"],"picked":"SKIP","floor":47},{"not_picked":["Armaments+1"],"picked":"SKIP","floor":48},{"not_picked":["Clash+1"],"picked":"SKIP","floor":54}],"player_experience":73948,"relics_obtained":[{"floor":9.0,"key":"Blood Vial"},{"floor":10.0,"key":"Odd Mushroom"},{"floor":23,"key":"Mercury Hourglass"},{"floor":28,"key":"CaptainsWheel"},{"floor":40,"key":"Toxic Egg 2"},{"floor":43,"key":"Calipers"},{"floor":46,"key":"Pantograph"},{"floor":54,"key":"Anchor"}],"event_choices":[{"damage_healed":0.0,"max_hp_gain":0.0,"max_hp_loss":0.0,"gold_gain":0.0,"event_name":"Scrap Ooze","player_choice":"Success","floor":2.0,"gold_loss":0.0,"damage_taken":25.0,"relics_obtained":["Pear"]},{"cards_removed":["Strike_R"],"damage_healed":0.0,"max_hp_gain":0.0,"max_hp_loss":0.0,"gold_gain":0.0,"event_name":"Living Wall","player_choice":"Forget","floor":3.0,"gold_loss":0.0,"damage_taken":0.0},{"damage_healed":0.0,"max_hp_gain":0.0,"max_hp_loss":0.0,"gold_gain":0.0,"event_name":"Match and Keep!","player_choice":"2 cards matched","floor":5.0,"gold_loss":0.0,"damage_taken":0.0,"cards_obtained":["Dark Shackles","Feed"]},{"damage_healed":0.0,"max_hp_gain":0.0,"max_hp_loss":0.0,"gold_gain":0.0,"event_name":"Shining Light","player_choice":"Ignored","floor":8.0,"gold_loss":0.0,"damage_taken":0.0},{"damage_healed":0.0,"max_hp_gain":0.0,"max_hp_loss":0.0,"gold_gain":0.0,"event_name":"Mushrooms","player_choice":"Fought Mushrooms","floor":10.0,"gold_loss":0.0,"damage_taken":0.0},{"cards_removed":["Strike_R"],"damage_healed":0.0,"max_hp_gain":0.0,"max_hp_loss":0.0,"gold_gain":0.0,"event_name":"Golden Wing","player_choice":"Card Removal","floor":13.0,"gold_loss":0.0,"damage_taken":7.0},{"damage_healed":0.0,"max_hp_gain":0.0,"max_hp_loss":0.0,"gold_gain":0.0,"event_name":"Lab","player_choice":"Got Potions","floor":19.0,"gold_loss":0.0,"damage_taken":0.0},{"cards_removed":["Strike_R"],"damage_healed":0,"gold_gain":0,"player_choice":"Removed Attack","damage_taken":0,"max_hp_gain":0,"max_hp_loss":0,"event_name":"Falling","floor":38,"gold_loss":0},{"damage_healed":0,"gold_gain":0,"player_choice":"Max HP","damage_taken":0,"max_hp_gain":0,"max_hp_loss":6,"event_name":"Winding Halls","floor":39,"gold_loss":0},{"damage_healed":0,"gold_gain":0,"player_choice":"Paid","damage_taken":0,"relics_obtained":["Red Mask"],"max_hp_gain":0,"max_hp_loss":0,"event_name":"Tomb of Lord Red Mask","floor":45,"gold_loss":38}],"is_beta":false,"boss_relics":[{"not_picked":["Runic Pyramid","Astrolabe"],"picked":"Busted Crown"},{"not_picked":["Cursed Key","Empty Cage"],"picked":"SlaversCollar"}],"items_purged_floors":[20,44],"is_endless":false,"potions_floor_spawned":[6,16,18,25,31,35,37,40,47,48],"killed_by":"The Heart","ascension_level":0}}