{"host":"mbpcepu6ztteuwhq","time":1609646771,"event":{"mods":["AchievementEnabler","BaseMod","Colored Map","DeckTracker","Minty Spire (QoL Compilation)","Rare Cards Sparkle","StSLib","everything is the same but u backflip on backflip"],"gold_per_floor":[119,136,154,79,91,91,91,109,109,126,26,26,26],"floor_reached":12,"playtime":280,"items_purged":["Strike_G","Strike_G"],"score":144,"play_id":"2bd50d39-adfe-4a37-baa1-2c6b5ec41e9f","local_time":"20210103130611","is_ascension_mode":true,"campfire_choices":[{"data":"Poisoned Stab","floor":6.0,"key":"SMITH"}],"circlet_count":0,"master_deck":["AscendersBane","Strike_G","Strike_G","Strike_G","Defend_G","Defend_G","Defend_G","Defend_G","Defend_G","Survivor","Neutralize","Bouncing Flask","Bane+1","Noxious Fumes","Poisoned Stab+1","Cloak And Dagger","Shame"],"relics":["Cursed Key","Darkstone Periapt"],"acts_visited":[],"potions_floor_usage":[12],"damage_taken":[{"damage":3.0,"enemies":"Cultist","floor":1.0,"turns":5.0},{"damage":0.0,"enemies":"2 Louse","floor":2.0,"turns":3.0},{"damage":0.0,"enemies":"Jaw Worm","floor":3.0,"turns":3.0},{"damage":2.0,"enemies":"Large Slime","floor":5.0,"turns":5.0},{"damage":15,"enemies":"Exordium Wildlife","floor":8,"turns":6},{"damage":3,"enemies":"Blue Slaver","floor":10,"turns":2},{"damage":26,"enemies":"Gremlin Nob","floor":12,"turns":4}],"seed_played":"1550601830663665372","potions_obtained":[{"floor":1.0,"key":"Block Potion"},{"floor":3.0,"key":"EssenceOfSteel"}],"is_trial":false,"path_per_floor":["M","M","M","$","M","R","?","M","T","M","$","E"],"character_chosen":"THE_SILENT","items_purchased":[],"campfire_rested":0,"item_purchase_floors":[],"current_hp_per_floor":[56,56,56,56,54,54,54,39,39,36,36,10,10],"gold":26,"neow_bonus":"BOSS_RELIC","is_daily":false,"chose_seed":false,"campfire_upgraded":1,"win_rate":0.0,"timestamp":1609646771,"path_taken":["M","M","M","$","M","R","?","M","T","M","$","E"],"items_purchased_type":[],"build_version":"2020-12-22","purchased_purges":2,"victory":false,"max_hp_per_floor":[66,66,66,66,66,66,66,66,66,66,66,66,66],"card_choices":[{"not_picked":["Flying Knee","Tactician"],"picked":"Bouncing Flask","floor":1.0},{"not_picked":["Underhanded Strike","Dagger Spray"],"picked":"Bane","floor":2.0},{"not_picked":["Skewer","Dodge and Roll"],"picked":"Noxious Fumes","floor":3.0},{"not_picked":["Calculated Gamble","Deflect"],"picked":"Poisoned Stab","floor":5.0},{"not_picked":["Poisoned Stab","PiercingWail"],"picked":"Cloak And Dagger","floor":8},{"not_picked":["Bane","Expertise","Dodge and Roll"],"picked":"SKIP","floor":10}],"player_experience":1123,"relics_obtained":[{"floor":9,"key":"Darkstone Periapt"}],"event_choices":[{"damage_healed":0,"gold_gain":0,"player_choice":"Upgraded","damage_taken":0,"max_hp_gain":0,"max_hp_loss":0,"event_name":"Upgrade Shrine","floor":7,"gold_loss":0,"cards_upgraded":["Bane"]}],"is_beta":false,"boss_relics":[],"items_purged_floors":[4,11],"is_endless":false,"potions_floor_spawned":[1,3],"killed_by":"Gremlin Nob","ascension_level":20}}