{"host":"rwmcmr2m88k7tuzm","time":1609689962,"event":{"mods":["BaseMod","BetterRewards","Conspire","Downfall","Hermit","Hubris","Infinite Spire","Minty Spire (QoL Compilation)","Replay The Spire","Shop Mod","StSLib","SuperFastMode","The Cursed","The Necromancer"],"gold_per_floor":[113,113,127,137,137,137,149,182,182,182,217,217,231,241,241,241,241],"floor_reached":16,"playtime":522,"items_purged":[],"score":152,"play_id":"fece6d2d-4de8-4467-9cf4-ae195eceea25","local_time":"20210103160602","is_ascension_mode":false,"campfire_choices":[{"floor":6,"key":"REST"},{"floor":12,"key":"REST"},{"floor":15,"key":"REST"}],"circlet_count":0,"master_deck":["Strike_R","Strike_R","Strike_R","Strike_R","Strike_R","Defend_R","Defend_R","Defend_R","Defend_R","Bash","Replay:SS_fish_3","Sword Boomerang","Battle Trance","Twin Strike","infinitespire:SevenWalls","ReplayReversal","Inflame","Flex"],"relics":["Burning Blood","Calipers","hubris:EmptyBottle","Bag of Marbles","conspire:DeflatedDodgeball","Replay:Mystery Machine","Magic Flower"],"acts_visited":["Exordium"],"potions_floor_usage":[7,8,8,8,11,11,16,16,16],"damage_taken":[{"damage":0,"enemies":"2 Louse","floor":1,"turns":4},{"damage":19,"enemies":"Jaw Worm","floor":3,"turns":4},{"damage":7,"enemies":"Small Slimes","floor":4,"turns":4},{"damage":0,"enemies":"Looter","floor":7,"turns":3},{"damage":14,"enemies":"Gremlin Nob","floor":8,"turns":3},{"damage":25,"enemies":"conspire:MimicChest","floor":11,"turns":6},{"damage":12,"enemies":"conspire:2 RoseBushes","floor":13,"turns":3},{"damage":0,"enemies":"2 Fungi Beasts","floor":14,"turns":3},{"damage":96,"enemies":"The Guardian","floor":16,"turns":11}],"seed_played":"3608991817428100372","potions_obtained":[{"floor":1,"key":"hexamod:EctoCoolerPotion"},{"floor":3,"key":"AttackPotion"},{"floor":4,"key":"AttackPotion"},{"floor":13,"key":"Block Potion"},{"floor":14,"key":"Venom Potion"}],"is_trial":false,"path_per_floor":["M","?","M","M","?","R","M","E","T","?","?","R","M","M","R","B"],"character_chosen":"IRONCLAD","items_purchased":["Calipers","Replay:SS_fish_3","hubris:EmptyBottle"],"campfire_rested":3,"item_purchase_floors":[0,0,0],"current_hp_per_floor":[78,83,70,69,48,73,79,71,71,46,27,52,49,58,83,0,0],"gold":241,"neow_bonus":"","is_daily":false,"chose_seed":false,"campfire_upgraded":0,"win_rate":0.0,"timestamp":1609689962,"path_taken":["M","?","M","M","?","R","M","E","T","?","?","R","?","M","R","BOSS"],"items_purchased_type":["Relic","Card","Relic"],"build_version":"2020-12-22","purchased_purges":0,"victory":false,"max_hp_per_floor":[80,85,85,85,85,85,85,85,85,85,85,85,85,85,85,85,85],"card_choices":[{"not_picked":["Bloodletting","Entrench"],"picked":"Sword Boomerang","floor":1},{"not_picked":["Whirlwind","Shrug It Off"],"picked":"Battle Trance","floor":3},{"not_picked":["Body Slam","Perfected Strike"],"picked":"Twin Strike","floor":4},{"not_picked":["infinitespire:Fortify","ReplayTheSpireMod:??????????????????????"],"picked":"infinitespire:SevenWalls","floor":5},{"not_picked":["Sever Soul","ReplayTheSpireMod:Limb From Limb"],"picked":"ReplayReversal","floor":7},{"not_picked":["ReplayTheSpireMod:Strike From Hell","Fire Breathing"],"picked":"Inflame","floor":8},{"not_picked":["Twin Strike","Clothesline","ReplayTheSpireMod:Muscle Training"],"picked":"SKIP","floor":13},{"not_picked":["ReplayReversal","Run Through"],"picked":"Flex","floor":14}],"player_experience":178251,"relics_obtained":[{"floor":8,"key":"Bag of Marbles"},{"floor":9,"key":"conspire:DeflatedDodgeball"},{"floor":11,"key":"Magic Flower"}],"event_choices":[{"damage_healed":0,"gold_gain":0,"player_choice":"Donut","damage_taken":0,"max_hp_gain":5,"max_hp_loss":0,"event_name":"Big Fish","floor":2,"gold_loss":0},{"damage_healed":0,"gold_gain":0,"player_choice":"Success","damage_taken":25,"relics_obtained":["Replay:Mystery Machine"],"max_hp_gain":0,"max_hp_loss":0,"event_name":"Scrap Ooze","floor":10,"gold_loss":0}],"is_beta":false,"boss_relics":[],"items_purged_floors":[],"is_endless":false,"potions_floor_spawned":[1,3,4,13,14],"killed_by":"The Guardian","ascension_level":0}}