{"host":"g01l53quoe6lrer0","time":1609699472,"event":{"mods":["2.2 Compatiblity","AchievementEnabler","BaseMod","Colored Map","Highlight Path","Keyboard Shortcuts","Minty Spire (QoL Compilation)","Permanent Neow","Quick Restart","StSLib","SuperFastMode","everything is the same but u backflip on backflip"],"gold_per_floor":[10,26,26,26,39,39,50,50,74,101,101,113,113,124,124,224,224,235,145,70,83,94,128,176,192,192,36,62,62,73,88,88,88,88],"floor_reached":33,"playtime":1205,"items_purged":["Strike_B"],"score":314,"play_id":"de7a5f83-80b5-4e9d-b0fc-1b4ae74da148","local_time":"20210104034432","is_ascension_mode":false,"campfire_choices":[{"data":"Loop","floor":6.0,"key":"SMITH"},{"data":"Core Surge","floor":11.0,"key":"SMITH"},{"data":"Conserve Battery","floor":13.0,"key":"SMITH"},{"floor":15.0,"key":"REST"},{"data":"Electrodynamics","floor":32,"key":"SMITH"}],"circlet_count":0,"master_deck":["Strike_B+1","Defend_B","Defend_B","Defend_B","Defend_B+1","Zap+1","Dualcast+1","Core Surge+1","Conserve Battery+1","Loop+1","Auto Shields","Ball Lightning","FTL","Hologram","Electrodynamics+1","Hologram+1","Reinforced Body","Capacitor+1","Steam Power","Blizzard"],"relics":["Cracked Core","Centennial Puzzle","Boot","Nuclear Battery","Girya","Ancient Tea Set","Bottled Flame","Runic Capacitor","Frozen Egg 2"],"acts_visited":["Exordium","TheCity"],"potions_floor_usage":[21,23,33],"damage_taken":[{"damage":1.0,"enemies":"Jaw Worm","floor":1.0,"turns":2.0},{"damage":1.0,"enemies":"Cultist","floor":2.0,"turns":3.0},{"damage":1.0,"enemies":"2 Louse","floor":5.0,"turns":2.0},{"damage":26.0,"enemies":"Gremlin Gang","floor":7.0,"turns":4.0},{"damage":3.0,"enemies":"3 Sentries","floor":10.0,"turns":5.0},{"damage":0.0,"enemies":"3 Louse","floor":12.0,"turns":3.0},{"damage":1.0,"enemies":"Blue Slaver","floor":14.0,"turns":3.0},{"damage":19.0,"enemies":"The Guardian","floor":16.0,"turns":10.0},{"damage":7.0,"enemies":"Shell Parasite","floor":18.0,"turns":3.0},{"damage":0,"enemies":"2 Thieves","floor":21,"turns":2},{"damage":2,"enemies":"3 Cultists","floor":22,"turns":3},{"damage":0,"enemies":"Gremlin Leader","floor":23,"turns":4},{"damage":0,"enemies":"Sentry and Sphere","floor":25,"turns":6},{"damage":14,"enemies":"Slavers","floor":28,"turns":4},{"damage":0,"enemies":"Cultist and Chosen","floor":30,"turns":5},{"damage":2,"enemies":"Shelled Parasite and Fungi","floor":31,"turns":5},{"damage":51,"enemies":"Champ","floor":33,"turns":11}],"seed_played":"-2073289053442613314","potions_obtained":[{"floor":4.0,"key":"PowerPotion"},{"floor":4.0,"key":"AttackPotion"},{"floor":4.0,"key":"EssenceOfSteel"},{"floor":10.0,"key":"SteroidPotion"},{"floor":14.0,"key":"DistilledChaos"},{"floor":16.0,"key":"Ancient Potion"},{"floor":18.0,"key":"Explosive Potion"},{"floor":25,"key":"Block Potion"},{"floor":30,"key":"DuplicationPotion"}],"is_trial":false,"path_per_floor":["M","M","?","?","M","R","M","?","T","E","R","M","R","M","R","B",null,"M","?","$","M","M","E","T","M","T","$","E","?","M","M","R","B"],"character_chosen":"DEFECT","items_purchased":["Runic Capacitor"],"campfire_rested":1,"item_purchase_floors":[27],"current_hp_per_floor":[74,73,73,73,72,72,46,31,31,28,28,28,28,27,49,30,75,68,68,68,68,66,66,66,66,66,66,52,52,52,50,50,0,0],"gold":88,"neow_bonus":"THREE_RARE_CARDS","is_daily":false,"chose_seed":false,"campfire_upgraded":4,"win_rate":0.0,"timestamp":1609699472,"path_taken":["M","M","?","?","M","R","?","?","T","E","R","M","R","M","R","BOSS","M","?","?","?","M","E","?","M","T","$","E","?","M","M","R","BOSS"],"items_purchased_type":["Relic"],"build_version":"2020-12-22","purchased_purges":1,"victory":false,"max_hp_per_floor":[75,75,75,75,75,75,75,75,75,75,75,75,75,75,75,75,75,75,75,75,75,75,75,75,75,75,75,75,75,75,75,75,75,75],"card_choices":[{"not_picked":["Seek","Electrodynamics"],"picked":"Core Surge","floor":0.0},{"not_picked":["Redo","Ball Lightning"],"picked":"Conserve Battery","floor":1.0},{"not_picked":["Double Energy","Barrage"],"picked":"Loop","floor":2.0},{"not_picked":["Cold Snap","Redo"],"picked":"Auto Shields","floor":5.0},{"not_picked":["Go for the Eyes","Undo"],"picked":"Ball Lightning","floor":7.0},{"not_picked":["Rebound","Compile Driver","All For One"],"picked":"SKIP","floor":10.0},{"not_picked":["Sweeping Beam","Hello World"],"picked":"FTL","floor":12.0},{"not_picked":["Rip and Tear","Compile Driver"],"picked":"Hologram","floor":14.0},{"not_picked":["Buffer","Machine Learning"],"picked":"Electrodynamics","floor":16.0},{"not_picked":["Stack","Cold Snap","Coolheaded+1"],"picked":"SKIP","floor":18.0},{"not_picked":["Rebound+1","Conserve Battery"],"picked":"Hologram+1","floor":21},{"not_picked":["Fusion","Ball Lightning","Aggregate"],"picked":"SKIP","floor":22},{"not_picked":["Scrape","Genetic Algorithm","Coolheaded"],"picked":"SKIP","floor":23},{"not_picked":["Leap","Heatsinks"],"picked":"Reinforced Body","floor":25},{"not_picked":["Hologram","Chaos+1"],"picked":"Capacitor+1","floor":28},{"not_picked":["Stack","Scrape"],"picked":"Steam Power","floor":30},{"not_picked":["Multi-Cast","FTL"],"picked":"Blizzard","floor":31}],"player_experience":46853,"relics_obtained":[{"floor":9.0,"key":"Centennial Puzzle"},{"floor":10.0,"key":"Boot"},{"floor":23,"key":"Girya"},{"floor":24,"key":"Ancient Tea Set"},{"floor":26,"key":"Bottled Flame"},{"floor":28,"key":"Frozen Egg 2"}],"event_choices":[{"damage_healed":0.0,"max_hp_gain":0.0,"max_hp_loss":0.0,"gold_gain":0.0,"event_name":"Living Wall","player_choice":"Grow","floor":3.0,"gold_loss":0.0,"damage_taken":0.0,"cards_upgraded":["Zap"]},{"damage_healed":0.0,"max_hp_gain":0.0,"max_hp_loss":0.0,"gold_gain":0.0,"event_name":"Lab","player_choice":"Got Potions","floor":4.0,"gold_loss":0.0,"damage_taken":0.0},{"damage_healed":0.0,"max_hp_gain":0.0,"max_hp_loss":0.0,"gold_gain":0.0,"event_name":"Shining Light","player_choice":"Entered Light","floor":8.0,"gold_loss":0.0,"damage_taken":15.0,"cards_upgraded":["Defend_B","Dualcast"]},{"cards_removed":["Strike_B"],"damage_healed":0.0,"max_hp_gain":0.0,"max_hp_loss":0.0,"gold_gain":0.0,"event_name":"Designer","player_choice":"Upgrade and Remove","floor":19.0,"gold_loss":90.0,"damage_taken":0.0,"cards_upgraded":["Strike_B"]},{"cards_removed":["Strike_B"],"damage_healed":0,"gold_gain":0,"player_choice":"Card Removal","damage_taken":0,"max_hp_gain":0,"max_hp_loss":0,"event_name":"Wheel of Change","floor":29,"gold_loss":0}],"is_beta":false,"boss_relics":[{"not_picked":["Runic Dome","Busted Crown"],"picked":"Nuclear Battery"}],"items_purged_floors":[20],"is_endless":false,"potions_floor_spawned":[5,7,10,14,16,18,25,30],"killed_by":"Champ","ascension_level":0}}