{"host":"q4b0c643vtafhvqv","time":1609660907,"event":{"mods":["BaseMod","Colored Map","Colored Powertips","Minty Spire (QoL Compilation)","Permanent Neow","Quick Restart","StSLib","The Blue Laboratory","The Cursed","The Marked"],"gold_per_floor":[113,127,127,147,113,113,146,146,169,244,264,264,264,288,288,411,411,424,445,322,347,368,403,403,428,482,482,509,529,529,6,6,130,130,143,143,143,0,25,66,91,122,122,158,172,172,28,68,68,68],"floor_reached":51,"playtime":2632,"items_purged":["Pain"],"score":1269,"play_id":"4bf812c1-27a1-4a95-9b58-51ac3ef43144","local_time":"20210103160147","is_ascension_mode":true,"campfire_choices":[{"data":"Cleave","floor":6.0,"key":"SMITH"},{"data":"Metallicize","floor":8.0,"key":"SMITH"},{"data":"Metallicize","floor":12.0,"key":"SMITH"},{"data":"Shockwave","floor":15.0,"key":"SMITH"},{"data":"Dual Wield","floor":27.0,"key":"SMITH"},{"data":"Metallicize","floor":32.0,"key":"SMITH"},{"data":"Panacea","floor":46,"key":"SMITH"},{"data":"Offering","floor":49,"key":"SMITH"}],"circlet_count":0,"master_deck":["Strike_R+1","Strike_R+1","Strike_R+1","Defend_R+1","Defend_R+1","Defend_R+1","Bash","Metallicize+1","Cleave+1","Metallicize+1","Shockwave+1","Barricade","Body Slam+1","Metallicize+1","Madness","Dual Wield+1","Offering+1","Panacea+1","Thinking Ahead","Metallicize+1","Dark Embrace+1"],"relics":["Burning Blood","Ice Cream","Golden Idol","Regal Pillow","Oddly Smooth Stone","SacredBark","Ancient Tea Set","Potion Belt","Strawberry","WarpedTongs","Cauldron","Bird Faced Urn","Black Star","Red Mask","CaptainsWheel","MealTicket","Anchor","Bronze Scales","PreservedInsect","Blood Vial","Centennial Puzzle","Strange Spoon","White Beast Statue","Meat on the Bone"],"acts_visited":["Exordium","TheCity","TheBeyond"],"potions_floor_usage":[50,50,50,50],"damage_taken":[{"damage":1.0,"enemies":"2 Louse","floor":1.0,"turns":3.0},{"damage":4.0,"enemies":"Small Slimes","floor":2.0,"turns":4.0},{"damage":0.0,"enemies":"Jaw Worm","floor":4.0,"turns":3.0},{"damage":4.0,"enemies":"Lagavulin","floor":7.0,"turns":6.0},{"damage":0.0,"enemies":"Lots of Slimes","floor":11.0,"turns":1.0},{"damage":3.0,"enemies":"2 Fungi Beasts","floor":14.0,"turns":3.0},{"damage":10.0,"enemies":"Hexaghost","floor":16.0,"turns":10.0},{"damage":24.0,"enemies":"Spheric Guardian","floor":18.0,"turns":6.0},{"damage":2.0,"enemies":"Shell Parasite","floor":19.0,"turns":5.0},{"damage":18.0,"enemies":"Snake Plant","floor":21.0,"turns":5.0},{"damage":9.0,"enemies":"Snecko","floor":22.0,"turns":7.0},{"damage":48.0,"enemies":"Slavers","floor":23.0,"turns":5.0},{"damage":10.0,"enemies":"Centurion and Healer","floor":25.0,"turns":3.0},{"damage":0.0,"enemies":"Sentry and Sphere","floor":29.0,"turns":6.0},{"damage":6.0,"enemies":"Automaton","floor":33.0,"turns":10.0},{"damage":6.0,"enemies":"Orb Walker","floor":35.0,"turns":4.0},{"damage":14.0,"enemies":"3 Shapes","floor":39.0,"turns":16.0},{"damage":6.0,"enemies":"Nemesis","floor":40.0,"turns":13.0},{"damage":6.0,"enemies":"Spire Growth","floor":41.0,"turns":7.0},{"damage":6.0,"enemies":"Giant Head","floor":42.0,"turns":8.0},{"damage":51.0,"enemies":"Nemesis","floor":44.0,"turns":9.0},{"damage":6,"enemies":"Maw","floor":45,"turns":14},{"damage":12,"enemies":"Giant Head","floor":48,"turns":7},{"damage":18,"enemies":"Awakened One","floor":50,"turns":9}],"seed_played":"-4705907547223288832","potions_obtained":[{"floor":2.0,"key":"SkillPotion"},{"floor":4.0,"key":"SpeedPotion"},{"floor":7.0,"key":"ColorlessPotion"},{"floor":16.0,"key":"BloodPotion"},{"floor":19.0,"key":"GamblersBrew"},{"floor":23.0,"key":"DuplicationPotion"},{"floor":25.0,"key":"blueLaboratory:RecallPotion"},{"floor":31.0,"key":"SpeedPotion"},{"floor":31.0,"key":"blueLaboratory:RecallPotion"},{"floor":31.0,"key":"blueLaboratory:HummingbirdPotion"},{"floor":31.0,"key":"blueLaboratory:ForbiddenFruitJuice"},{"floor":31.0,"key":"HeartOfIron"},{"floor":33.0,"key":"blueLaboratory:StoneskinPotion"},{"floor":35.0,"key":"Dexterity Potion"},{"floor":42.0,"key":"AttackPotion"},{"floor":44.0,"key":"blueLaboratory:LimitlessPotion"}],"is_trial":false,"path_per_floor":["M","M","?","M","$","R","E","R","T","?","M","R","$","M","R","B",null,"M","M","$","M","M","E","?","M","T","R","T","M","?","$","R","B",null,"M","?","?","?","M","E","M","E","T","E","M","R","$","E","R","B",null],"character_chosen":"IRONCLAD","items_purchased":["Metallicize","Metallicize","Madness","Cauldron","Bird Faced Urn","Strange Spoon"],"campfire_rested":0,"item_purchase_floors":[5,20,20,31,31,47],"current_hp_per_floor":[80,80,60,66,66,66,68,68,68,57,63,63,63,66,66,62,80,62,66,66,54,51,41,41,37,37,37,44,50,50,50,50,64,87,87,77,77,77,87,87,87,87,87,56,86,86,87,87,87,87],"gold":68,"neow_bonus":"ONE_RARE_RELIC","is_daily":false,"chose_seed":false,"campfire_upgraded":8,"win_rate":0.0,"timestamp":1609660907,"path_taken":["M","M","?","M","$","R","E","R","T","?","M","R","$","M","R","BOSS","M","M","$","M","M","E","?","M","T","R","?","?","?","$","R","BOSS","M","?","?","?","M","E","M","E","T","E","M","R","?","E","R","BOSS"],"items_purchased_type":["Card","Card","Card","Relic","Relic","Relic"],"build_version":"2020-12-22","purchased_purges":1,"victory":true,"max_hp_per_floor":[80,80,80,80,80,80,80,80,80,80,80,80,80,80,80,80,80,80,80,80,80,80,80,80,80,80,80,87,87,87,87,87,87,87,87,87,87,87,87,87,87,87,87,87,87,87,87,87,87,87],"card_choices":[{"not_picked":["Second Wind","Rupture","Intimidate"],"picked":"SKIP","floor":1.0},{"not_picked":["Twin Strike","Headbutt"],"picked":"Metallicize","floor":2.0},{"not_picked":["Sever Soul","Iron Wave"],"picked":"Cleave","floor":4.0},{"not_picked":["Warcry","Corruption"],"picked":"Shockwave","floor":7.0},{"not_picked":["Shrug It Off","Clash","Clothesline"],"picked":"SKIP","floor":11.0},{"not_picked":["Intimidate","Flex","Headbutt"],"picked":"SKIP","floor":14.0},{"not_picked":["Demon Form","Impervious"],"picked":"Barricade","floor":16.0},{"not_picked":["Warcry","Blood for Blood"],"picked":"Body Slam+1","floor":18.0},{"not_picked":["Reckless Charge+1","Perfected Strike","Anger+1"],"picked":"SKIP","floor":19.0},{"not_picked":["Shockwave","Flex","Pommel Strike"],"picked":"SKIP","floor":21.0},{"not_picked":["Whirlwind+1","Uppercut","Thunderclap+1"],"picked":"SKIP","floor":22.0},{"not_picked":["Heavy Blade","Iron Wave+1","Limit Break"],"picked":"SKIP","floor":23.0},{"not_picked":["Reckless Charge","Perfected Strike"],"picked":"Dual Wield","floor":25.0},{"not_picked":["Thunderclap","Clash","Burning Pact"],"picked":"SKIP","floor":29.0},{"not_picked":["Feed","Berserk"],"picked":"Offering","floor":33.0},{"not_picked":["Shrug It Off","Sword Boomerang+1","Clothesline"],"picked":"SKIP","floor":35.0},{"not_picked":["Purity","Metamorphosis"],"picked":"Panacea","floor":36.0},{"not_picked":["Forethought","Mind Blast"],"picked":"Thinking Ahead","floor":36.0},{"not_picked":["Thunderclap","Shrug It Off","Clothesline+1"],"picked":"SKIP","floor":39.0},{"not_picked":["Shrug It Off+1","Twin Strike+1","Rampage"],"picked":"SKIP","floor":40.0},{"not_picked":["Armaments","Pummel+1","Sword Boomerang"],"picked":"SKIP","floor":41.0},{"not_picked":["Blood for Blood","Feed","Perfected Strike"],"picked":"SKIP","floor":42.0},{"not_picked":["Reckless Charge","Battle Trance","Power Through+1"],"picked":"SKIP","floor":44.0},{"not_picked":["Headbutt","Feel No Pain"],"picked":"Metallicize+1","floor":45},{"not_picked":["Armaments+1","Infernal Blade+1"],"picked":"Dark Embrace+1","floor":48}],"player_experience":12056,"relics_obtained":[{"floor":7.0,"key":"Regal Pillow"},{"floor":9.0,"key":"Oddly Smooth Stone"},{"floor":23.0,"key":"Ancient Tea Set"},{"floor":26.0,"key":"Potion Belt"},{"floor":28.0,"key":"Strawberry"},{"floor":40.0,"key":"CaptainsWheel"},{"floor":40.0,"key":"MealTicket"},{"floor":42.0,"key":"Anchor"},{"floor":42.0,"key":"Bronze Scales"},{"floor":43.0,"key":"PreservedInsect"},{"floor":44.0,"key":"Blood Vial"},{"floor":44.0,"key":"Centennial Puzzle"},{"floor":48,"key":"White Beast Statue"},{"floor":48,"key":"Meat on the Bone"}],"event_choices":[{"damage_healed":0.0,"max_hp_gain":0.0,"max_hp_loss":0.0,"gold_gain":0.0,"event_name":"Golden Idol","player_choice":"Take Damage","floor":3.0,"gold_loss":0.0,"damage_taken":20.0,"relics_obtained":["Golden Idol"]},{"damage_healed":0.0,"max_hp_gain":0.0,"max_hp_loss":0.0,"gold_gain":75.0,"event_name":"World of Goop","player_choice":"Gather Gold","floor":10.0,"gold_loss":0.0,"damage_taken":11.0},{"damage_healed":0.0,"max_hp_gain":0.0,"max_hp_loss":0.0,"gold_gain":0.0,"event_name":"Back to Basics","player_choice":"Simplicity","floor":24.0,"gold_loss":0.0,"damage_taken":0.0,"cards_upgraded":["Strike_R","Strike_R","Strike_R","Strike_R","Defend_R","Defend_R","Defend_R"]},{"damage_healed":0.0,"max_hp_gain":0.0,"max_hp_loss":0.0,"gold_gain":0.0,"event_name":"Accursed Blacksmith","player_choice":"Rummage","floor":30.0,"gold_loss":0.0,"damage_taken":0.0,"relics_obtained":["WarpedTongs"],"cards_obtained":["Pain"]},{"damage_healed":0.0,"max_hp_gain":0.0,"max_hp_loss":0.0,"gold_gain":0.0,"event_name":"SensoryStone","player_choice":"Memory 3","floor":36.0,"gold_loss":0.0,"damage_taken":10.0},{"cards_removed":["Strike_R"],"damage_healed":0.0,"max_hp_gain":0.0,"max_hp_loss":0.0,"gold_gain":0.0,"event_name":"Falling","player_choice":"Removed Attack","floor":37.0,"gold_loss":0.0,"damage_taken":0.0},{"damage_healed":0.0,"max_hp_gain":0.0,"max_hp_loss":0.0,"gold_gain":0.0,"event_name":"Tomb of Lord Red Mask","player_choice":"Paid","floor":38.0,"gold_loss":143.0,"damage_taken":0.0,"relics_obtained":["Red Mask"]}],"is_beta":false,"boss_relics":[{"not_picked":["Philosopher\u0027s Stone","Black Blood"],"picked":"SacredBark"},{"not_picked":["Fusion Hammer","Cursed Key"],"picked":"Black Star"}],"items_purged_floors":[31],"is_endless":false,"potions_floor_spawned":[2,4,7,16,19,23,25,33,35,42,44],"ascension_level":2}}