{"host":"2tgyrzvaa7l04o2e","time":1609706841,"event":{"mods":["BaseMod","Highlight Path","Minty Spire (QoL Compilation)","Permanent Neow","Relic Stats"],"gold_per_floor":[117,129,129,229,245,276,288,320,369,380,452,4,50,61,61,161,161,173,173,192,43,60,60,85,85,132,164,89,89,101,130,130,226,226,238,257,257,275,286,312,312,340,364,364,401,401,401,429,429,429,429,429,13,45,45],"floor_reached":56,"playtime":4690,"items_purged":[],"score":1769,"play_id":"fe814181-e06c-4d2a-8285-6606a9d9719b","local_time":"20210103214721","is_ascension_mode":true,"campfire_choices":[{"data":"Hologram","floor":15,"key":"SMITH"},{"data":"Zap","floor":23,"key":"SMITH"},{"data":"Creative AI","floor":25,"key":"SMITH"},{"data":"Go for the Eyes","floor":29,"key":"SMITH"},{"data":"Beam Cell","floor":32,"key":"SMITH"},{"floor":41,"key":"REST"},{"floor":44,"key":"RECALL"},{"data":"Buffer","floor":49,"key":"SMITH"},{"data":"Gash","floor":52,"key":"SMITH"}],"circlet_count":0,"master_deck":["Zap+1","Static Discharge","Skim","Gash+1","Self Repair","Scrape+1","Hologram+1","Coolheaded+1","Streamline","Rebound","Coolheaded","Conserve Battery","Beam Cell+1","Go for the Eyes+1","Conserve Battery+1","All For One+1","BootSequence+1","Creative AI+1","Steam+1","FTL+1","Buffer+1","Force Field+1","Glacier+1","Conserve Battery+1"],"relics":["Pandora\u0027s Box","Toy Ornithopter","Sundial","Toolbox","Mango","Oddly Smooth Stone","SlaversCollar","Blood Vial","Akabeko","Calipers","Bronze Scales","Philosopher\u0027s Stone","White Beast Statue","CeramicFish","War Paint","Omamori","Whetstone","Anchor","Blue Candle"],"acts_visited":["Exordium","TheCity","TheBeyond","TheEnding"],"potions_floor_usage":[6,8,24,24,33,35,38,45,48,50,55,55],"damage_taken":[{"damage":6,"enemies":"2 Louse","floor":1,"turns":3},{"damage":4,"enemies":"Cultist","floor":2,"turns":3},{"damage":14,"enemies":"Jaw Worm","floor":5,"turns":3},{"damage":14,"enemies":"Gremlin Nob","floor":6,"turns":4},{"damage":14,"enemies":"Red Slaver","floor":7,"turns":2},{"damage":35,"enemies":"3 Sentries","floor":8,"turns":5},{"damage":11,"enemies":"Large Slime","floor":10,"turns":5},{"damage":0,"enemies":"Exordium Thugs","floor":14,"turns":3},{"damage":1,"enemies":"The Guardian","floor":16,"turns":8},{"damage":22,"enemies":"Shell Parasite","floor":18,"turns":4},{"damage":14,"enemies":"Spheric Guardian","floor":20,"turns":5},{"damage":9,"enemies":"Centurion and Healer","floor":22,"turns":6},{"damage":15,"enemies":"Gremlin Leader","floor":24,"turns":5},{"damage":13,"enemies":"Book of Stabbing","floor":27,"turns":4},{"damage":14,"enemies":"Snecko","floor":30,"turns":6},{"damage":0,"enemies":"Gremlin Leader","floor":31,"turns":5},{"damage":12,"enemies":"Collector","floor":33,"turns":8},{"damage":25,"enemies":"3 Darklings","floor":35,"turns":5},{"damage":0,"enemies":"Orb Walker","floor":36,"turns":4},{"damage":0,"enemies":"Maw","floor":38,"turns":7},{"damage":0,"enemies":"Spire Growth","floor":39,"turns":6},{"damage":67,"enemies":"Reptomancer","floor":40,"turns":6},{"damage":0,"enemies":"Giant Head","floor":42,"turns":9},{"damage":10,"enemies":"Nemesis","floor":45,"turns":8},{"damage":0,"enemies":"Transient","floor":48,"turns":5},{"damage":22,"enemies":"Donu and Deca","floor":50,"turns":11},{"damage":16,"enemies":"Shield and Spear","floor":54,"turns":7},{"damage":65,"enemies":"The Heart","floor":55,"turns":8}],"seed_played":"6792400122030109439","potions_obtained":[{"floor":5,"key":"DuplicationPotion"},{"floor":6,"key":"EssenceOfDarkness"},{"floor":16,"key":"SkillPotion"},{"floor":18,"key":"SkillPotion"},{"floor":22,"key":"AttackPotion"},{"floor":24,"key":"SteroidPotion"},{"floor":35,"key":"SpeedPotion"},{"floor":36,"key":"FearPotion"},{"floor":42,"key":"AttackPotion"},{"floor":45,"key":"DistilledChaos"},{"floor":48,"key":"DistilledChaos"}],"is_trial":false,"path_per_floor":["M","M","?","?","M","E","M","E","T","M","?","$","T","M","R","B",null,"M","?","M","$","M","R","E","R","T","E","?","R","M","E","R","B",null,"M","M","?","M","M","E","R","E","T","R","E","?","?","M","R","B",null,"R","$","E","B",null],"character_chosen":"DEFECT","items_purchased":["Toolbox","Mango","All For One","Whetstone","DistilledChaos","Anchor","Energy Potion"],"campfire_rested":1,"item_purchase_floors":[12,12,21,53,53,53,53],"current_hp_per_floor":[75,75,75,75,61,54,40,24,24,13,13,27,27,34,34,40,77,62,62,55,55,53,53,55,55,55,51,51,51,46,55,55,60,82,64,73,73,87,89,22,48,57,57,57,61,61,61,75,75,70,84,84,84,77,31],"gold":45,"neow_bonus":"BOSS_RELIC","is_daily":false,"chose_seed":false,"campfire_upgraded":7,"win_rate":0.0,"timestamp":1609706841,"path_taken":["M","M","?","?","M","E","?","E","T","M","?","$","?","M","R","BOSS","M","?","M","$","M","R","E","R","T","E","?","R","?","E","R","BOSS","M","M","?","M","M","E","R","E","T","R","E","?","?","?","R","BOSS","R","$","E","BOSS"],"items_purchased_type":["Relic","Relic","Card","Relic","Potion","Relic","Potion"],"build_version":"2020-12-22","purchased_purges":0,"victory":true,"max_hp_per_floor":[75,75,75,75,75,75,75,75,75,75,75,89,89,89,89,89,89,89,89,89,89,89,89,89,89,89,89,89,89,89,89,89,89,89,89,89,89,89,89,89,89,89,89,89,89,89,89,89,89,89,89,89,89,89,89],"relic_stats":{"Blood Vial":28,"counters":[28,155],"Sundial":[32],"Bronze Scales":[309],"CeramicFish":18,"Blue Candle":[0],"Pandora\u0027s Box":["Static Discharge","Skim","Amplify","White Noise","Gash","Self Repair","Scrape","Hologram"],"Whetstone":["Scrape","All For One"],"War Paint":["Coolheaded","Conserve Battery"],"obtain_stats":[{"Calipers":27,"CeramicFish":42,"Blue Candle":54,"Oddly Smooth Stone":13,"Mango":12,"Omamori":45,"Whetstone":53,"War Paint":43,"Akabeko":26,"White Beast Statue":40,"Blood Vial":24,"SlaversCollar":17,"Anchor":53,"Sundial":8,"Bronze Scales":31,"Toolbox":12,"Pandora\u0027s Box":0,"Philosopher\u0027s Stone":34,"Cracked Core":0,"Toy Ornithopter":6},{"Calipers":14,"CeramicFish":23,"Blue Candle":27,"Oddly Smooth Stone":7,"Mango":7,"Omamori":24,"Whetstone":26,"War Paint":23,"Akabeko":13,"White Beast Statue":22,"Blood Vial":13,"SlaversCollar":9,"Anchor":26,"Sundial":6,"Bronze Scales":16,"Toolbox":7,"Pandora\u0027s Box":0,"Philosopher\u0027s Stone":17,"Cracked Core":0,"Toy Ornithopter":4},{"Calipers":60,"CeramicFish":116,"Blue Candle":147,"Oddly Smooth Stone":25,"Mango":25,"Omamori":124,"Whetstone":140,"War Paint":116,"Akabeko":56,"White Beast Statue":107,"Blood Vial":56,"SlaversCollar":36,"Anchor":140,"Sundial":20,"Bronze Scales":71,"Toolbox":25,"Pandora\u0027s Box":0,"Philosopher\u0027s Stone":79,"Cracked Core":0,"Toy Ornithopter":13}],"Toy Ornithopter":55},"card_choices":[{"not_picked":["Barrage","Steam Power"],"picked":"Coolheaded","floor":1},{"not_picked":["Tempest","Darkness"],"picked":"Streamline","floor":2},{"not_picked":["Compile Driver","Redo"],"picked":"Rebound","floor":5},{"not_picked":["Streamline","Rebound","Chaos"],"picked":"SKIP","floor":6},{"not_picked":["Fusion","Self Repair"],"picked":"Coolheaded","floor":7},{"not_picked":["Machine Learning","Rip and Tear"],"picked":"Conserve Battery","floor":8},{"not_picked":["Rebound","Leap","Heatsinks"],"picked":"SKIP","floor":10},{"not_picked":["Leap","Cold Snap"],"picked":"Beam Cell","floor":14},{"not_picked":["Ball Lightning","Double Energy"],"picked":"Go for the Eyes","floor":18},{"not_picked":["Cold Snap+1","Redo"],"picked":"Conserve Battery","floor":20},{"not_picked":["Go for the Eyes","Hologram"],"picked":"BootSequence+1","floor":22},{"not_picked":["Reprogram","Heatsinks"],"picked":"Creative AI","floor":24},{"not_picked":["Echo Form","Sweeping Beam"],"picked":"Steam+1","floor":27},{"not_picked":["Turbo","Chill"],"picked":"FTL+1","floor":30},{"not_picked":["Chill","Heatsinks","Cold Snap"],"picked":"SKIP","floor":31},{"not_picked":["All For One","Machine Learning"],"picked":"Buffer","floor":33},{"not_picked":["Hologram","Steam Power"],"picked":"Force Field+1","floor":35},{"not_picked":["Capacitor+1","White Noise","Static Discharge+1"],"picked":"SKIP","floor":36},{"not_picked":["Compile Driver+1","Scrape+1","Heatsinks+1"],"picked":"SKIP","floor":38},{"not_picked":["Rebound","Gash+1","Recycle+1"],"picked":"SKIP","floor":39},{"not_picked":["Darkness+1","Steam Power","Scrape+1"],"picked":"SKIP","floor":40},{"not_picked":["Heatsinks+1","Recycle","Self Repair"],"picked":"SKIP","floor":42},{"not_picked":["Defragment","Chaos"],"picked":"Glacier+1","floor":45},{"not_picked":["Leap","Auto Shields+1"],"picked":"Conserve Battery+1","floor":48},{"not_picked":["FTL+1","Conserve Battery+1","Go for the Eyes+1"],"picked":"SKIP","floor":54}],"player_experience":553076,"relics_obtained":[{"floor":6,"key":"Toy Ornithopter"},{"floor":8,"key":"Sundial"},{"floor":13,"key":"Oddly Smooth Stone"},{"floor":24,"key":"Blood Vial"},{"floor":26,"key":"Akabeko"},{"floor":27,"key":"Calipers"},{"floor":31,"key":"Bronze Scales"},{"floor":40,"key":"White Beast Statue"},{"floor":42,"key":"CeramicFish"},{"floor":43,"key":"War Paint"},{"floor":45,"key":"Omamori"},{"floor":54,"key":"Blue Candle"}],"event_choices":[{"damage_healed":0,"gold_gain":0,"player_choice":"Ignored","damage_taken":0,"max_hp_gain":0,"max_hp_loss":0,"event_name":"Liars Game","floor":3,"gold_loss":0},{"damage_healed":0,"gold_gain":100,"player_choice":"Gold","damage_taken":0,"max_hp_gain":0,"max_hp_loss":0,"event_name":"Wheel of Change","floor":4,"gold_loss":0},{"damage_healed":0,"gold_gain":72,"player_choice":"Gained Gold","damage_taken":0,"max_hp_gain":0,"max_hp_loss":0,"event_name":"Golden Wing","floor":11,"gold_loss":0},{"cards_removed":["Amplify"],"damage_healed":0,"gold_gain":0,"player_choice":"Elegance","damage_taken":0,"max_hp_gain":0,"max_hp_loss":0,"event_name":"Back to Basics","floor":19,"gold_loss":0},{"cards_removed":["Dualcast"],"damage_healed":0,"gold_gain":0,"player_choice":"Gave Gold","damage_taken":0,"max_hp_gain":0,"max_hp_loss":0,"event_name":"Beggar","floor":28,"gold_loss":75},{"cards_removed":["White Noise"],"damage_healed":0,"gold_gain":0,"player_choice":"Removed Skill","damage_taken":0,"max_hp_gain":0,"max_hp_loss":0,"event_name":"Falling","floor":37,"gold_loss":0},{"damage_healed":0,"gold_gain":0,"player_choice":"Memory 1","damage_taken":0,"max_hp_gain":0,"max_hp_loss":0,"event_name":"SensoryStone","floor":46,"gold_loss":0},{"damage_healed":0,"gold_gain":0,"player_choice":"Ignored","damage_taken":0,"max_hp_gain":0,"max_hp_loss":0,"event_name":"SecretPortal","floor":47,"gold_loss":0}],"is_beta":false,"boss_relics":[{"not_picked":["Tiny House","Fusion Hammer"],"picked":"SlaversCollar"},{"not_picked":["Cursed Key","Empty Cage"],"picked":"Philosopher\u0027s Stone"}],"items_purged_floors":[],"is_endless":false,"potions_floor_spawned":[5,6,16,18,22,24,35,36,42,45,48,54],"ascension_level":9}}