{"host":"eemx8njkng76fu5x","time":1609709078,"event":{"mods":["2.2 Compatiblity","BaseMod","Downfall","Minty Spire (QoL Compilation)","Permanent Neow","StSLib","Unceasing Turn Reminder","Unknown Chances"],"gold_per_floor":[99,109,127,127,37,55,55,55,40,54,89,14,25,42,57,136,136,136,146,161,178,178,190,190,115,131,46,46,146,156,184,204,281,331,331,344,355,372,387,387,413,338,354,373,391,416,230,74,93,93,93,119,119,119,119],"floor_reached":56,"playtime":3294,"items_purged":["Slimebound:Strike_Slimebound","Slimebound:Strike_Slimebound"],"score":1904,"play_id":"b1eacebe-b532-4e64-9ba1-67df0ae6e79e","local_time":"20210104052438","is_ascension_mode":true,"campfire_choices":[{"data":"Slimebound:Overexert","floor":1,"key":"SMITH"},{"data":"Slimebound:Split","floor":8,"key":"SMITH"},{"data":"Slimebound:Recollect","floor":12,"key":"SMITH"},{"data":"Slimebound:SlimeSpikes","floor":18,"key":"SMITH"},{"data":"Slimebound:SlimeBarrage","floor":25,"key":"SMITH"},{"floor":35,"key":"RECALL"},{"floor":42,"key":"REST"},{"data":"Slimebound:Recollect","floor":54,"key":"SMITH"}],"circlet_count":0,"master_deck":["AscendersBane","Slimebound:Defend_Slimebound","Slimebound:Defend_Slimebound","Slimebound:Defend_Slimebound","Slimebound:Defend_Slimebound","Slimebound:Split+1","Slimebound:CorrosiveSpit","Slimebound:Overexert+1","Slimebound:SlimeSpikes+1","Slimebound:Recollect+1","Slimebound:SplitAcid","Slimebound:SlimeTap+1","Slimebound:Recollect","Slimebound:SlimeBarrage+1","Slimebound:ProtectTheBoss+1","Slimebound:SplitLeeching+1","Slimebound:Recollect+1","Slimebound:LevelUp+1","Slimebound:Overexert+1","Slimebound:SlimeSpikes","Slimebound:LeadByExample+1","expansioncontent:DefensiveMode+1","Slimebound:HungryTackle","Slimebound:Repurpose+1","expansioncontent:SuperHexaguard+1"],"relics":["Slimebound:AbsorbEndCombat","Frozen Egg 2","Bottled Lightning","downfall:HeartBlessingGreen","Sozu","downfall:HeartBlessingBlue","downfall:GremlinWheel","Regal Pillow","Tiny House","Lantern","downfall:HeartBlessingRed","Toxic Egg 2","StoneCalendar","Lee\u0027s Waffle","Mummified Hand"],"acts_visited":["Exordium","TheCity","TheBeyond","TheEnding"],"potions_floor_usage":[5,11,16,33,55],"damage_taken":[{"damage":7,"enemies":"2 Louse","floor":2,"turns":3},{"damage":3,"enemies":"Cultist","floor":3,"turns":4},{"damage":11,"enemies":"downfall:FleeingMerchant","floor":5,"turns":4},{"damage":6,"enemies":"Small Slimes","floor":6,"turns":4},{"damage":31,"enemies":"downfall:FleeingMerchant","floor":9,"turns":4},{"damage":16,"enemies":"Blue Slaver","floor":10,"turns":4},{"damage":44,"enemies":"Gremlin Nob","floor":11,"turns":4},{"damage":20,"enemies":"Gremlin Gang","floor":13,"turns":2},{"damage":20,"enemies":"Large Slime","floor":14,"turns":6},{"damage":20,"enemies":"2 Fungi Beasts","floor":15,"turns":3},{"damage":52,"enemies":"downfall:Watcher","floor":16,"turns":12},{"damage":28,"enemies":"Shell Parasite","floor":19,"turns":4},{"damage":52,"enemies":"Centurion and Healer","floor":20,"turns":7},{"damage":30,"enemies":"Snake Plant","floor":21,"turns":3},{"damage":49,"enemies":"Sentry and Sphere","floor":23,"turns":6},{"damage":36,"enemies":"Centurion and Healer","floor":26,"turns":5},{"damage":30,"enemies":"downfall:FleeingMerchant","floor":27,"turns":4},{"damage":16,"enemies":"downfall:FleeingMerchant","floor":29,"turns":2},{"damage":43,"enemies":"Cultist and Chosen","floor":30,"turns":6},{"damage":24,"enemies":"Slavers","floor":31,"turns":3},{"damage":36,"enemies":"Snecko","floor":32,"turns":5},{"damage":67,"enemies":"downfall:Silent","floor":33,"turns":5},{"damage":20,"enemies":"Orb Walker","floor":36,"turns":3},{"damage":56,"enemies":"3 Darklings","floor":37,"turns":5},{"damage":27,"enemies":"4 Shapes","floor":38,"turns":2},{"damage":40,"enemies":"Jaw Worm Horde","floor":39,"turns":3},{"damage":24,"enemies":"downfall:FleeingMerchant","floor":43,"turns":4},{"damage":40,"enemies":"Maw","floor":44,"turns":5},{"damage":31,"enemies":"4 Shapes","floor":45,"turns":2},{"damage":29,"enemies":"Mind Bloom Boss Battle","floor":46,"turns":4},{"damage":34,"enemies":"Jaw Worm Horde","floor":49,"turns":3},{"damage":83,"enemies":"downfall:Defect","floor":50,"turns":8},{"damage":49,"enemies":"downfall:CharBossMerchant","floor":52,"turns":6},{"damage":173,"enemies":"downfall:NeowBoss","floor":55,"turns":20}],"seed_played":"1959361646504966466","potions_obtained":[{"floor":2,"key":"hexamod:EctoCoolerPotion"},{"floor":6,"key":"PowerPotion"},{"floor":10,"key":"EssenceOfSteel"},{"floor":11,"key":"FearPotion"},{"floor":13,"key":"BlessingOfTheForge"},{"floor":16,"key":"AttackPotion"}],"is_trial":false,"path_per_floor":["R","M","M","?","$","M","T","R","$","M","E","R","M","M","M","B",null,"R","M","M","M","?","M","T","R","M","$","?","?","M","E","M","B",null,"R","M","M","M","M","?","T","R","$","M","M","?","$","$","M","B",null,"E","$","R","B",null],"character_chosen":"SLIMEBOUND","items_purchased":["Slimebound:Recollect","Toxic Egg 2","Slimebound:HungryTackle","expansioncontent:SuperHexaguard+1","Lee\u0027s Waffle"],"campfire_rested":1,"item_purchase_floors":[27,43,43,47,48],"current_hp_per_floor":[49,50,51,51,50,52,52,52,47,49,31,31,31,37,41,50,53,53,49,52,52,52,31,31,41,47,43,43,45,40,36,42,27,60,60,58,46,43,15,15,15,50,52,60,49,54,54,76,74,52,70,76,76,76,75],"gold":119,"neow_bonus":"ONE_RANDOM_RARE_CARD","is_daily":false,"chose_seed":false,"campfire_upgraded":6,"win_rate":0.0,"timestamp":1609709078,"path_taken":["R","M","M","?","?","M","T","R","$","M","E","R","M","M","M","BOSS","R","M","M","M","?","M","T","R","M","$","?","?","?","E","M","BOSS","R","M","M","?","M","?","T","R","$","M","M","?","?","$","M","BOSS","E","$","R","BOSS"],"items_purchased_type":["Card","Relic","Card","Card","Relic"],"build_version":"2020-12-22","purchased_purges":2,"victory":true,"max_hp_per_floor":[54,54,54,54,54,54,54,54,54,54,54,54,54,54,54,54,54,54,54,54,54,54,54,54,64,64,64,64,64,64,64,64,64,69,69,69,69,69,69,69,69,69,69,69,69,69,69,76,76,76,76,76,76,76,76],"card_choices":[{"not_picked":["Slimebound:Nibble","Slimebound:Gluttony"],"picked":"Slimebound:SlimeSpikes","floor":2},{"not_picked":["Slimebound:DivideAndConquer","Slimebound:PressTheAttack"],"picked":"Slimebound:Recollect","floor":3},{"not_picked":["Slimebound:FirmFortitude","Slimebound:MassFeed","Slimebound:ComboTackle"],"picked":"SKIP","floor":5},{"not_picked":["Slimebound:Schlurp","Slimebound:SamplingLick","Slimebound:PressTheAttack"],"picked":"SKIP","floor":6},{"not_picked":["Slimebound:WasteNot","Slimebound:ComboTackle","Slimebound:SlimeBrawl"],"picked":"SKIP","floor":9},{"not_picked":["Slimebound:Schlurp","Slimebound:GrowthPunch"],"picked":"Slimebound:SplitAcid","floor":10},{"not_picked":["Slimebound:SplitBruiser","Slimebound:AcidTongue+1","Slimebound:FormOfPuddle"],"picked":"SKIP","floor":11},{"not_picked":["Slimebound:ViciousTackle","Slimebound:ComboTackle"],"picked":"Slimebound:SlimeTap","floor":13},{"not_picked":["Slimebound:Replication","Slimebound:FormOfPuddle","Slimebound:RollThrough"],"picked":"SKIP","floor":14},{"not_picked":["Slimebound:PressTheAttack","Slimebound:LeechEnergy","Slimebound:MegaLick"],"picked":"SKIP","floor":15},{"not_picked":["Slimebound:Chomp","Slimebound:PressTheAttack"],"picked":"Slimebound:Recollect","floor":19},{"not_picked":["Slimebound:LivingWall","Slimebound:ServeAndProtect"],"picked":"Slimebound:SlimeBarrage","floor":20},{"not_picked":["Slimebound:FirmFortitude+1","Slimebound:SplitMire","Slimebound:LeechingTouch"],"picked":"SKIP","floor":21},{"not_picked":["Slimebound:SplitLeeching+1","Slimebound:SplitAcid"],"picked":"Slimebound:ProtectTheBoss+1","floor":23},{"not_picked":["Slimebound:LeechEnergy","Slimebound:FlameTackle","Slimebound:WasteNot"],"picked":"SKIP","floor":26},{"not_picked":["Slimebound:SpikyOuterGoop+1","Slimebound:TongueLash"],"picked":"Slimebound:SplitLeeching+1","floor":27},{"not_picked":["Slimebound:MegaLick","Slimebound:SplitBruiser+1","Slimebound:Schlurp"],"picked":"SKIP","floor":30},{"not_picked":["Slimebound:SplitSpecialist","Slimebound:Schlurp","Slimebound:SplitBruiser"],"picked":"SKIP","floor":31},{"not_picked":["Slimebound:SplitMire","Slimebound:SplitBruiser"],"picked":"Slimebound:Overexert+1","floor":32},{"not_picked":["Slimebound:BestDefense+1","Slimebound:LeechEnergy"],"picked":"Slimebound:SlimeSpikes","floor":34},{"not_picked":["Slimebound:Equalize","Slimebound:FinishingTackle+1","Slimebound:RollThrough"],"picked":"SKIP","floor":36},{"not_picked":["Slimebound:Gluttony+1","Slimebound:LeechingTouch","Slimebound:GrowthPunch"],"picked":"SKIP","floor":37},{"not_picked":["Slimebound:CheckThePlaybook","Slimebound:ServeAndProtect","Slimebound:GoopSpray"],"picked":"SKIP","floor":38},{"not_picked":["Slimebound:LeechEnergy","Slimebound:Schlurp"],"picked":"Slimebound:LeadByExample+1","floor":39},{"not_picked":["expansioncontent:YouAreMine","expansioncontent:ChargeUp"],"picked":"expansioncontent:DefensiveMode+1","floor":40},{"not_picked":["Slimebound:BestDefense+1","Slimebound:RollThrough+1","Slimebound:SamplingLick"],"picked":"SKIP","floor":43},{"not_picked":["Slimebound:AcidTongue+1","Slimebound:SplitMire+1","Slimebound:GoopSpray+1"],"picked":"SKIP","floor":44},{"not_picked":["Slimebound:ViciousTackle+1","Slimebound:BestDefense+1"],"picked":"Slimebound:Repurpose+1","floor":45},{"not_picked":["Slimebound:PressTheAttack+1","Slimebound:GoopSpray+1","Slimebound:ViciousTackle"],"picked":"SKIP","floor":49},{"not_picked":["Slimebound:RainOfGoop+1","Slimebound:ItLooksTasty","Slimebound:DisruptingSlam+1"],"picked":"SKIP","floor":52}],"player_experience":446925,"relics_obtained":[{"floor":7,"key":"Frozen Egg 2"},{"floor":11,"key":"Bottled Lightning"},{"floor":29,"key":"downfall:GremlinWheel"},{"floor":31,"key":"Regal Pillow"},{"floor":41,"key":"Lantern"},{"floor":46,"key":"StoneCalendar"},{"floor":52,"key":"Mummified Hand"}],"event_choices":[{"cards_removed":["Slimebound:Tackle"],"damage_healed":0,"gold_gain":0,"player_choice":"Offered Basic","damage_taken":0,"max_hp_gain":0,"max_hp_loss":0,"event_name":"Bonfire Elementals","floor":4,"gold_loss":0},{"damage_healed":0,"gold_gain":0,"player_choice":"Read","damage_taken":0,"max_hp_gain":0,"max_hp_loss":0,"event_name":"The Library","floor":28,"gold_loss":0,"cards_obtained":["Slimebound:LevelUp"]},{"cards_removed":["Slimebound:Strike_Slimebound"],"damage_healed":0,"gold_gain":0,"player_choice":"Card Removal","damage_taken":0,"max_hp_gain":0,"max_hp_loss":0,"event_name":"Wheel of Change","floor":35,"gold_loss":0}],"is_beta":false,"boss_relics":[{"not_picked":["Slimebound:TarBlob","SlaversCollar"],"picked":"Sozu"},{"not_picked":["Philosopher\u0027s Stone","Coffee Dripper"],"picked":"Tiny House"}],"items_purged_floors":[5,47],"is_endless":false,"potions_floor_spawned":[2,6,10,11,13,16,20,29,31,32,37,44,46,49],"ascension_level":15}}