{"host":"k5i92k7wtkthca8j","time":1609699440,"event":{"mods":["Act Like it!","BaseMod","Better-Laid Plans","Challenge The Spire","Googly Eyes","Hallownest","Lobotomy","Minty Spire (QoL Compilation)","Permanent Neow","Quick Restart","Relic Stats","Spicy Shops","StSLib","SuperFastMode","TestMod","The Bug Knight","óô»ðÖ¸ÄÏ"],"gold_per_floor":[119,119,119,138,156,156,188,188,188,201,201,201,201,213,213,213,213],"floor_reached":16,"playtime":680,"items_purged":[],"score":100,"play_id":"2387383b-6db8-4c92-aba2-dfab0e9454b8","local_time":"20210104024400","is_ascension_mode":false,"campfire_choices":[{"data":"HollowMod:CycloneSlash","floor":6,"key":"SMITH"},{"data":"HollowMod:BlackTendrils","floor":8,"key":"SMITH"},{"floor":15,"key":"REST"}],"circlet_count":0,"master_deck":["HollowMod:NailStrikeStart","HollowMod:NailStrikeStart","HollowMod:NailStrikeStart","HollowMod:NailStrikeStart","HollowMod:QuickDashStart","HollowMod:QuickDashStart+1","HollowMod:QuickDashStart","HollowMod:QuickDashStart+1","HollowMod:FocusHealStart","HollowMod:PogoStrike","HollowMod:CycloneSlash+1","HollowMod:LifebloodCocoon","HollowMod:BlackTendrils+1","HollowMod:CrystalDash","HollowMod:HuntersJournal","HollowMod:CloakDash"],"relics":["testmod-TestBox","testmod-Brilliant","Philosopher\u0027s Stone","testmod-Motorcycle","HornCleat"],"acts_visited":["Exordium"],"potions_floor_usage":[],"damage_taken":[{"damage":0,"enemies":"Small Slimes","floor":1,"turns":1},{"damage":1,"enemies":"Cultist","floor":4,"turns":3},{"damage":0,"enemies":"2 Louse","floor":5,"turns":1},{"damage":11,"enemies":"3 Sentries","floor":7,"turns":3},{"damage":13,"enemies":"Red Slaver","floor":10,"turns":3},{"damage":0,"enemies":"Blue Slaver","floor":14,"turns":3},{"damage":78,"enemies":"The Guardian","floor":16,"turns":21}],"seed_played":"1905579427224330122","potions_obtained":[{"floor":4,"key":"SteroidPotion"},{"floor":10,"key":"Block Potion"}],"is_trial":false,"path_per_floor":["M","?","?","M","M","R","E","R","T","M","?","$","?","M","R","B"],"character_chosen":"THE_BUGKNIGHT","items_purchased":[],"campfire_rested":1,"item_purchase_floors":[],"current_hp_per_floor":[75,80,80,79,79,79,70,70,70,60,44,44,44,46,70,0,0],"gold":213,"neow_bonus":"BOSS_RELIC","is_daily":false,"chose_seed":false,"campfire_upgraded":2,"win_rate":0.0,"timestamp":1609699440,"path_taken":["M","?","?","?","M","R","E","R","T","M","?","$","?","?","R","BOSS"],"items_purchased_type":[],"build_version":"2020-12-22","purchased_purges":0,"victory":false,"max_hp_per_floor":[75,80,80,80,80,80,80,80,80,80,80,80,80,80,80,80,80],"relic_stats":{"counters":[7,35],"obtain_stats":[{"testmod-Brilliant":0,"testmod-TestBox":0,"HornCleat":9,"testmod-Motorcycle":7,"HollowMod:VesselMask":0,"Philosopher\u0027s Stone":0},{"testmod-Brilliant":0,"testmod-TestBox":0,"HornCleat":4,"testmod-Motorcycle":4,"HollowMod:VesselMask":0,"Philosopher\u0027s Stone":0},{"testmod-Brilliant":0,"testmod-TestBox":0,"HornCleat":8,"testmod-Motorcycle":8,"HollowMod:VesselMask":0,"Philosopher\u0027s Stone":0}]},"card_choices":[{"not_picked":["HollowMod:InfectedCysts","HollowMod:SiblingsSouls"],"picked":"HollowMod:CycloneSlash","floor":1},{"not_picked":["HollowMod:DescendingDark","HollowMod:WraithStrike"],"picked":"HollowMod:BlackTendrils","floor":4},{"not_picked":["HollowMod:SharpenedNail","HollowMod:ShapeofUnn"],"picked":"HollowMod:CrystalDash","floor":5},{"not_picked":["HollowMod:CornifersMapStart","HollowMod:InfectedCysts"],"picked":"HollowMod:HuntersJournal","floor":7},{"not_picked":["HollowMod:SharpenedNail","HollowMod:HowlingWraiths"],"picked":"HollowMod:HeavyBlow","floor":10},{"not_picked":["HollowMod:HeavyBlow","HollowMod:ChannelNail"],"picked":"HollowMod:CloakDash","floor":14}],"player_experience":0,"relics_obtained":[{"floor":7,"key":"testmod-Motorcycle"},{"floor":9,"key":"HornCleat"}],"event_choices":[{"damage_healed":0,"gold_gain":0,"player_choice":"Donut","damage_taken":0,"max_hp_gain":5,"max_hp_loss":0,"event_name":"Big Fish","floor":2,"gold_loss":0},{"damage_healed":0,"gold_gain":0,"player_choice":"1 cards matched","damage_taken":0,"max_hp_gain":0,"max_hp_loss":0,"event_name":"Match and Keep!","floor":3,"gold_loss":0,"cards_obtained":["HollowMod:LifebloodCocoon"]},{"damage_healed":0,"gold_gain":0,"player_choice":"Entered Light","damage_taken":16,"max_hp_gain":0,"max_hp_loss":0,"event_name":"Shining Light","floor":11,"gold_loss":0,"cards_upgraded":["HollowMod:QuickDashStart","HollowMod:QuickDashStart"]},{"cards_removed":["HollowMod:HeavyBlow"],"damage_healed":0,"gold_gain":0,"player_choice":"Card Removal","damage_taken":0,"max_hp_gain":0,"max_hp_loss":0,"event_name":"Wheel of Change","floor":13,"gold_loss":0}],"is_beta":false,"boss_relics":[],"items_purged_floors":[],"is_endless":false,"potions_floor_spawned":[4,10],"killed_by":"The Guardian","ascension_level":0}}