{"host":"p4yrwepmrl4g8pul","time":1609649759,"event":{"mods":["Act Like it!","BaseMod","BetterRewards","Colored Map","Custom Start","Gensokyo","Marisa£®ÏF”Í°°ƒß¿Ì…≥£©","Minty Spire (QoL Compilation)","Quick Restart","Rare Cards Sparkle","Reimu£®≤©¿ˆ¡È√Œ£©","Remilia£®¿Ÿ√◊¿Ú—«£©","Shop Mod","StSLib","The Jungle"],"gold_per_floor":[118,130,142,166,191,232,244,290,302,341,353,395,407,419,431,539,551,577,604,616,628,408,443,461,492,492,522,522,560,272,299,299,396,446,463,463,474,259,272,272,291,618,618,169,169,180,215,230,230,230],"floor_reached":51,"playtime":1396,"items_purged":["Warcry","Cleave","Armaments+1","Parasite"],"score":1968,"play_id":"b231de2a-a38a-4984-b594-1223e9cd1ab9","local_time":"20210103125559","daily_mods":["SealedDeck","Vintage","Elite Swarm"],"is_ascension_mode":true,"campfire_choices":[{"data":"Bloodletting","floor":11.0,"key":"SMITH"},{"data":"Pommel Strike","floor":15.0,"key":"SMITH"},{"data":"Entrench","floor":28.0,"key":"SMITH"},{"data":"Armaments","floor":32.0,"key":"SMITH"},{"data":"Apotheosis","floor":40,"key":"SMITH"},{"data":"Offering","floor":45,"key":"SMITH"},{"data":"Shrug It Off","floor":49,"key":"SMITH"}],"circlet_count":0,"master_deck":["Pommel Strike+1","Bloodletting+1","Iron Wave+1","Body Slam+1","Seeing Red","Entrench+1","Shrug It Off+1","Barricade","Offering+1","Impervious","Apotheosis+1","Seeing Red"],"relics":["Burning Blood","MawBank","PureWhite:ReiMu","Akabeko","Mummified Hand","Self Forming Clay","Torii","CrazyTorch:ReiMu","Matryoshka","Regal Pillow","Whetstone","Eternal Feather","Black Star","CeramicFish","Blood Vial","Gremlin Horn","PreservedInsect","Letter Opener","Nunchaku","Molten Egg 2","TungstenRod","Lantern","Shuriken","Pantograph","Toy Ornithopter","Mercury Hourglass","Strawberry","FossilizedHelix","Vajra","Bottled Flame","Mastiff:ReiMu","Tiny House","Ginger","Smiling Mask","Happy Flower","Blue Candle","Old Coin","Bottled Lightning","Frozen Egg 2","DollysMirror","HornCleat","Kunai","Champion Belt","Orichalcum","Ancient Tea Set"],"acts_visited":["Exordium","TheCity","TheBeyond"],"potions_floor_usage":[50],"damage_taken":[{"damage":3.0,"enemies":"Cultist","floor":1.0,"turns":2.0},{"damage":1.0,"enemies":"2 Louse","floor":4.0,"turns":2.0},{"damage":0.0,"enemies":"Jaw Worm","floor":5.0,"turns":2.0},{"damage":6.0,"enemies":"Gremlin Nob","floor":6.0,"turns":3.0},{"damage":10.0,"enemies":"Lagavulin","floor":8.0,"turns":4.0},{"damage":6.0,"enemies":"Gremlin Nob","floor":10.0,"turns":4.0},{"damage":9.0,"enemies":"3 Sentries","floor":12.0,"turns":4.0},{"damage":9.0,"enemies":"Hexaghost","floor":16.0,"turns":4.0},{"damage":6.0,"enemies":"3 Byrds","floor":18.0,"turns":3.0},{"damage":9.0,"enemies":"2 Thieves","floor":19.0,"turns":2.0},{"damage":9.0,"enemies":"Book of Stabbing","floor":23.0,"turns":2.0},{"damage":11.0,"enemies":"Centurion and Healer","floor":24.0,"turns":3.0},{"damage":6.0,"enemies":"Slavers","floor":25.0,"turns":1.0},{"damage":5.0,"enemies":"Book of Stabbing","floor":27.0,"turns":2.0},{"damage":5.0,"enemies":"Gremlin Leader","floor":29.0,"turns":1.0},{"damage":0.0,"enemies":"Slavers","floor":31.0,"turns":2.0},{"damage":0.0,"enemies":"Champ","floor":33.0,"turns":2.0},{"damage":0.0,"enemies":"3 Shapes","floor":35.0,"turns":2.0},{"damage":0.0,"enemies":"Orb Walker","floor":37.0,"turns":2.0},{"damage":0,"enemies":"4 Shapes","floor":39,"turns":2},{"damage":2,"enemies":"Writhing Mass","floor":41,"turns":2},{"damage":2,"enemies":"Reptomancer","floor":42,"turns":1},{"damage":0,"enemies":"3 Darklings","floor":46,"turns":2},{"damage":0,"enemies":"Giant Head","floor":47,"turns":2},{"damage":0,"enemies":"Transient","floor":48,"turns":2},{"damage":2,"enemies":"Awakened One","floor":50,"turns":2}],"seed_played":"-6342082283386249440","potions_obtained":[{"floor":1.0,"key":"Regen Potion"},{"floor":2.0,"key":"FairyPotion"},{"floor":2.0,"key":"AttackPotion"},{"floor":5.0,"key":"Strength Potion"},{"floor":6.0,"key":"GrandPatriotsElixir:ReiMu"},{"floor":10.0,"key":"ZuzhouPotion:ReiMu"},{"floor":18.0,"key":"Block Potion"},{"floor":25.0,"key":"Swift Potion"},{"floor":33.0,"key":"FairyPotion"},{"floor":37.0,"key":"ZuzhouPotion:ReiMu"},{"floor":42,"key":"FearPotion"}],"is_trial":true,"path_per_floor":["M","?","$","M","M","E","?","E","T","E","R","E","T","?","R","B",null,"M","M","?","?","$","E","M","E","T","E","R","E","$","E","R","B",null,"M","?","M","$","M","R","M","E","T","$","R","M","E","M","R","B",null],"character_chosen":"IRONCLAD","items_purchased":["PreservedInsect","Armaments","Vajra","Apotheosis","DollysMirror","HornCleat"],"campfire_rested":0,"item_purchase_floors":[22,30,30,38,44,44],"current_hp_per_floor":[75,75,75,80,80,80,68,64,64,64,64,61,61,66,72,69,81,81,78,62,62,62,61,58,60,60,63,69,79,79,87,93,97,102,102,102,102,102,102,102,102,102,102,99,99,99,99,99,99,99],"gold":230,"neow_bonus":"","is_daily":false,"chose_seed":false,"campfire_upgraded":7,"win_rate":0.0,"timestamp":1609649759,"path_taken":["M","?","$","M","?","E","?","E","T","E","R","E","?","?","R","BOSS","M","M","?","?","?","E","?","E","T","E","R","E","$","E","R","BOSS","M","?","M","$","M","R","M","E","T","$","R","M","E","M","R","BOSS"],"items_purchased_type":["Relic","Card","Relic","Card","Relic","Relic"],"build_version":"2020-12-22","purchased_purges":4,"victory":true,"max_hp_per_floor":[80,80,80,80,80,80,80,80,80,80,80,80,80,85,85,85,85,85,85,90,90,90,90,90,90,90,90,90,97,97,97,97,97,102,102,102,102,102,102,102,102,102,102,99,99,99,99,99,99,99],"card_choices":[{"not_picked":["Double Tap","Juggernaut"],"picked":"Barricade","floor":6.0},{"not_picked":["Feed","Limit Break","Brutality"],"picked":"SKIP","floor":8.0},{"not_picked":["Fiend Fire","Limit Break"],"picked":"Offering","floor":10.0},{"not_picked":["Double Tap","Reaper","Bludgeon"],"picked":"SKIP","floor":12.0},{"not_picked":["Reaper","Limit Break","Barricade"],"picked":"SKIP","floor":23.0},{"not_picked":["Corruption","Feed+1","Barricade"],"picked":"SKIP","floor":25.0},{"not_picked":["Offering","Corruption","Feed+1"],"picked":"SKIP","floor":27.0},{"not_picked":["Immolate+1","Brutality"],"picked":"Impervious","floor":29.0},{"not_picked":["Brutality","Corruption","Berserk"],"picked":"SKIP","floor":31.0},{"not_picked":["Corruption","Juggernaut","Brutality"],"picked":"SKIP","floor":42},{"not_picked":["Corruption+1","Impervious","Demon Form+1"],"picked":"SKIP","floor":47}],"player_experience":771790,"relics_obtained":[{"floor":1.0,"key":"MawBank"},{"floor":4.0,"key":"PureWhite:ReiMu"},{"floor":5.0,"key":"Akabeko"},{"floor":6.0,"key":"Mummified Hand"},{"floor":8.0,"key":"Torii"},{"floor":9.0,"key":"CrazyTorch:ReiMu"},{"floor":10.0,"key":"Matryoshka"},{"floor":12.0,"key":"Regal Pillow"},{"floor":13.0,"key":"Whetstone"},{"floor":13.0,"key":"Eternal Feather"},{"floor":18.0,"key":"CeramicFish"},{"floor":19.0,"key":"Blood Vial"},{"floor":23.0,"key":"Letter Opener"},{"floor":23.0,"key":"Nunchaku"},{"floor":24.0,"key":"Molten Egg 2"},{"floor":25.0,"key":"TungstenRod"},{"floor":25.0,"key":"Lantern"},{"floor":26.0,"key":"Shuriken"},{"floor":26.0,"key":"Pantograph"},{"floor":27.0,"key":"Toy Ornithopter"},{"floor":27.0,"key":"Mercury Hourglass"},{"floor":29.0,"key":"Strawberry"},{"floor":29.0,"key":"FossilizedHelix"},{"floor":31.0,"key":"Bottled Flame"},{"floor":31.0,"key":"Mastiff:ReiMu"},{"floor":35.0,"key":"Ginger"},{"floor":37.0,"key":"Smiling Mask"},{"floor":39,"key":"Happy Flower"},{"floor":41,"key":"Blue Candle"},{"floor":42,"key":"Old Coin"},{"floor":42,"key":"Bottled Lightning"},{"floor":43,"key":"Frozen Egg 2"},{"floor":46,"key":"Kunai"},{"floor":47,"key":"Champion Belt"},{"floor":47,"key":"Orichalcum"},{"floor":48,"key":"Ancient Tea Set"}],"event_choices":[{"damage_healed":0.0,"max_hp_gain":0.0,"max_hp_loss":0.0,"gold_gain":0.0,"event_name":"Lab","player_choice":"Got Potions","floor":2.0,"gold_loss":0.0,"damage_taken":0.0},{"damage_healed":0.0,"max_hp_gain":0.0,"max_hp_loss":0.0,"gold_gain":0.0,"event_name":"Scrap Ooze","player_choice":"Success","floor":7.0,"gold_loss":0.0,"damage_taken":12.0,"relics_obtained":["Self Forming Clay"]},{"damage_healed":0.0,"max_hp_gain":5.0,"max_hp_loss":0.0,"gold_gain":0.0,"event_name":"Big Fish","player_choice":"Donut","floor":14.0,"gold_loss":0.0,"damage_taken":0.0},{"damage_healed":0.0,"max_hp_gain":5.0,"max_hp_loss":0.0,"gold_gain":0.0,"event_name":"Forgotten Altar","player_choice":"Shed Blood","floor":20.0,"gold_loss":0.0,"damage_taken":21.0},{"damage_healed":0.0,"max_hp_gain":0.0,"max_hp_loss":0.0,"gold_gain":0.0,"event_name":"The Mausoleum","player_choice":"Opened","floor":21.0,"gold_loss":0.0,"damage_taken":0.0,"relics_obtained":["Gremlin Horn"]},{"cards_removed":["Seeing Red"],"damage_healed":0.0,"max_hp_gain":0.0,"max_hp_loss":0.0,"gold_gain":0.0,"event_name":"Falling","player_choice":"Removed Skill","floor":36.0,"gold_loss":0.0,"damage_taken":0.0}],"is_beta":false,"boss_relics":[{"not_picked":["Mark of Pain","Coffee Dripper"],"picked":"Black Star"},{"not_picked":["Cursed Key","SacredBark"],"picked":"Tiny House"}],"items_purged_floors":[22,30,38,44],"is_endless":false,"potions_floor_spawned":[1,5,6,10,18,25,27,33,37,39,42],"ascension_level":9}}