{"host":"ba8edsagfc7m13s2","time":1609702947,"event":{"mods":["BaseMod","Colored Map","Downfall","GifTheSpireLib","Hubris","Infinite Spire","Jedi Mod","Minty Spire (QoL Compilation)","Permanent Neow","READ ME - Guardian Mod","Shop Mod","StSLib","The Factory","The Jungle","The Saiyan"],"gold_per_floor":[97,108,58,69,85,85,103,116,116,128,145,100,100,111,111,209,209,209],"floor_reached":17,"playtime":3000,"items_purged":[],"score":178,"play_id":"8dad5ac8-730e-4fb5-a888-ea7f2bf6ea0b","local_time":"20210103204227","is_ascension_mode":false,"campfire_choices":[{"data":"Saiyan:PowerStance","floor":6.0,"key":"SMITH"},{"floor":15.0,"key":"REST"}],"circlet_count":0,"master_deck":["hubris:Fate+1","Saiyan:SAIYA_Strike","Saiyan:SAIYA_Strike","Saiyan:SAIYA_Strike","Saiyan:SAIYA_Defend","Saiyan:SAIYA_Defend","Saiyan:SAIYA_Defend","Saiyan:EnergyBlast","Saiyan:KaioKen","Saiyan:RuthlessBlow","Saiyan:PowerStance+1","Saiyan:ExpandingShockwave","Saiyan:Endure","Saiyan:TurtleShell","Saiyan:DragonRadar","Saiyan:Scouter","Saiyan:SaiyanHubris","Saiyan:BurningSoul","Saiyan:BigBangAttack+1","Saiyan:Flurry+1","Saiyan:Kienzan+1","Saiyan:MajinSeal","Saiyan:MindBoom"],"relics":["SaiyanSoul","SaiyanHeart","Molten Egg 2","SacredBark"],"acts_visited":["Exordium","TheCity"],"potions_floor_usage":[],"damage_taken":[{"damage":6.0,"enemies":"2 Louse","floor":1.0,"turns":3.0},{"damage":0.0,"enemies":"Small Slimes","floor":2.0,"turns":2.0},{"damage":0.0,"enemies":"Cultist","floor":4.0,"turns":4.0},{"damage":1.0,"enemies":"Blue Slaver","floor":5.0,"turns":4.0},{"damage":2.0,"enemies":"Exordium Wildlife","floor":7.0,"turns":5.0},{"damage":7.0,"enemies":"Red Slaver","floor":8.0,"turns":2.0},{"damage":6.0,"enemies":"2 Fungi Beasts","floor":10.0,"turns":3.0},{"damage":14.0,"enemies":"Gremlin Gang","floor":11.0,"turns":4.0},{"damage":13.0,"enemies":"3 Louse","floor":14.0,"turns":3.0},{"damage":25.0,"enemies":"Hexaghost","floor":16.0,"turns":11.0}],"seed_played":"2022586113273643564","potions_obtained":[{"floor":1.0,"key":"Fire Potion"},{"floor":2.0,"key":"Explosive Potion"},{"floor":8.0,"key":"Swift Potion"},{"floor":11.0,"key":"Explosive Potion"}],"is_trial":false,"path_per_floor":["M","M","?","M","M","R","M","M","T","M","M","$","?","M","R","B",null],"character_chosen":"SAIYAJIN","items_purchased":["Saiyan:Flurry+1"],"campfire_rested":1,"item_purchase_floors":[12],"current_hp_per_floor":[55,57,57,58,59,59,60,54,54,49,36,36,36,23,44,19,72,72],"gold":209,"neow_bonus":"THREE_CARDS","is_daily":false,"chose_seed":false,"campfire_upgraded":1,"win_rate":0.0,"timestamp":1609702947,"path_taken":["M","M","?","M","M","R","M","M","T","M","M","$","?","M","R","BOSS"],"items_purchased_type":["Card"],"build_version":"2020-12-22","purchased_purges":0,"victory":false,"max_hp_per_floor":[61,63,63,64,66,66,69,70,70,71,72,72,72,72,72,72,72,72],"card_choices":[{"not_picked":["Saiyan:FinalFlash","Saiyan:KameHameHa"],"picked":"Saiyan:PowerStance","floor":0.0},{"not_picked":["Saiyan:ThirstForFight","Saiyan:PowerStance"],"picked":"Saiyan:ExpandingShockwave","floor":1.0},{"not_picked":["Saiyan:AugmentedBlast","Saiyan:Reset"],"picked":"Saiyan:Endure","floor":2.0},{"not_picked":["Saiyan:RemoveWeights","Saiyan:PowerPole"],"picked":"Saiyan:TurtleShell","floor":4.0},{"not_picked":["Saiyan:UltraInstinct","Saiyan:RemoveWeights"],"picked":"Saiyan:DragonRadar","floor":5.0},{"not_picked":["Saiyan:BackAttack","Saiyan:PowerPole"],"picked":"Saiyan:Scouter","floor":7.0},{"not_picked":["Saiyan:PlotArmor","Saiyan:TheBomb"],"picked":"Saiyan:SaiyanHubris","floor":8.0},{"not_picked":["Saiyan:RemoveWeights","Saiyan:PressOn"],"picked":"Saiyan:BurningSoul","floor":10.0},{"not_picked":["Saiyan:Expend","Saiyan:Planning"],"picked":"Saiyan:BigBangAttack+1","floor":11.0},{"not_picked":["Saiyan:Flurry+1","Saiyan:RemoveWeights"],"picked":"Saiyan:MajinSeal","floor":14.0},{"not_picked":["Saiyan:HyperTimeChamber","Saiyan:Rekindle"],"picked":"Saiyan:MindBoom","floor":16.0}],"player_experience":3194498,"relics_obtained":[{"floor":9.0,"key":"Molten Egg 2"}],"event_choices":[{"cards_removed":["Saiyan:SAIYA_Strike"],"damage_healed":0.0,"max_hp_gain":0.0,"max_hp_loss":0.0,"gold_gain":0.0,"event_name":"The Cleric","player_choice":"Card Removal","floor":3.0,"gold_loss":50.0,"damage_taken":0.0},{"damage_healed":0.0,"max_hp_gain":0.0,"max_hp_loss":0.0,"gold_gain":0.0,"cards_transformed":["Saiyan:SAIYA_Defend"],"event_name":"Transmorgrifier","player_choice":"Transformed","floor":13.0,"gold_loss":0.0,"damage_taken":0.0,"cards_obtained":["Saiyan:Kienzan"]}],"is_beta":false,"boss_relics":[{"not_picked":["hubris:BlackHole","Coffee Dripper"],"picked":"SacredBark"}],"items_purged_floors":[],"is_endless":false,"potions_floor_spawned":[1,2,8,11,16],"ascension_level":0}}