{"host":"ljavmhyz2e552xgo","time":1609669259,"event":{"mods":["BaseMod","Better Third Choice","Downfall","Friendly Minions","GungeonMod","Minty Spire (QoL Compilation)","Permanent Neow","Spicy Shops","StSLib"],"gold_per_floor":[99,115,265,276,290,290,290,304,304,404,424,444,460,490,507,507,507,507],"floor_reached":16,"playtime":5438,"items_purged":[],"score":131,"play_id":"529194e0-9b3c-41ea-96ff-bb26fab09262","local_time":"20210103042059","is_ascension_mode":false,"campfire_choices":[{"data":"Guardian:CurlUp","floor":1,"key":"SMITH"},{"data":"Guardian:ArmoredProtocol","floor":9,"key":"SMITH"}],"circlet_count":0,"master_deck":["Guardian:Strike_Guardian","Guardian:Strike_Guardian","Guardian:Strike_Guardian","Guardian:Strike_Guardian","Guardian:Defend_Guardian","Guardian:Defend_Guardian","Guardian:Defend_Guardian","Guardian:Defend_Guardian","Guardian:CurlUp+1","Guardian:TwinSlam+1","Guardian:Recover","Guardian:ArmoredProtocol+1","Guardian:DecasProtection","Guardian:RevengeProtocol","Guardian:TimeBomb","Guardian:WalkerClaw","Doubt","Guardian:Gem_Red","expansioncontent:DefensiveStance","Guardian:SpikerProtocol","Guardian:Gem_White","Guardian:Preprogram","Guardian:DonusPower","Guardian:Harden"],"relics":["Guardian:ModeShifter","The Courier","downfall:GremlinSack","DemoMod:MemoryAlloy","DemoMod:GlassGuonStoneRelic"],"acts_visited":["Exordium"],"potions_floor_usage":[14,14,15,16],"damage_taken":[{"damage":1,"enemies":"Jaw Worm","floor":2,"turns":4},{"damage":4,"enemies":"Small Slimes","floor":4,"turns":5},{"damage":1,"enemies":"Cultist","floor":5,"turns":4},{"damage":6,"enemies":"Large Slime","floor":8,"turns":8},{"damage":30,"enemies":"Large Slime","floor":10,"turns":7},{"damage":14,"enemies":"Exordium Thugs","floor":11,"turns":6},{"damage":5,"enemies":"Red Slaver","floor":12,"turns":5},{"damage":11,"enemies":"Exordium Wildlife","floor":13,"turns":7},{"damage":0,"enemies":"Lagavulin","floor":14,"turns":9},{"damage":2,"enemies":"3 Louse","floor":15,"turns":3},{"damage":9,"enemies":"downfall:Watcher","floor":16,"turns":8}],"seed_played":"92269670738248305","potions_obtained":[{"floor":2,"key":"Guardian:BlockOnCardUsePotion"},{"floor":5,"key":"GamblersBrew"},{"floor":13,"key":"Fire Potion"},{"floor":14,"key":"Energy Potion"},{"floor":15,"key":"AttackPotion"}],"is_trial":false,"path_per_floor":["R","M","?","M","M","?","T","M","R","?","M","M","M","E","M","B"],"character_chosen":"GUARDIAN","items_purchased":[],"campfire_rested":0,"item_purchase_floors":[],"current_hp_per_floor":[80,79,79,75,74,74,74,68,68,38,24,19,8,8,6,0,0,0],"gold":507,"neow_bonus":"UPGRADE_CARD","is_daily":false,"chose_seed":false,"campfire_upgraded":2,"win_rate":0.0,"timestamp":1609669259,"path_taken":["R","M","?","M","M","?","T","M","R","?","M","M","M","E","M","BOSS"],"items_purchased_type":[],"build_version":"2020-12-22","purchased_purges":0,"victory":false,"max_hp_per_floor":[80,80,80,80,80,80,80,80,80,80,80,80,80,80,80,80,80,80],"card_choices":[{"not_picked":["Guardian:VentSteam","Guardian:TimeCapacitor"],"picked":"Guardian:Recover","floor":2},{"not_picked":["Guardian:Suspension","Guardian:Gem_Red"],"picked":"Guardian:ArmoredProtocol","floor":4},{"not_picked":["Guardian:Incinerate","Guardian:HyperBeam_Guardian"],"picked":"Guardian:Gem_White","floor":5},{"not_picked":["Guardian:VentSteam","Guardian:Incinerate"],"picked":"Guardian:DecasProtection","floor":8},{"not_picked":["Guardian:Gem_Lightblue","Guardian:BronzeArmor"],"picked":"Guardian:SpikerProtocol","floor":11},{"not_picked":["Guardian:Planning","Guardian:FierceBash"],"picked":"Guardian:Gem_White","floor":12},{"not_picked":["Guardian:PrismaticBarrier","Guardian:PrimingBeam"],"picked":"Guardian:Preprogram","floor":13},{"not_picked":["Guardian:Gem_Fragmented","Guardian:BronzeArmor"],"picked":"Guardian:DonusPower","floor":14},{"not_picked":["Guardian:DonusPower","Guardian:BronzeOrb"],"picked":"Guardian:Harden","floor":15}],"player_experience":1456733,"relics_obtained":[{"floor":7,"key":"The Courier"},{"floor":10,"key":"downfall:GremlinSack"},{"floor":14,"key":"DemoMod:MemoryAlloy"}],"event_choices":[{"cards_removed":["Slimebound:Icky"],"damage_healed":0,"gold_gain":0,"player_choice":"Card Removal","damage_taken":0,"max_hp_gain":0,"max_hp_loss":0,"event_name":"The Cleric","floor":6,"gold_loss":0}],"is_beta":false,"boss_relics":[],"items_purged_floors":[],"is_endless":false,"potions_floor_spawned":[2,5,13,14,15],"killed_by":"downfall:Watcher","ascension_level":0}}