{"host":"8i4doyxqctgl5qb0","time":1609637763,"event":{"mods":["AchievementEnabler","BaseMod","Block Reminder","Colored Powertips","Downfall","Marisa£®ÏF”Í°°ƒß¿Ì…≥£©","Minty Spire (QoL Compilation)","Permanent Neow","Potion Indicator Mod","Rare Cards Sparkle","StSLib","SuperFastMode"],"gold_per_floor":[117,11,25,100,100,131,131,147,147,147,147,147,157,191,191,296,296,307,8,27,47,47,47,66,97,97,108,108,108,119,133,133,236,236,253,268,268,268,6,6,33,33,33,33,68,79,79,79],"floor_reached":47,"playtime":1907,"items_purged":[],"score":584,"play_id":"51fc6b43-a1f6-4654-992d-a2cb9a54fff7","local_time":"20210103093603","is_ascension_mode":true,"campfire_choices":[{"data":"expansioncontent:CaCaw","floor":7.0,"key":"SMITH"},{"data":"Zap","floor":10.0,"key":"SMITH"},{"floor":12.0,"key":"REST"},{"data":"Go for the Eyes","floor":15.0,"key":"SMITH"},{"floor":23.0,"key":"REST"},{"floor":29.0,"key":"REST"},{"floor":32.0,"key":"REST"},{"floor":40.0,"key":"REST"},{"data":"Echo Form","floor":42.0,"key":"SMITH"}],"circlet_count":0,"master_deck":["Strike_B","Strike_B","Strike_B+1","Defend_B","Defend_B","Defend_B","Zap+1","Dualcast","Auto Shields","expansioncontent:CaCaw+1","Ball Lightning+1","Go for the Eyes+1","Redo","Cold Snap","Ball Lightning","Consume+1","Machine Learning","Conserve Battery+1","expansioncontent:StudyTheSpire","Hello World","Melter","Coolheaded+1","Heatsinks+1","Electrodynamics","Coolheaded+1","White Noise+1","Reinforced Body+1","Conserve Battery+1","Echo Form+1","Loop+1","Aggregate+1","Conserve Battery+1","Redo+1","expansioncontent:Corrupt+1","Coolheaded+1","Sweeping Beam"],"relics":["Cracked Core","NeowsBlessing","Peace Pipe","PreservedInsect","Toxic Egg 2","WarpedTongs","Toy Ornithopter","Empty Cage","Membership Card","Bag of Preparation","White Beast Statue","Calipers","SlaversCollar","Eternal Feather","Whetstone","Shovel","Frozen Egg 2"],"acts_visited":["Exordium","TheCity","TheBeyond"],"potions_floor_usage":[46],"damage_taken":[{"damage":0.0,"enemies":"2 Louse","floor":1.0,"turns":1.0},{"damage":0.0,"enemies":"Small Slimes","floor":3.0,"turns":1.0},{"damage":0.0,"enemies":"3 Sentries","floor":6.0,"turns":1.0},{"damage":1.0,"enemies":"Cultist","floor":8.0,"turns":3.0},{"damage":7.0,"enemies":"Exordium Thugs","floor":13.0,"turns":4.0},{"damage":10.0,"enemies":"Lagavulin","floor":14.0,"turns":4.0},{"damage":46.0,"enemies":"Slime Boss","floor":16.0,"turns":12.0},{"damage":10.0,"enemies":"Spheric Guardian","floor":18.0,"turns":4.0},{"damage":13.0,"enemies":"Chosen","floor":20.0,"turns":5.0},{"damage":22.0,"enemies":"Sentry and Sphere","floor":21.0,"turns":7.0},{"damage":11.0,"enemies":"Snecko","floor":24.0,"turns":5.0},{"damage":35.0,"enemies":"Book of Stabbing","floor":25.0,"turns":5.0},{"damage":8.0,"enemies":"Snake Plant","floor":27.0,"turns":5.0},{"damage":19.0,"enemies":"Centurion and Healer","floor":30.0,"turns":5.0},{"damage":1.0,"enemies":"Snecko","floor":31.0,"turns":7.0},{"damage":22.0,"enemies":"Champ","floor":33.0,"turns":14.0},{"damage":37.0,"enemies":"3 Darklings","floor":35.0,"turns":6.0},{"damage":34.0,"enemies":"3 Shapes","floor":36.0,"turns":3.0},{"damage":25.0,"enemies":"Giant Head","floor":45.0,"turns":10.0},{"damage":19,"enemies":"Jaw Worm Horde","floor":46,"turns":6},{"damage":73,"enemies":"Sphere and 2 Shapes","floor":47,"turns":3}],"seed_played":"1031784492138924092","potions_obtained":[{"floor":1.0,"key":"LiquidBronze"},{"floor":14.0,"key":"Fruit Juice"},{"floor":18.0,"key":"Block Potion"},{"floor":24.0,"key":"EssenceOfDarkness"},{"floor":27.0,"key":"SteroidPotion"},{"floor":30.0,"key":"PotionOfCapacity"},{"floor":31.0,"key":"ColorlessPotion"},{"floor":33.0,"key":"AttackPotion"},{"floor":35.0,"key":"champ:CounterPotion"},{"floor":36.0,"key":"CultistPotion"},{"floor":46,"key":"champ:CounterPotion"}],"is_trial":false,"path_per_floor":["M","$","M","?","?","E","R","M","T","R","?","R","M","E","R","B",null,"M","$","M","M","?","R","M","E","T","M","?","R","M","M","R","B",null,"M","M","?","?","$","R","T","R","T","?","E","M","M"],"character_chosen":"DEFECT","items_purchased":["expansioncontent:CaCaw","Ball Lightning","Membership Card","expansioncontent:StudyTheSpire","Hello World","Melter","Eternal Feather","Conserve Battery+1","Redo+1","expansioncontent:Corrupt+1"],"campfire_rested":5,"item_purchase_floors":[2,2,19,19,19,19,39,39,39,39],"current_hp_per_floor":[75,75,75,64,52,52,52,51,51,51,51,73,66,56,56,20,80,70,70,62,40,40,64,53,18,18,10,10,34,15,14,38,21,80,43,14,14,14,14,59,59,80,80,80,55,41,0,0],"gold":79,"neow_bonus":"THREE_ENEMY_KILL","is_daily":false,"chose_seed":false,"campfire_upgraded":4,"win_rate":0.0,"timestamp":1609637763,"path_taken":["M","$","M","?","?","E","R","M","T","R","?","R","M","E","R","BOSS","M","$","M","?","?","R","M","E","T","?","?","R","M","M","R","BOSS","M","M","?","?","$","R","?","R","T","?","E","?","M"],"items_purchased_type":["Card","Card","Relic","Card","Card","Card","Relic","Card","Card","Card"],"build_version":"2020-12-22","purchased_purges":0,"victory":false,"max_hp_per_floor":[75,75,75,75,75,75,75,75,75,75,75,75,75,75,75,80,80,80,80,80,80,80,80,80,80,80,80,80,80,80,80,80,80,80,80,80,80,80,80,80,80,80,80,80,80,80,80,80],"card_choices":[{"not_picked":["Force Field","Go for the Eyes"],"picked":"Auto Shields","floor":1.0},{"not_picked":["Beam Cell","Streamline"],"picked":"Go for the Eyes","floor":3.0},{"not_picked":["Blizzard","Rebound"],"picked":"Redo","floor":6.0},{"not_picked":["Go for the Eyes","Gash"],"picked":"Cold Snap","floor":8.0},{"not_picked":["Steam+1","Skim+1"],"picked":"Ball Lightning","floor":13.0},{"not_picked":["FTL","Lockon"],"picked":"Consume+1","floor":14.0},{"not_picked":["Multi-Cast+1","Amplify+1"],"picked":"Machine Learning","floor":16.0},{"not_picked":["Barrage","Rip and Tear"],"picked":"Conserve Battery+1","floor":18.0},{"not_picked":["Auto Shields+1","Steam+1"],"picked":"Coolheaded+1","floor":20.0},{"not_picked":["Doom and Gloom","Beam Cell+1"],"picked":"Heatsinks+1","floor":21.0},{"not_picked":["Leap+1","Beam Cell"],"picked":"Electrodynamics","floor":24.0},{"not_picked":["Go for the Eyes","Ball Lightning"],"picked":"Coolheaded+1","floor":25.0},{"not_picked":["Steam+1","Hologram+1"],"picked":"White Noise+1","floor":27.0},{"not_picked":["Consume+1","Hello World"],"picked":"Reinforced Body+1","floor":30.0},{"not_picked":["Reprogram+1","Redo+1"],"picked":"Conserve Battery+1","floor":31.0},{"not_picked":["Amplify+1","Machine Learning"],"picked":"Echo Form","floor":33.0},{"not_picked":["Auto Shields+1","Steam+1"],"picked":"Loop+1","floor":35.0},{"not_picked":["Cold Snap+1","Rebound"],"picked":"Aggregate+1","floor":36.0},{"not_picked":["Go for the Eyes","Scrape"],"picked":"Coolheaded+1","floor":45.0},{"not_picked":["Genetic Algorithm+1","Redo+1"],"picked":"Sweeping Beam","floor":46}],"player_experience":35955,"relics_obtained":[{"floor":6.0,"key":"PreservedInsect"},{"floor":9.0,"key":"Toxic Egg 2"},{"floor":14.0,"key":"Toy Ornithopter"},{"floor":25.0,"key":"White Beast Statue"},{"floor":26.0,"key":"Calipers"},{"floor":41.0,"key":"Whetstone"},{"floor":43.0,"key":"Shovel"},{"floor":45.0,"key":"Frozen Egg 2"}],"event_choices":[{"damage_healed":0.0,"max_hp_gain":0.0,"max_hp_loss":0.0,"gold_gain":75.0,"event_name":"World of Goop","player_choice":"Gather Gold","floor":4.0,"gold_loss":0.0,"damage_taken":11.0},{"damage_healed":0.0,"max_hp_gain":0.0,"max_hp_loss":0.0,"gold_gain":0.0,"event_name":"Scrap Ooze","player_choice":"Success","floor":5.0,"gold_loss":0.0,"damage_taken":12.0,"relics_obtained":["Peace Pipe"]},{"damage_healed":0.0,"max_hp_gain":0.0,"max_hp_loss":0.0,"gold_gain":0.0,"event_name":"Accursed Blacksmith","player_choice":"Rummage","floor":11.0,"gold_loss":0.0,"damage_taken":0.0,"relics_obtained":["WarpedTongs"],"cards_obtained":["Pain"]},{"damage_healed":0.0,"max_hp_gain":0.0,"max_hp_loss":0.0,"gold_gain":0.0,"event_name":"WeMeetAgain","player_choice":"Gave Potion","floor":22.0,"gold_loss":0.0,"damage_taken":0.0,"relics_obtained":["Bag of Preparation"]},{"damage_healed":0.0,"max_hp_gain":0.0,"max_hp_loss":0.0,"gold_gain":0.0,"event_name":"Cursed Tome","player_choice":"Ignored","floor":28.0,"gold_loss":0.0,"damage_taken":0.0},{"damage_healed":0.0,"max_hp_gain":0.0,"max_hp_loss":0.0,"gold_gain":0.0,"event_name":"OrinTheCat","player_choice":"Ignored","floor":37.0,"gold_loss":0.0,"damage_taken":0.0},{"cards_removed":["Strike_B"],"damage_healed":0.0,"max_hp_gain":0.0,"max_hp_loss":0.0,"gold_gain":0.0,"event_name":"Falling","player_choice":"Removed Attack","floor":38.0,"gold_loss":0.0,"damage_taken":0.0},{"cards_removed":["Wraith"],"damage_healed":5.0,"max_hp_gain":0.0,"max_hp_loss":0.0,"gold_gain":0.0,"event_name":"Bonfire Elementals","player_choice":"Offered Special","floor":44.0,"gold_loss":0.0,"damage_taken":0.0}],"is_beta":false,"boss_relics":[{"not_picked":["Cursed Key","Ectoplasm"],"picked":"Empty Cage"},{"not_picked":["Black Star","Velvet Choker"],"picked":"SlaversCollar"}],"items_purged_floors":[],"is_endless":false,"potions_floor_spawned":[1,14,18,24,27,30,31,33,35,36,45,46],"killed_by":"Sphere and 2 Shapes","ascension_level":2}}