{"host":"5gusigds1c3jyr99","time":1609664394,"event":{"mods":["AchievementEnabler","Arknights The Spire","Astrologer","BaseMod","GungeonMod","Hermit","Marisa£¨Ùöéë¡¡Øª×âÞÞ£©","Minty Spire (QoL Compilation)","Permanent Neow","Replay The Spire","StSLib","The Bug Knight","The Cursed","The Death Knight","The Disciple","The Dragon Tamer","The Hierophant","The Jungle","The Poker Player","The Senshi","TheBandit"],"gold_per_floor":[110,110,125,125,125,125,135,166,192,207,157,157,157,157,157,261,261,272,272,272],"floor_reached":19,"playtime":1648,"items_purged":[],"score":165,"play_id":"912c70e6-8200-4b6b-a281-ea4f66877c1c","local_time":"20210103175954","is_ascension_mode":false,"campfire_choices":[{"data":"wariomod:ForbiddenMagic","floor":6,"key":"SMITH"},{"data":"wariomod:Step","floor":13,"key":"SMITH"},{"data":"wariomod:GoAgain","floor":15,"key":"SMITH"}],"circlet_count":0,"master_deck":["wariomod:Strike","wariomod:Strike","wariomod:Strike","wariomod:Strike","wariomod:Defend","wariomod:Defend","wariomod:Defend","wariomod:Defend","wariomod:Step+1","wariomod:Leap","Jack Of All Trades","wariomod:DoubleDip","wariomod:ForbiddenMagic+1","wariomod:SpikeSlash","wariomod:GoAgain+1","wariomod:BodyBlock","wariomod:GodlyGift","wariomod:DoubleDip+1"],"relics":["wariomod:TheHat","Oddly Smooth Stone","ReplayTheSpireMod:Ring of Sloth","ReplayTheSpireMod:Ring of Challenge","Bag of Marbles","Orichalcum","The Courier","wariomod:PropellerHat"],"acts_visited":["Exordium","TheCity"],"potions_floor_usage":[],"damage_taken":[{"damage":0,"enemies":"2 Louse","floor":1,"turns":2},{"damage":2,"enemies":"Jaw Worm","floor":3,"turns":4},{"damage":0,"enemies":"Small Slimes","floor":7,"turns":3},{"damage":7,"enemies":"Gremlin Nob","floor":8,"turns":4},{"damage":3,"enemies":"Red Slaver","floor":10,"turns":3},{"damage":42,"enemies":"Fading Forest","floor":16,"turns":11},{"damage":17,"enemies":"3 Byrds","floor":18,"turns":3},{"damage":4,"enemies":"Chosen","floor":19,"turns":4}],"seed_played":"4240788662856740247","potions_obtained":[{"floor":8,"key":"SpeedPotion"},{"floor":10,"key":"FearPotion"},{"floor":16,"key":"SpeedPotion"},{"floor":18,"key":"Swift Potion"}],"is_trial":false,"path_per_floor":["M","?","M","?","?","R","M","E","T","M","?","$","R","T","R","B",null,"M","M"],"character_chosen":"THE_BANDIT","items_purchased":[],"campfire_rested":0,"item_purchase_floors":[],"current_hp_per_floor":[80,73,71,71,71,71,71,64,64,61,61,61,61,61,61,31,80,63,59,59],"gold":272,"neow_bonus":"RANDOM_COLORLESS","is_daily":false,"chose_seed":false,"campfire_upgraded":3,"win_rate":0.0,"timestamp":1609664394,"path_taken":["M","?","M","?","?","R","M","E","T","?","?","?","R","?","R","BOSS","M","M"],"items_purchased_type":[],"build_version":"2020-12-22","purchased_purges":0,"victory":false,"max_hp_per_floor":[80,80,80,80,80,80,80,80,80,80,80,80,80,80,80,80,80,80,80,80],"card_choices":[{"not_picked":["Mind Blast","Replay:BasicMightCard"],"picked":"Jack Of All Trades","floor":0},{"not_picked":["wariomod:NullJump","wariomod:DoubleDip","wariomod:GreaterGuard"],"picked":"SKIP","floor":1},{"not_picked":["wariomod:NullJump","wariomod:GreaterGuard"],"picked":"wariomod:DoubleDip","floor":1},{"not_picked":["wariomod:NullJump","wariomod:DoubleDash","wariomod:TreasureDig"],"picked":"SKIP","floor":3},{"not_picked":["wariomod:Hopshield","wariomod:Bombshield"],"picked":"wariomod:SpikeSlash","floor":7},{"not_picked":["wariomod:DamnedStrength","wariomod:BodyBlock"],"picked":"wariomod:GoAgain","floor":8},{"not_picked":["wariomod:Bombtime","wariomod:HappyHit"],"picked":"wariomod:BodyBlock","floor":10},{"not_picked":["wariomod:GoAgain","wariomod:Enshrine"],"picked":"wariomod:GodlyGift","floor":16},{"not_picked":["wariomod:BoomBoom","wariomod:DanceDash"],"picked":"wariomod:DoubleDip+1","floor":18}],"player_experience":591392,"relics_obtained":[{"floor":4,"key":"ReplayTheSpireMod:Ring of Sloth"},{"floor":4,"key":"ReplayTheSpireMod:Ring of Challenge"},{"floor":8,"key":"Bag of Marbles"},{"floor":9,"key":"Orichalcum"},{"floor":14,"key":"The Courier"}],"event_choices":[{"damage_healed":0,"gold_gain":0,"player_choice":"Success","damage_taken":7,"relics_obtained":["Oddly Smooth Stone"],"max_hp_gain":0,"max_hp_loss":0,"event_name":"Scrap Ooze","floor":2,"gold_loss":0},{"damage_healed":0,"gold_gain":0,"player_choice":"1 cards matched","damage_taken":0,"max_hp_gain":0,"max_hp_loss":0,"event_name":"Match and Keep!","floor":5,"gold_loss":0,"cards_obtained":["wariomod:ForbiddenMagic"]},{"cards_removed":["Looming Evil"],"damage_healed":0,"gold_gain":0,"player_choice":"Card Removal","damage_taken":0,"max_hp_gain":0,"max_hp_loss":0,"event_name":"The Cleric","floor":11,"gold_loss":50}],"is_beta":false,"boss_relics":[{"not_picked":["DemoMod:RiddleOfLead","Pandora\u0027s Box"],"picked":"wariomod:PropellerHat"}],"items_purged_floors":[],"is_endless":false,"potions_floor_spawned":[8,10,16,18],"killed_by":"Chosen","ascension_level":0}}