{"host":"d7qmn60fs48wu5y6","time":1609717641,"event":{"mods":["BaseMod","Downfall","Marisa????????","Minty Spire (QoL Compilation)","Shade Mod","StSLib","The Bug Knight","The Cursed","The Necromancer","The Servant 0.9.4"],"gold_per_floor":[112,112,37,48,1,28,58,58,110,110,130,130,165,180,180,276,276,291,308,327,342,267,301,301,331,331,349,349,179,210,210,210,314,314,333,386,396,396,408,420,444,481,493,505,550,578,590,613,625,637,649,661,114,143,143],"floor_reached":56,"playtime":3176,"items_purged":["Strike_W","Defend_W","Life_Tap"],"score":1297,"play_id":"c0789701-362e-4c14-92a7-d35b8a751896","local_time":"20210103154721","is_ascension_mode":true,"campfire_choices":[{"data":"Blood_Curse","floor":10,"key":"SMITH"},{"data":"Negative_Energy_Mist","floor":12,"key":"SMITH"},{"floor":15,"key":"REST"},{"floor":24,"key":"REST"},{"floor":28,"key":"RECALL"},{"floor":32,"key":"REST"},{"data":"Summon_Vampire_Lady","floor":40,"key":"SMITH"},{"data":"Summon_Vampire_Lady","floor":44,"key":"SMITH"},{"floor":47,"key":"REST"},{"floor":49,"key":"REST"},{"data":"Madness","floor":52,"key":"SMITH"}],"circlet_count":0,"master_deck":["Defend_W","Negative_Energy_Arrows","Bone_Wall","Plague_Bolt","Negative_Energy_Arrows","Blood_Curse+1","Negative_Energy_Mist+1","Bone_Prison","Grasp_Heart","Toxic_Smoke_Screen+1","Negative_Energy_Mist+1","Grasp_Heart+1","Negative_Energy_Shield","Corrupt","Summon_Vampire_Lady+1","Summon_Lich","Spectral_Armor","Summon_Vampire_Lady+1","Spectral_Armor","Pandemic+1","Blood_Is_Power+1","Madness+1","Madness","Summon_Undead+1","Summon_Undead+1","Life_Tap+1","Summon_Undead_Army","Toxic_Smoke_Screen+1"],"relics":["Vampire_Amulet","Sundial","Pen Nib","Ornamental Fan","Astrolabe","Meat on the Bone","Shuriken","Regal Pillow","Busted Crown","CatCart","MawBank","CaptainsWheel","Toxic Egg 2","Du-Vu Doll","Strawberry","Orrery","HollowMod:LifeEnderRelic"],"acts_visited":["Exordium","TheCity","TheBeyond","TheEnding"],"potions_floor_usage":[6,16,16,25,25,42,48,54,54,55],"damage_taken":[{"damage":2,"enemies":"Jaw Worm","floor":1,"turns":5},{"damage":0,"enemies":"Cultist","floor":4,"turns":4},{"damage":6,"enemies":"Gremlin Nob","floor":6,"turns":2},{"damage":8,"enemies":"Small Slimes","floor":11,"turns":4},{"damage":19,"enemies":"3 Sentries","floor":13,"turns":9},{"damage":15,"enemies":"Exordium Wildlife","floor":14,"turns":5},{"damage":37,"enemies":"Slime Boss","floor":16,"turns":11},{"damage":11,"enemies":"Shell Parasite","floor":18,"turns":4},{"damage":2,"enemies":"3 Byrds","floor":19,"turns":5},{"damage":6,"enemies":"Snake Plant","floor":20,"turns":4},{"damage":29,"enemies":"Shelled Parasite and Fungi","floor":21,"turns":6},{"damage":8,"enemies":"Book of Stabbing","floor":23,"turns":6},{"damage":30,"enemies":"Gremlin Leader","floor":25,"turns":6},{"damage":9,"enemies":"Centurion and Healer","floor":27,"turns":7},{"damage":34,"enemies":"Book of Stabbing","floor":30,"turns":7},{"damage":58,"enemies":"Automaton","floor":33,"turns":10},{"damage":12,"enemies":"3 Darklings","floor":35,"turns":8},{"damage":6,"enemies":"Orin","floor":36,"turns":12},{"damage":4,"enemies":"3 Shapes","floor":37,"turns":6},{"damage":16,"enemies":"Sphere and 2 Shapes","floor":41,"turns":7},{"damage":36,"enemies":"Nemesis","floor":42,"turns":10},{"damage":56,"enemies":"Reptomancer","floor":45,"turns":6},{"damage":34,"enemies":"3 Darklings","floor":46,"turns":6},{"damage":58,"enemies":"Writhing Mass","floor":48,"turns":5},{"damage":102,"enemies":"Time Eater","floor":50,"turns":14},{"damage":98,"enemies":"Shield and Spear","floor":54,"turns":9},{"damage":170,"enemies":"The Heart","floor":55,"turns":11}],"seed_played":"4032237645071586206","potions_obtained":[{"floor":4,"key":"Slimebound:ThreeZeroPotion"},{"floor":6,"key":"SteroidPotion"},{"floor":14,"key":"BlessingOfTheForge"},{"floor":19,"key":"Dexterity Potion"},{"floor":23,"key":"EntropicBrew"},{"floor":25,"key":"Weak Potion"},{"floor":41,"key":"Swift Potion"},{"floor":45,"key":"champ:CounterPotion"}],"is_trial":false,"path_per_floor":["M","?","$","M","$","E","?","$","T","R","M","R","E","M","R","B",null,"M","M","M","M","?","E","R","E","T","M","R","$","E","?","R","B",null,"M","?","M","T","?","R","M","E","T","R","E","M","R","M","R","B",null,"R","$","E","B",null],"character_chosen":"NECROMANCER","items_purchased":["Negative_Energy_Mist","Summon_Lich","Strawberry","Orrery","LiquidBronze","Summon_Undead_Army"],"campfire_rested":5,"item_purchase_floors":[5,29,53,53,53,53],"current_hp_per_floor":[75,75,75,75,75,71,71,71,71,71,67,67,54,43,65,34,75,66,70,66,41,41,35,57,41,41,51,51,51,49,49,75,49,75,75,75,75,75,66,66,75,75,75,75,53,42,75,49,75,38,75,75,82,57,40],"gold":143,"neow_bonus":"REMOVE_CARD","is_daily":false,"chose_seed":false,"campfire_upgraded":5,"win_rate":0.0,"timestamp":1609717641,"path_taken":["M","?","?","M","$","E","?","$","T","R","?","R","E","M","R","BOSS","M","M","M","M","?","E","R","E","T","M","R","$","E","?","R","BOSS","M","?","M","?","?","R","M","E","T","R","E","M","R","M","R","BOSS","R","$","E","BOSS"],"items_purchased_type":["Card","Card","Relic","Relic","Potion","Card"],"build_version":"2020-12-22","purchased_purges":3,"victory":true,"max_hp_per_floor":[75,75,75,75,75,75,75,75,75,75,75,75,75,75,75,75,75,75,75,75,75,75,75,75,75,75,75,75,75,75,75,75,75,75,75,75,75,75,75,75,75,75,75,75,75,75,75,75,75,75,75,75,82,82,82],"card_choices":[{"not_picked":["Shackles_Of_Pain","Epidemic"],"picked":"Plague_Bolt","floor":1},{"not_picked":["Negative_Energy_Javelin","Vampiric_Strike"],"picked":"Blood_Curse","floor":4},{"not_picked":["Scare","Shackles_Of_Pain","Bone_Bullets"],"picked":"SKIP","floor":6},{"not_picked":["Thousand_Bone_Knives","Whirlwind_of_Bones","Skeleton_Dragon"],"picked":"SKIP","floor":11},{"not_picked":["Bone_Armor","Bone_Bullets","Necromantic_Selection"],"picked":"SKIP","floor":13},{"not_picked":["Bone_Spikes","Bones_to_Steel"],"picked":"Bone_Prison","floor":14},{"not_picked":["Detonate_Bones","Blood_Magic"],"picked":"Grasp_Heart","floor":16},{"not_picked":["Shackles_Of_Pain+1","Chill_Blood","Life_Tap"],"picked":"SKIP","floor":18},{"not_picked":["Bone_Shift+1","Bones_to_Steel+1"],"picked":"Negative_Energy_Shield","floor":19},{"not_picked":["Vampiric_Strike","Uncharnel","Flesh_Made_Foul+1"],"picked":"SKIP","floor":20},{"not_picked":["Scare","Necromantic_Selection+1"],"picked":"Corrupt","floor":21},{"not_picked":["Blood_Curse+1","Bone_Spikes","Bone_Bullets"],"picked":"SKIP","floor":23},{"not_picked":["Pandemic","Negative_Energy_Shield"],"picked":"Summon_Vampire_Lady","floor":25},{"not_picked":["Negative_Energy_Sphere","Shade_Step","Corrupt+1"],"picked":"SKIP","floor":27},{"not_picked":["Bone_Spikes","Consume_Illness"],"picked":"Spectral_Armor","floor":30},{"not_picked":["Detonate_Bones","Skeleton_Dragon"],"picked":"Summon_Vampire_Lady","floor":33},{"not_picked":[],"picked":"Spectral_Armor","floor":35},{"not_picked":[],"picked":"Pandemic+1","floor":36},{"not_picked":[],"picked":"Blood_Is_Power+1","floor":37},{"not_picked":["Death_Coil+1"],"picked":"SKIP","floor":41},{"not_picked":["Grasp_Heart"],"picked":"SKIP","floor":42},{"not_picked":[],"picked":"Summon_Undead+1","floor":45},{"not_picked":[],"picked":"Summon_Undead+1","floor":46},{"not_picked":["Bones_to_Steel+1"],"picked":"SKIP","floor":48},{"not_picked":[],"picked":"Life_Tap+1","floor":53},{"not_picked":[],"picked":"Toxic_Smoke_Screen+1","floor":54}],"player_experience":897777,"relics_obtained":[{"floor":6,"key":"Sundial"},{"floor":9,"key":"Pen Nib"},{"floor":13,"key":"Ornamental Fan"},{"floor":23,"key":"Meat on the Bone"},{"floor":25,"key":"Shuriken"},{"floor":30,"key":"Regal Pillow"},{"floor":36,"key":"CatCart"},{"floor":38,"key":"MawBank"},{"floor":42,"key":"CaptainsWheel"},{"floor":43,"key":"Toxic Egg 2"},{"floor":45,"key":"Du-Vu Doll"},{"floor":54,"key":"HollowMod:LifeEnderRelic"}],"event_choices":[{"damage_healed":0,"gold_gain":0,"player_choice":"2 cards matched","damage_taken":0,"max_hp_gain":0,"max_hp_loss":0,"event_name":"Match and Keep!","floor":2,"gold_loss":0,"cards_obtained":["Negative_Energy_Arrows","Life_Tap"]},{"damage_healed":0,"gold_gain":30,"player_choice":"Searched \u00271\u0027 times","damage_taken":0,"max_hp_gain":0,"max_hp_loss":0,"event_name":"Dead Adventurer","floor":7,"gold_loss":0},{"cards_removed":["Defend_W"],"damage_healed":0,"gold_gain":0,"player_choice":"Gave Gold","damage_taken":0,"max_hp_gain":0,"max_hp_loss":0,"event_name":"Beggar","floor":22,"gold_loss":75},{"damage_healed":0,"gold_gain":0,"player_choice":"Fight","damage_taken":0,"max_hp_gain":0,"max_hp_loss":0,"event_name":"OrinTheCat","floor":36,"gold_loss":0},{"damage_healed":0,"gold_gain":0,"player_choice":"Embrace Madness","damage_taken":9,"max_hp_gain":0,"max_hp_loss":0,"event_name":"Winding Halls","floor":39,"gold_loss":0,"cards_obtained":["Madness","Madness"]}],"is_beta":false,"boss_relics":[{"not_picked":["Runic Dome","Snecko Eye"],"picked":"Astrolabe"},{"not_picked":["Pandora\u0027s Box","Fusion Hammer"],"picked":"Busted Crown"}],"items_purged_floors":[3,29,53],"is_endless":false,"potions_floor_spawned":[4,6,14,19,23,25,35,36,41,45],"ascension_level":1}}