{"host":"sdl5b0uiznq00owb","time":1609659070,"event":{"mods":["BaseMod","Minty Spire (QoL Compilation)","Permanent Neow","Relic Stats"],"gold_per_floor":[118,134,145,163,179,179,211,222,222,247,247,261,8,19,19,120,120,135,235,157,171,171,171,183,183,183,83,100,135,155,186,186,283,283,301,311,311,331,331,331,362,362,362],"floor_reached":42,"playtime":5210,"items_purged":["Strike_P","SignatureMove+1"],"score":684,"play_id":"62187038-1953-4703-8aee-dc35cbdad937","local_time":"20210103013110","is_ascension_mode":true,"campfire_choices":[{"floor":6.0,"key":"REST"},{"data":"TalkToTheHand","floor":15.0,"key":"SMITH"},{"data":"WindmillStrike","floor":23.0,"key":"SMITH"},{"data":"Vault","floor":25.0,"key":"SMITH"},{"floor":32.0,"key":"REST"},{"data":"Ragnarok","floor":40,"key":"SMITH"}],"circlet_count":0,"master_deck":["Defend_P","Defend_P","Defend_P","Eruption+1","Vigilance","SandsOfTime","FearNoEvil+1","TalkToTheHand+1","CutThroughFate","Wallop","Nirvana","ThirdEye","Tantrum","WindmillStrike+1","Meditate","Crescendo+1","Vault+1","Perseverance+1","FlurryOfBlows+1","InnerPeace+1","WheelKick","Wireheading+1","EmptyMind","Ragnarok+1","CurseOfTheBell","Protect+1","Wallop+1"],"relics":["Cursed Key","Bag of Preparation","WingedGreaves","Astrolabe","Whetstone","Art of War","Calling Bell","War Paint","Molten Egg 2","Gambling Chip","Centennial Puzzle"],"acts_visited":["Exordium","TheCity","TheBeyond"],"potions_floor_usage":[38],"damage_taken":[{"damage":5.0,"enemies":"Small Slimes","floor":1.0,"turns":3.0},{"damage":0.0,"enemies":"Cultist","floor":2.0,"turns":4.0},{"damage":0.0,"enemies":"2 Louse","floor":3.0,"turns":3.0},{"damage":14.0,"enemies":"Exordium Thugs","floor":4.0,"turns":6.0},{"damage":21.0,"enemies":"2 Fungi Beasts","floor":5.0,"turns":4.0},{"damage":2.0,"enemies":"Gremlin Nob","floor":7.0,"turns":3.0},{"damage":4.0,"enemies":"Red Slaver","floor":8.0,"turns":2.0},{"damage":19.0,"enemies":"3 Sentries","floor":10.0,"turns":4.0},{"damage":1.0,"enemies":"Looter","floor":12.0,"turns":4.0},{"damage":0.0,"enemies":"2 Fungi Beasts","floor":14.0,"turns":3.0},{"damage":10.0,"enemies":"The Guardian","floor":16.0,"turns":8.0},{"damage":0.0,"enemies":"Spheric Guardian","floor":18.0,"turns":2.0},{"damage":0.0,"enemies":"Chosen","floor":21.0,"turns":2.0},{"damage":8.0,"enemies":"Shelled Parasite and Fungi","floor":24.0,"turns":5.0},{"damage":0.0,"enemies":"Centurion and Healer","floor":28.0,"turns":4.0},{"damage":19.0,"enemies":"Book of Stabbing","floor":29.0,"turns":5.0},{"damage":0.0,"enemies":"Cultist and Chosen","floor":30.0,"turns":4.0},{"damage":0.0,"enemies":"Gremlin Leader","floor":31.0,"turns":5.0},{"damage":42.0,"enemies":"Collector","floor":33.0,"turns":9.0},{"damage":4.0,"enemies":"Orb Walker","floor":35.0,"turns":3.0},{"damage":10.0,"enemies":"3 Shapes","floor":36.0,"turns":7.0},{"damage":0,"enemies":"Writhing Mass","floor":38,"turns":6},{"damage":37,"enemies":"Reptomancer","floor":41,"turns":7},{"damage":0,"enemies":"4 Shapes","floor":42,"turns":1}],"seed_played":"1696843347372675305","potions_obtained":[{"floor":2.0,"key":"SpeedPotion"},{"floor":3.0,"key":"Ambrosia"},{"floor":4.0,"key":"BlessingOfTheForge"},{"floor":18.0,"key":"SteroidPotion"},{"floor":28.0,"key":"DuplicationPotion"},{"floor":29.0,"key":"FearPotion"},{"floor":31.0,"key":"Strength Potion"},{"floor":35.0,"key":"LiquidMemories"}],"is_trial":false,"path_per_floor":["M","M","M","M","M","R","E","M","T","E","?","M","$","M","R","B",null,"M","?","$","M","?","R","M","R","T","$","M","E","M","E","R","B",null,"M","M","T","M","?","R","E","M"],"character_chosen":"WATCHER","items_purchased":["Tantrum","WindmillStrike","Meditate","InnerPeace"],"campfire_rested":2,"item_purchase_floors":[13,13,13,20],"current_hp_per_floor":[60,60,60,46,25,46,44,40,40,21,21,20,20,20,20,10,57,57,57,57,57,57,57,49,49,49,49,49,30,30,30,51,9,56,52,42,42,42,42,42,5,5,5],"gold":362,"neow_bonus":"BOSS_RELIC","is_daily":false,"chose_seed":false,"campfire_upgraded":4,"win_rate":0.0,"timestamp":1609659070,"path_taken":["M","M","M","M","M","R","E","M","T","E","?","M","$","?","R","BOSS","M","?","?","M","?","R","M","R","T","$","M","E","M","E","R","BOSS","M","M","?","M","?","R","E","M"],"items_purchased_type":["Card","Card","Card","Card"],"build_version":"2020-12-22","purchased_purges":2,"victory":false,"max_hp_per_floor":[72,72,72,72,72,72,72,72,72,72,72,72,72,72,72,72,72,72,72,72,72,72,72,72,72,72,72,72,72,72,72,72,72,72,72,72,72,72,68,68,68,68,68],"relic_stats":{"Centennial Puzzle":[0],"counters":[24,104],"Astrolabe":["Perseverance","SignatureMove","FlurryOfBlows"],"Gambling Chip":[4],"Bag of Preparation":[36],"Art of War":[1],"Whetstone":["FearNoEvil","Eruption"],"War Paint":["Crescendo","InnerPeace"],"Cursed Key":0,"obtain_stats":[{"Calling Bell":34,"Centennial Puzzle":41,"Astrolabe":17,"Gambling Chip":34,"Molten Egg 2":34,"WingedGreaves":10,"Bag of Preparation":7,"Art of War":31,"Whetstone":29,"PureWater":0,"War Paint":34,"Cursed Key":0},{"Calling Bell":19,"Centennial Puzzle":23,"Astrolabe":11,"Gambling Chip":19,"Molten Egg 2":19,"WingedGreaves":8,"Bag of Preparation":6,"Art of War":18,"Whetstone":16,"PureWater":0,"War Paint":19,"Cursed Key":0},{"Calling Bell":80,"Centennial Puzzle":103,"Astrolabe":44,"Gambling Chip":80,"Molten Egg 2":80,"WingedGreaves":29,"Bag of Preparation":23,"Art of War":71,"Whetstone":62,"PureWater":0,"War Paint":80,"Cursed Key":0}]},"card_choices":[{"not_picked":["Prostrate","Consecrate"],"picked":"SandsOfTime","floor":1.0},{"not_picked":["BattleHymn","Protect"],"picked":"FearNoEvil","floor":2.0},{"not_picked":["ClearTheMind","EmptyBody","Evaluate"],"picked":"SKIP","floor":3.0},{"not_picked":["Pray","Halt"],"picked":"TalkToTheHand","floor":4.0},{"not_picked":["Consecrate","Prostrate","SashWhip"],"picked":"SKIP","floor":5.0},{"not_picked":["DeusExMachina","EmptyFist"],"picked":"CutThroughFate","floor":7.0},{"not_picked":["Evaluate","CrushJoints","SashWhip"],"picked":"SKIP","floor":8.0},{"not_picked":["DevaForm","Vault"],"picked":"Wallop","floor":10.0},{"not_picked":["EmptyBody","Vengeance"],"picked":"ThirdEye","floor":12.0},{"not_picked":["WindmillStrike","Consecrate"],"picked":"Crescendo","floor":14.0},{"not_picked":["Omniscience","Judgement"],"picked":"Vault","floor":16.0},{"not_picked":["PathToVictory","BowlingBash+1","Prostrate"],"picked":"SKIP","floor":18.0},{"not_picked":["Wish","Tantrum","ClearTheMind"],"picked":"SKIP","floor":21.0},{"not_picked":["FlurryOfBlows+1","Crescendo","FollowUp+1"],"picked":"SKIP","floor":24.0},{"not_picked":["Nirvana","WindmillStrike"],"picked":"Wireheading+1","floor":28.0},{"not_picked":["PathToVictory","Wireheading+1","Conclude"],"picked":"SKIP","floor":29.0},{"not_picked":["JustLucky+1","Omniscience"],"picked":"EmptyMind","floor":30.0},{"not_picked":["Conclude+1","ThirdEye","PathToVictory"],"picked":"SKIP","floor":31.0},{"not_picked":["SpiritShield","ConjureBlade"],"picked":"Ragnarok","floor":33.0},{"not_picked":["FollowUp+1","ThirdEye"],"picked":"Protect+1","floor":35.0},{"not_picked":["SandsOfTime+1","Judgement","Prostrate"],"picked":"SKIP","floor":36.0},{"not_picked":["Prostrate+1","Consecrate+1","Evaluate+1"],"picked":"SKIP","floor":38},{"not_picked":["ConjureBlade","Nirvana+1"],"picked":"Wallop+1","floor":41}],"player_experience":739391,"relics_obtained":[{"floor":7.0,"key":"Bag of Preparation"},{"floor":10.0,"key":"WingedGreaves"},{"floor":29.0,"key":"Whetstone"},{"floor":31.0,"key":"Art of War"},{"floor":34.0,"key":"War Paint"},{"floor":34.0,"key":"Molten Egg 2"},{"floor":34.0,"key":"Gambling Chip"},{"floor":41,"key":"Centennial Puzzle"}],"event_choices":[{"damage_healed":0.0,"max_hp_gain":0.0,"max_hp_loss":0.0,"gold_gain":0.0,"cards_transformed":["Strike_P"],"event_name":"Transmorgrifier","player_choice":"Transformed","floor":11.0,"gold_loss":0.0,"damage_taken":0.0,"cards_obtained":["Nirvana"]},{"damage_healed":0.0,"max_hp_gain":0.0,"max_hp_loss":0.0,"gold_gain":100.0,"event_name":"Golden Shrine","player_choice":"Pray","floor":19.0,"gold_loss":0.0,"damage_taken":0.0},{"damage_healed":0.0,"max_hp_gain":0.0,"max_hp_loss":0.0,"gold_gain":0.0,"event_name":"Match and Keep!","player_choice":"1 cards matched","floor":22.0,"gold_loss":0.0,"damage_taken":0.0,"cards_obtained":["WheelKick"]},{"damage_healed":0.0,"max_hp_gain":0.0,"max_hp_loss":0.0,"gold_gain":0.0,"event_name":"Match and Keep!","player_choice":"1 cards matched","floor":22.0,"gold_loss":0.0,"damage_taken":0.0,"cards_obtained":["WheelKick"]},{"damage_healed":0.0,"max_hp_gain":0.0,"max_hp_loss":0.0,"gold_gain":0.0,"event_name":"Match and Keep!","player_choice":"1 cards matched","floor":22.0,"gold_loss":0.0,"damage_taken":0.0,"cards_obtained":["WheelKick"]},{"damage_healed":0,"gold_gain":0,"player_choice":"Max HP","damage_taken":0,"max_hp_gain":0,"max_hp_loss":4,"event_name":"Winding Halls","floor":39,"gold_loss":0}],"is_beta":false,"boss_relics":[{"not_picked":["Coffee Dripper","Velvet Choker"],"picked":"Astrolabe"},{"not_picked":["VioletLotus","Empty Cage"],"picked":"Calling Bell"}],"items_purged_floors":[13,27],"is_endless":false,"potions_floor_spawned":[2,3,4,10,12,18,28,29,31,35],"killed_by":"4 Shapes","ascension_level":7}}