{"host":"Ian","time":1609683217,"event":{"mods":["BaseMod","Bestiary","Block Reminder","Colored Map","Highlight Path","Key Reminder","Minty Spire (QoL Compilation)","Relic Stats"],"gold_per_floor":[117,117,135,151,151,180,180,215,215,215,225,225,236,255,255,332,332,342,16,34,48,62,62,96,112,112,112,2,22,57,68,68,143,143,143,161,161,161,161,193,208,208,278,278,44,74,74,107,107,107,107],"floor_reached":50,"playtime":2383,"items_purged":["Strike_R"],"score":1214,"play_id":"bcf5d92e-692f-4c4c-b304-2fd5248793e8","local_time":"20210103141337","is_ascension_mode":true,"campfire_choices":[{"floor":7.0,"key":"REST"},{"data":"Bash","floor":12.0,"key":"SMITH"},{"data":"True Grit","floor":15.0,"key":"SMITH"},{"floor":23.0,"key":"REST"},{"floor":27.0,"key":"REST"},{"floor":32.0,"key":"REST"},{"floor":42.0,"key":"REST"},{"floor":47,"key":"REST"},{"floor":49,"key":"RECALL"}],"circlet_count":0,"master_deck":["AscendersBane","Strike_R+1","Strike_R+1","Defend_R+1","Defend_R","Defend_R","Bash+1","Fire Breathing","Spot Weakness","True Grit+1","Twin Strike+1","Anger+1","Demon Form","Warcry+1","Whirlwind+1","Metallicize+1","Clothesline+1","Metallicize+1","Pommel Strike+1","Sword Boomerang+1","Demon Form","Apotheosis","Heavy Blade+1","Feed+1","Ghostly Armor+1","Impervious"],"relics":["Burning Blood","Whetstone","Boot","Molten Egg 2","PreservedInsect","Fusion Hammer","Lee\u0027s Waffle","Tiny Chest","Red Skull","Darkstone Periapt","Velvet Choker","Lizard Tail","Juzu Bracelet","Orichalcum","Dream Catcher","TungstenRod"],"acts_visited":["Exordium","TheCity","TheBeyond"],"potions_floor_usage":[50],"damage_taken":[{"damage":9.0,"enemies":"Small Slimes","floor":1.0,"turns":4.0},{"damage":1.0,"enemies":"Cultist","floor":3.0,"turns":3.0},{"damage":4.0,"enemies":"Jaw Worm","floor":4.0,"turns":4.0},{"damage":56.0,"enemies":"Gremlin Nob","floor":6.0,"turns":5.0},{"damage":25.0,"enemies":"3 Sentries","floor":8.0,"turns":5.0},{"damage":0.0,"enemies":"2 Fungi Beasts","floor":11.0,"turns":3.0},{"damage":2.0,"enemies":"3 Louse","floor":13.0,"turns":2.0},{"damage":9.0,"enemies":"Red Slaver","floor":14.0,"turns":3.0},{"damage":34.0,"enemies":"Hexaghost","floor":16.0,"turns":8.0},{"damage":25.0,"enemies":"Chosen","floor":18.0,"turns":5.0},{"damage":29.0,"enemies":"Shell Parasite","floor":20.0,"turns":4.0},{"damage":32.0,"enemies":"Snake Plant","floor":21.0,"turns":4.0},{"damage":6.0,"enemies":"Centurion and Healer","floor":22.0,"turns":5.0},{"damage":27.0,"enemies":"Book of Stabbing","floor":24.0,"turns":4.0},{"damage":31.0,"enemies":"Sentry and Sphere","floor":25.0,"turns":6.0},{"damage":19.0,"enemies":"Cultist and Chosen","floor":29.0,"turns":5.0},{"damage":0.0,"enemies":"Gremlin Leader","floor":30.0,"turns":3.0},{"damage":14.0,"enemies":"Centurion and Healer","floor":31.0,"turns":6.0},{"damage":23.0,"enemies":"Champ","floor":33.0,"turns":11.0},{"damage":0.0,"enemies":"3 Darklings","floor":35.0,"turns":2.0},{"damage":37.0,"enemies":"3 Shapes","floor":36.0,"turns":8.0},{"damage":22.0,"enemies":"Nemesis","floor":40.0,"turns":5.0},{"damage":21.0,"enemies":"Sphere and 2 Shapes","floor":41.0,"turns":7.0},{"damage":81,"enemies":"Reptomancer","floor":46,"turns":6},{"damage":20,"enemies":"Nemesis","floor":48,"turns":5},{"damage":53,"enemies":"Time Eater","floor":50,"turns":8}],"seed_played":"4141241319549442516","potions_obtained":[{"floor":1.0,"key":"Explosive Potion"},{"floor":4.0,"key":"Explosive Potion"},{"floor":13.0,"key":"Explosive Potion"},{"floor":14.0,"key":"AttackPotion"},{"floor":16.0,"key":"LiquidMemories"},{"floor":21.0,"key":"BloodPotion"},{"floor":24.0,"key":"SpeedPotion"},{"floor":25.0,"key":"SmokeBomb"},{"floor":31.0,"key":"PowerPotion"},{"floor":36.0,"key":"Swift Potion"},{"floor":46,"key":"GamblersBrew"}],"is_trial":false,"path_per_floor":["M","?","M","M","?","E","R","E","T","?","M","R","M","M","R","B",null,"M","$","M","M","M","R","E","M","T","R","?","M","E","M","R","B",null,"M","M","?","T","?","E","M","R","T","?","$","E","R","E","R","B"],"character_chosen":"IRONCLAD","items_purchased":["Whirlwind+1","Lee\u0027s Waffle","Orichalcum","Feed+1"],"campfire_rested":6,"item_purchase_floors":[19,19,45,45],"current_hp_per_floor":[65,70,75,77,77,27,51,32,32,32,38,38,42,39,39,11,63,44,87,64,38,38,64,60,35,35,61,61,48,54,46,72,55,79,85,54,49,49,49,33,18,44,44,44,44,17,44,30,30,0,0],"gold":107,"neow_bonus":"RANDOM_COMMON_RELIC","is_daily":false,"chose_seed":false,"campfire_upgraded":2,"win_rate":0.0,"timestamp":1609683217,"path_taken":["M","?","M","M","?","E","R","E","T","?","M","R","M","M","R","BOSS","M","$","M","M","M","R","E","M","T","R","?","M","E","?","R","BOSS","M","M","?","?","?","E","M","R","T","?","$","E","R","E","R","BOSS"],"items_purchased_type":["Card","Relic","Relic","Card"],"build_version":"2020-12-18","purchased_purges":1,"victory":false,"max_hp_per_floor":[75,80,80,80,80,80,80,80,80,80,80,80,80,80,80,80,80,80,87,87,87,87,87,87,87,87,87,87,87,87,87,87,87,87,87,87,87,87,87,87,87,87,87,87,87,91,91,91,91,91,91],"relic_stats":{"Darkstone Periapt":0,"Lee\u0027s Waffle":43,"counters":[26,131],"PreservedInsect":266,"Juzu Bracelet":1,"Whetstone":["Strike_R","Strike_R"],"Orichalcum":[48],"Boot":[31],"Burning Blood":150,"Lizard Tail":43,"Dream Catcher":1,"Tiny Chest":1,"obtain_stats":[{"Darkstone Periapt":30,"Lee\u0027s Waffle":19,"Velvet Choker":34,"PreservedInsect":9,"Juzu Bracelet":40,"Whetstone":0,"Orichalcum":45,"Boot":6,"Burning Blood":0,"keyreminder:keyreminder":43,"Lizard Tail":38,"Dream Catcher":46,"Molten Egg 2":8,"Tiny Chest":24,"Fusion Hammer":17,"Red Skull":26,"TungstenRod":48},{"Darkstone Periapt":17,"Lee\u0027s Waffle":10,"Velvet Choker":19,"PreservedInsect":5,"Juzu Bracelet":22,"Whetstone":0,"Orichalcum":23,"Boot":4,"Burning Blood":0,"keyreminder:keyreminder":23,"Lizard Tail":21,"Dream Catcher":24,"Molten Egg 2":5,"Tiny Chest":14,"Fusion Hammer":9,"Red Skull":15,"TungstenRod":25},{"Darkstone Periapt":73,"Lee\u0027s Waffle":42,"Velvet Choker":90,"PreservedInsect":21,"Juzu Bracelet":105,"Whetstone":0,"Orichalcum":112,"Boot":16,"Burning Blood":0,"keyreminder:keyreminder":112,"Lizard Tail":100,"Dream Catcher":118,"Molten Egg 2":21,"Tiny Chest":59,"Fusion Hammer":37,"Red Skull":65,"TungstenRod":123}],"TungstenRod":5},"card_choices":[{"not_picked":["Rupture","Thunderclap"],"picked":"Fire Breathing","floor":1.0},{"not_picked":["Perfected Strike","Dropkick"],"picked":"Spot Weakness","floor":3.0},{"not_picked":["Heavy Blade","Thunderclap","Body Slam"],"picked":"SKIP","floor":4.0},{"not_picked":["Flex","Perfected Strike","Thunderclap"],"picked":"SKIP","floor":6.0},{"not_picked":["Cleave+1","Warcry"],"picked":"True Grit","floor":8.0},{"not_picked":["Second Wind","Seeing Red","Brutality"],"picked":"SKIP","floor":11.0},{"not_picked":["Flex","Intimidate"],"picked":"Twin Strike+1","floor":13.0},{"not_picked":["Clash+1","Fire Breathing"],"picked":"Anger+1","floor":14.0},{"not_picked":["Impervious","Brutality"],"picked":"Demon Form","floor":16.0},{"not_picked":["Heavy Blade+1","Havoc+1"],"picked":"Warcry+1","floor":18.0},{"not_picked":["Wild Strike+1","Heavy Blade+1"],"picked":"Metallicize+1","floor":20.0},{"not_picked":["True Grit","Ghostly Armor"],"picked":"Clothesline+1","floor":21.0},{"not_picked":["Headbutt+1","Clothesline+1","Entrench"],"picked":"SKIP","floor":22.0},{"not_picked":["Headbutt+1","Double Tap"],"picked":"Metallicize","floor":24.0},{"not_picked":["Carnage+1","Thunderclap+1"],"picked":"Pommel Strike+1","floor":25.0},{"not_picked":["Fire Breathing","Armaments","Headbutt+1"],"picked":"SKIP","floor":29.0},{"not_picked":["Carnage+1","Wild Strike+1"],"picked":"Sword Boomerang+1","floor":30.0},{"not_picked":["Bludgeon+1","Rupture","Wild Strike+1"],"picked":"SKIP","floor":31.0},{"not_picked":["Double Tap","Fiend Fire+1"],"picked":"Demon Form","floor":33.0},{"not_picked":["Sever Soul+1","Iron Wave+1","Hemokinesis+1"],"picked":"SKIP","floor":36.0},{"not_picked":["Discovery","Mind Blast+1"],"picked":"Apotheosis","floor":37.0},{"not_picked":["Clash+1","Havoc","Pommel Strike+1"],"picked":"SKIP","floor":40.0},{"not_picked":["Dropkick+1","Cleave+1"],"picked":"Heavy Blade+1","floor":41.0},{"not_picked":["Anger+1","Pommel Strike+1","Sword Boomerang+1"],"picked":"SKIP","floor":46},{"not_picked":["Clash+1","Thunderclap+1"],"picked":"Ghostly Armor+1","floor":47},{"not_picked":["Sword Boomerang+1","Heavy Blade+1"],"picked":"Impervious","floor":48}],"player_experience":2621968,"relics_obtained":[{"floor":6.0,"key":"Boot"},{"floor":8.0,"key":"Molten Egg 2"},{"floor":9.0,"key":"PreservedInsect"},{"floor":24.0,"key":"Tiny Chest"},{"floor":26.0,"key":"Red Skull"},{"floor":30.0,"key":"Darkstone Periapt"},{"floor":38.0,"key":"Lizard Tail"},{"floor":40.0,"key":"Juzu Bracelet"},{"floor":46,"key":"Dream Catcher"},{"floor":48,"key":"TungstenRod"}],"event_choices":[{"damage_healed":0.0,"max_hp_gain":5.0,"max_hp_loss":0.0,"gold_gain":0.0,"event_name":"Big Fish","player_choice":"Donut","floor":2.0,"gold_loss":0.0,"damage_taken":0.0},{"damage_healed":0.0,"max_hp_gain":0.0,"max_hp_loss":0.0,"gold_gain":0.0,"event_name":"Liars Game","player_choice":"Ignored","floor":5.0,"gold_loss":0.0,"damage_taken":0.0},{"cards_removed":["Strike_R"],"damage_healed":0.0,"max_hp_gain":0.0,"max_hp_loss":0.0,"gold_gain":0.0,"event_name":"Purifier","player_choice":"Purged","floor":10.0,"gold_loss":0.0,"damage_taken":0.0},{"cards_removed":["Strike_R"],"damage_healed":0.0,"max_hp_gain":0.0,"max_hp_loss":0.0,"gold_gain":0.0,"event_name":"Designer","player_choice":"Upgrade and Remove","floor":28.0,"gold_loss":110.0,"damage_taken":0.0,"cards_upgraded":["Defend_R"]},{"damage_healed":0.0,"max_hp_gain":0.0,"max_hp_loss":0.0,"gold_gain":0.0,"event_name":"SensoryStone","player_choice":"Memory 2","floor":37.0,"gold_loss":0.0,"damage_taken":5.0},{"damage_healed":0.0,"max_hp_gain":0.0,"max_hp_loss":0.0,"gold_gain":0.0,"event_name":"Upgrade Shrine","player_choice":"Upgraded","floor":39.0,"gold_loss":0.0,"damage_taken":0.0,"cards_upgraded":["Metallicize"]},{"cards_removed":["Defend_R"],"damage_healed":0.0,"max_hp_gain":0.0,"max_hp_loss":0.0,"gold_gain":0.0,"event_name":"Falling","player_choice":"Removed Skill","floor":44.0,"gold_loss":0.0,"damage_taken":0.0}],"is_beta":true,"boss_relics":[{"not_picked":["Sozu","Tiny House"],"picked":"Fusion Hammer"},{"not_picked":["Mark of Pain","Busted Crown"],"picked":"Velvet Choker"}],"items_purged_floors":[19],"is_endless":false,"potions_floor_spawned":[1,4,6,13,14,16,20,21,24,25,31,36,46],"killed_by":"Time Eater","ascension_level":20}}