{"host":"enpah696raxjhbxd","time":1609648646,"event":{"mods":["BaseMod","Challenge The Spire","Chen","Colored Powertips","Friendly Minions","Minty Spire (QoL Compilation)","Replay The Spire","StSLib","TestMod","The Bladedancer","The Poker Player","UnlockEverythingMod","vexMod"],"gold_per_floor":[111,111,128,140,156,156,181,192,217,233,261,271,271,12,12,109,109,124,49,61,81,81,81,109,109,109,144,155,170,181,181,181,181,181],"floor_reached":33,"playtime":1333,"items_purged":["Shame"],"score":351,"play_id":"b531aa9f-23cf-43c7-a099-eb95e2201af2","local_time":"20210103123726","is_ascension_mode":false,"campfire_choices":[{"data":"blademaster:Empower","floor":6,"key":"SMITH"},{"data":"blademaster:EyeOfTheStorm","floor":13,"key":"SMITH"},{"data":"blademaster:ThunderSlash","floor":15,"key":"SMITH"},{"floor":23,"key":"RECALL"},{"data":"blademaster:TraverseCut","floor":25,"key":"SMITH"},{"data":"blademaster:RollingTyphoon","floor":32,"key":"SMITH"}],"circlet_count":0,"master_deck":["blademaster:Strike","blademaster:Strike","blademaster:Strike","blademaster:Strike","blademaster:Defend","blademaster:Defend","blademaster:Defend","blademaster:Defend","blademaster:RagingBlow+1","blademaster:HighVoltage","blademaster:Empower+1","blademaster:RollingTyphoon+1","blademaster:ThunderSlash+1","blademaster:EyeOfTheStorm+1","blademaster:ChargingUp","blademaster:Sharpen+1","blademaster:TraverseCut+1","blademaster:ThunderingOpener+1","blademaster:EyeOfTheStorm+1","blademaster:FuriousStrike+1"],"relics":["blademaster:DancersAmulet","testmod-TestBox","testmod-NegativeEmotionEnhancer","MealTicket","Blue Doll","Bag of Preparation","Toxic Egg 2","Boot","Meat on the Bone"],"acts_visited":["Exordium","TheCity"],"potions_floor_usage":[4,7,7,10,16,27,33,33],"damage_taken":[{"damage":0.0,"enemies":"Small Slimes","floor":1.0,"turns":4.0},{"damage":4,"enemies":"Cultist","floor":3,"turns":4},{"damage":0,"enemies":"2 Louse","floor":4,"turns":2},{"damage":9,"enemies":"Lots of Slimes","floor":5,"turns":4},{"damage":0,"enemies":"Lagavulin","floor":7,"turns":4},{"damage":4,"enemies":"Looter","floor":8,"turns":2},{"damage":0,"enemies":"Gremlin Gang","floor":10,"turns":2},{"damage":13,"enemies":"Replay:BlueRogue","floor":11,"turns":4},{"damage":0,"enemies":"3 Louse","floor":12,"turns":1},{"damage":45,"enemies":"Hexaghost","floor":16,"turns":8},{"damage":0,"enemies":"Chosen","floor":18,"turns":1},{"damage":0,"enemies":"2 Thieves","floor":20,"turns":1},{"damage":0,"enemies":"Snake Plant","floor":21,"turns":2},{"damage":14,"enemies":"Slavers","floor":24,"turns":5},{"damage":15,"enemies":"Gremlin Leader","floor":27,"turns":3},{"damage":10,"enemies":"Cultist and Chosen","floor":28,"turns":4},{"damage":13,"enemies":"3 Cultists","floor":29,"turns":5},{"damage":0,"enemies":"Snecko","floor":30,"turns":2},{"damage":112,"enemies":"Champ","floor":33,"turns":12}],"seed_played":"-616524081702836249","potions_obtained":[{"floor":1.0,"key":"DistilledChaos"},{"floor":3,"key":"BlessingOfTheForge"},{"floor":5,"key":"Elixir"},{"floor":7,"key":"Explosive Potion"},{"floor":10,"key":"BlessingOfTheForge"},{"floor":20,"key":"DistilledChaos"},{"floor":27,"key":"Energy Potion"},{"floor":29,"key":"Regen Potion"}],"is_trial":false,"path_per_floor":["M","?","M","M","M","R","E","M","T","M","E","M","R","$","R","B",null,"M","$","M","M","$","R","E","R","T","E","M","M","M","?","R","B"],"character_chosen":"THE_BLADEMASTER","items_purchased":["Toxic Egg 2"],"campfire_rested":0,"item_purchase_floors":[14],"current_hp_per_floor":[76,76,74,77,74,74,76,74,74,79,68,78,78,84,84,47,85,86,86,87,88,88,88,83,83,83,78,77,74,82,93,93,0,0],"gold":181,"neow_bonus":"UPGRADE_CARD","is_daily":false,"chose_seed":false,"campfire_upgraded":5,"win_rate":0.0,"timestamp":1609648646,"path_taken":["M","?","?","M","M","R","E","M","T","M","E","M","R","?","R","BOSS","M","$","M","M","$","R","E","R","T","E","M","M","M","?","R","BOSS"],"items_purchased_type":["Relic"],"build_version":"2020-12-22","purchased_purges":1,"victory":false,"max_hp_per_floor":[76,76,77,78,79,79,80,81,81,82,83,84,84,84,84,85,85,86,86,87,88,88,88,89,89,89,90,91,92,93,93,93,93,93],"card_choices":[{"not_picked":["blademaster:Meditate","blademaster:AspectOfWind","blademaster:Frenzy"],"picked":"SKIP","floor":1.0},{"not_picked":["blademaster:Overcharge","blademaster:Slice"],"picked":"blademaster:RollingTyphoon","floor":3},{"not_picked":["blademaster:LeechingStrike","blademaster:FlockOfBlades","blademaster:Stability"],"picked":"SKIP","floor":4},{"not_picked":["blademaster:FuriousStrike","blademaster:DaggerAndCloak"],"picked":"blademaster:ThunderSlash","floor":5},{"not_picked":["blademaster:Blockade","blademaster:Havoc"],"picked":"blademaster:EyeOfTheStorm","floor":7},{"not_picked":["blademaster:Meditate","blademaster:AwakeningStrike","blademaster:ChargingUp"],"picked":"SKIP","floor":8},{"not_picked":["blademaster:DaggerAndCloak","blademaster:Havoc","blademaster:OneTrickPony"],"picked":"SKIP","floor":10},{"not_picked":["blademaster:LightningDraw","blademaster:DragonStrike"],"picked":"blademaster:ChargingUp","floor":11},{"not_picked":["blademaster:IcyWind","blademaster:LightningCrash","blademaster:Thrust"],"picked":"SKIP","floor":12},{"not_picked":["blademaster:AncestralHealing+1","blademaster:Quickstep+1"],"picked":"blademaster:Sharpen+1","floor":18},{"not_picked":["blademaster:Hailwind+1","blademaster:Cut"],"picked":"blademaster:TraverseCut","floor":20},{"not_picked":["blademaster:Rupture+1","blademaster:Quickness","blademaster:Frontflip+1"],"picked":"SKIP","floor":21},{"not_picked":["blademaster:Gust+1","blademaster:TraverseCut","blademaster:ChargingUp+1"],"picked":"SKIP","floor":24},{"not_picked":["blademaster:Blindside","blademaster:Cut"],"picked":"blademaster:ThunderingOpener+1","floor":27},{"not_picked":["blademaster:KiBarrier+1","blademaster:TraverseCut+1"],"picked":"blademaster:EyeOfTheStorm+1","floor":28},{"not_picked":["blademaster:AwakeningStrike+1","blademaster:Blockade","blademaster:Vortex"],"picked":"SKIP","floor":29},{"not_picked":["blademaster:Discharge+1","blademaster:Frontflip+1"],"picked":"blademaster:FuriousStrike+1","floor":30}],"player_experience":206089,"relics_obtained":[{"floor":7,"key":"MealTicket"},{"floor":7,"key":"blademaster:BonusFuryPerk"},{"floor":9,"key":"Blue Doll"},{"floor":11,"key":"Bag of Preparation"},{"floor":11,"key":"blademaster:StanceHealPerk"},{"floor":24,"key":"Boot"},{"floor":24,"key":"blademaster:LightningChargePerk"},{"floor":27,"key":"Meat on the Bone"},{"floor":27,"key":"blademaster:DextrousPerk"}],"event_choices":[{"damage_healed":0,"gold_gain":0,"player_choice":"3 cards matched","damage_taken":0,"max_hp_gain":0,"max_hp_loss":0,"event_name":"Match and Keep!","floor":2,"gold_loss":0,"cards_obtained":["blademaster:Empower","blademaster:LightningCrash","Shame"]},{"cards_removed":["blademaster:LightningCrash"],"damage_healed":11,"gold_gain":0,"player_choice":"Offered Uncommon","damage_taken":0,"max_hp_gain":0,"max_hp_loss":0,"event_name":"Bonfire Elementals","floor":31,"gold_loss":0}],"is_beta":false,"boss_relics":[{"not_picked":["Pandora\u0027s Box","testmod-Recursion","Replay:Bronze Core"]}],"items_purged_floors":[19],"is_endless":false,"potions_floor_spawned":[1,3,5,7,10,20,27,29],"killed_by":"Champ","ascension_level":0}}