{"host":"2he95iptrbxkejc1","time":1609686094,"event":{"mods":["AchievementEnabler","BaseMod","Minty Spire (QoL Compilation)"],"gold_per_floor":[111,186,197,214,35,63,81,81,106,126,157,168,188,199,199,296,296,306,336,7,21,121,121,140,160,205,216,216,236,250,264,264,264,264],"floor_reached":33,"playtime":2196,"items_purged":[],"score":315,"play_id":"133d766c-fc64-4c79-a6ae-1f314e04202f","local_time":"20210103150134","is_ascension_mode":false,"campfire_choices":[{"floor":8,"key":"REST"},{"data":"Gash","floor":15,"key":"SMITH"},{"floor":23,"key":"REST"},{"floor":28,"key":"REST"},{"floor":32,"key":"REST"}],"circlet_count":0,"master_deck":["Strike_R","Strike_R","Strike_R","Strike_R","Strike_R","Defend_R","Defend_R","Defend_R+1","Defend_R","Bash","Headbutt","Anger","Combust","Twin Strike","Deflect+1","Gash+1","Shrug It Off","Halt","Iron Wave","Evaluate","Shrug It Off","Finisher","Adrenaline","CurseOfTheBell","Consecrate","Blind+1","Panache","Gash+1","Gash+1","Thunderclap+1","Endless Agony","Distraction+1","Infernal Blade","Beam Cell","Bludgeon","FTL","Clash","Sweeping Beam"],"relics":["Burning Blood","PrismaticShard","Dream Catcher","Oddly Smooth Stone","Odd Mushroom","War Paint","Calling Bell","Strawberry","Question Card","Calipers","Red Mask","DollysMirror","PreservedInsect"],"acts_visited":["Exordium","TheCity"],"potions_floor_usage":[6,11,12,16,16,25,27,31,33],"damage_taken":[{"damage":7,"enemies":"2 Louse","floor":1,"turns":3},{"damage":10,"enemies":"Cultist","floor":3,"turns":4},{"damage":2,"enemies":"Small Slimes","floor":4,"turns":3},{"damage":17,"enemies":"3 Sentries","floor":6,"turns":4},{"damage":8,"enemies":"3 Louse","floor":7,"turns":2},{"damage":10,"enemies":"The Mushroom Lair","floor":10,"turns":3},{"damage":35,"enemies":"Gremlin Nob","floor":11,"turns":4},{"damage":4,"enemies":"Large Slime","floor":12,"turns":4},{"damage":3,"enemies":"Red Slaver","floor":13,"turns":3},{"damage":2,"enemies":"3 Louse","floor":14,"turns":2},{"damage":32,"enemies":"Hexaghost","floor":16,"turns":9},{"damage":5,"enemies":"Chosen","floor":18,"turns":5},{"damage":48,"enemies":"Masked Bandits","floor":19,"turns":7},{"damage":20,"enemies":"Spheric Guardian","floor":21,"turns":5},{"damage":27,"enemies":"Snecko","floor":24,"turns":7},{"damage":19,"enemies":"Sentry and Sphere","floor":25,"turns":5},{"damage":28,"enemies":"Cultist and Chosen","floor":27,"turns":7},{"damage":30,"enemies":"3 Cultists","floor":29,"turns":6},{"damage":34,"enemies":"Snecko","floor":30,"turns":6},{"damage":20,"enemies":"Snake Plant","floor":31,"turns":4},{"damage":43,"enemies":"Champ","floor":33,"turns":9}],"seed_played":"4905544883012648884","potions_obtained":[{"floor":1,"key":"Fire Potion"},{"floor":7,"key":"LiquidBronze"},{"floor":11,"key":"ColorlessPotion"},{"floor":12,"key":"Ancient Potion"},{"floor":13,"key":"SkillPotion"},{"floor":16,"key":"FairyPotion"},{"floor":21,"key":"Dexterity Potion"},{"floor":24,"key":"DuplicationPotion"},{"floor":30,"key":"LiquidMemories"},{"floor":31,"key":"LiquidBronze"}],"is_trial":false,"path_per_floor":["M","?","M","M","$","E","M","R","T","?","E","M","M","M","R","B",null,"M","?","$","M","?","R","M","M","T","M","R","M","M","M","R","B"],"character_chosen":"IRONCLAD","items_purchased":["PrismaticShard","Twin Strike","Panache","DollysMirror"],"campfire_rested":4,"item_purchase_floors":[5,5,20,20],"current_hp_per_floor":[87,79,75,79,79,68,66,88,88,84,55,57,60,64,64,38,95,95,53,53,39,39,67,46,33,33,11,39,15,23,9,37,0,0],"gold":264,"neow_bonus":"TEN_PERCENT_HP_BONUS","is_daily":false,"chose_seed":false,"campfire_upgraded":1,"win_rate":0.0,"timestamp":1609686094,"path_taken":["M","?","?","M","$","E","M","R","T","?","E","M","M","M","R","BOSS","M","?","$","M","?","R","M","M","T","M","R","M","?","M","R","BOSS"],"items_purchased_type":["Relic","Card","Card","Relic"],"build_version":"2020-12-22","purchased_purges":0,"victory":false,"max_hp_per_floor":[88,88,88,88,88,88,88,88,88,88,88,88,88,88,88,88,95,95,95,95,95,95,95,95,95,95,95,95,95,95,95,95,95,95],"card_choices":[{"not_picked":["Entrench","Armaments"],"picked":"Headbutt","floor":1},{"not_picked":["Body Slam","Clothesline"],"picked":"Anger","floor":3},{"not_picked":["Body Slam","Carnage"],"picked":"Combust","floor":4},{"not_picked":["Underhanded Strike","Shrug It Off"],"picked":"Deflect","floor":6},{"not_picked":["TalkToTheHand","Dagger Spray"],"picked":"Gash","floor":7},{"not_picked":["Deadly Poison","Crescendo"],"picked":"Shrug It Off","floor":8},{"not_picked":["Undo","Underhanded Strike"],"picked":"Halt","floor":10},{"not_picked":["Ragnarok","Body Slam"],"picked":"Iron Wave","floor":11},{"not_picked":["Shrug It Off","CrushJoints"],"picked":"Evaluate","floor":12},{"not_picked":["Outmaneuver","Crescendo"],"picked":"Shrug It Off","floor":13},{"not_picked":["Cold Snap","Brilliance"],"picked":"Finisher","floor":14},{"not_picked":["Thunder Strike","The Bomb"],"picked":"Adrenaline","floor":16},{"not_picked":["Poisoned Stab","Warcry","Dark Embrace"],"picked":"Consecrate","floor":18},{"not_picked":["Underhanded Strike","Hologram","Distraction"],"picked":"Blind+1","floor":19},{"not_picked":["Perseverance","Electrodynamics","Adaptation"],"picked":"Gash+1","floor":21},{"not_picked":["Sword Boomerang+1","Storm","Choke"],"picked":"Thunderclap+1","floor":23},{"not_picked":["InnerPeace","Hologram","DeceiveReality"],"picked":"Endless Agony","floor":24},{"not_picked":["Deadly Poison","Rip and Tear","Lockon"],"picked":"Distraction+1","floor":25},{"not_picked":["Whirlwind","FollowUp+1","DeceiveReality"],"picked":"Infernal Blade","floor":27},{"not_picked":["Poisoned Stab","Evaluate","Halt"],"picked":"Beam Cell","floor":28},{"not_picked":["Stack","Adaptation","Heavy Blade"],"picked":"Bludgeon","floor":29},{"not_picked":["Hologram+1","Poisoned Stab+1","Crescendo"],"picked":"FTL","floor":30},{"not_picked":["EmptyFist","Cold Snap","Evaluate"],"picked":"Clash","floor":31},{"not_picked":["Deadly Poison","Electrodynamics","DeceiveReality"],"picked":"Sweeping Beam","floor":32}],"player_experience":25107,"relics_obtained":[{"floor":6,"key":"Dream Catcher"},{"floor":9,"key":"Oddly Smooth Stone"},{"floor":10,"key":"Odd Mushroom"},{"floor":11,"key":"War Paint"},{"floor":17,"key":"Strawberry"},{"floor":17,"key":"Question Card"},{"floor":17,"key":"Calipers"},{"floor":19,"key":"Red Mask"},{"floor":26,"key":"PreservedInsect"}],"event_choices":[{"damage_healed":0,"gold_gain":75,"player_choice":"Touch","damage_taken":8,"max_hp_gain":0,"max_hp_loss":0,"event_name":"FaceTrader","floor":2,"gold_loss":0},{"damage_healed":0,"gold_gain":0,"player_choice":"Fought Mushrooms","damage_taken":0,"max_hp_gain":0,"max_hp_loss":0,"event_name":"Mushrooms","floor":10,"gold_loss":0},{"damage_healed":0,"gold_gain":0,"player_choice":"Fought Bandits","damage_taken":0,"max_hp_gain":0,"max_hp_loss":0,"event_name":"Masked Bandits","floor":19,"gold_loss":0},{"damage_healed":0,"gold_gain":100,"player_choice":"Pray","damage_taken":0,"max_hp_gain":0,"max_hp_loss":0,"event_name":"Golden Shrine","floor":22,"gold_loss":0}],"is_beta":false,"boss_relics":[{"not_picked":["Busted Crown","Runic Dome"],"picked":"Calling Bell"}],"items_purged_floors":[],"is_endless":false,"potions_floor_spawned":[1,7,11,12,13,16,21,24,30,31],"killed_by":"Champ","ascension_level":0}}