{"host":"hgkb2zpbo2dcws21","time":1609671655,"event":{"mods":["AchievementEnabler","BaseMod","Colored Map","Colored Powertips","Custom Start","DeckTracker","KOR Keyword Fix","Minty Spire (QoL Compilation)","Relic Stats","StSLib","SuperFastMode"],"gold_per_floor":[111,111,129,140,140,140,160,160,160],"floor_reached":8,"playtime":155,"items_purged":[],"score":90,"play_id":"8cee55c4-e56a-4406-a47d-06134cc1f1d4","local_time":"20210103200055","is_ascension_mode":true,"campfire_choices":[{"floor":6,"key":"REST"}],"circlet_count":0,"master_deck":["AscendersBane","Strike_G","Strike_G","Strike_G+1","Strike_G","Strike_G+1","Defend_G","Defend_G","Defend_G","Defend_G","Survivor","Neutralize","Adrenaline","Infinite Blades","Quick Slash","Deadly Poison","Choke"],"relics":["Ring of the Snake","Odd Mushroom"],"acts_visited":["Exordium"],"potions_floor_usage":[8],"damage_taken":[{"damage":1,"enemies":"Jaw Worm","floor":1,"turns":3},{"damage":0,"enemies":"Small Slimes","floor":3,"turns":3},{"damage":8,"enemies":"2 Louse","floor":4,"turns":3},{"damage":18,"enemies":"The Mushroom Lair","floor":7,"turns":4},{"damage":25,"enemies":"3 Sentries","floor":8,"turns":4}],"seed_played":"-1703957521902149313","potions_obtained":[{"floor":1,"key":"EssenceOfSteel"}],"is_trial":false,"path_per_floor":["M","?","M","M","?","R","?","E"],"character_chosen":"THE_SILENT","items_purchased":[],"campfire_rested":1,"item_purchase_floors":[],"current_hp_per_floor":[58,40,40,32,25,43,25,0,0],"gold":160,"neow_bonus":"THREE_RARE_CARDS","is_daily":false,"chose_seed":false,"campfire_upgraded":0,"win_rate":0.0,"timestamp":1609671655,"path_taken":["M","?","M","M","?","R","?","E"],"items_purchased_type":[],"build_version":"2020-12-22","purchased_purges":0,"victory":false,"max_hp_per_floor":[60,60,60,60,60,60,60,60,60],"relic_stats":{"counters":[5,17],"obtain_stats":[{"Odd Mushroom":7,"Ring of the Snake":0},{"Odd Mushroom":4,"Ring of the Snake":0},{"Odd Mushroom":13,"Ring of the Snake":0}],"Ring of the Snake":[10]},"card_choices":[{"not_picked":["Tools of the Trade","Doppelganger"],"picked":"Adrenaline","floor":0},{"not_picked":["PiercingWail","Cloak And Dagger"],"picked":"Infinite Blades","floor":1},{"not_picked":["Slice","Bane"],"picked":"Quick Slash","floor":3},{"not_picked":["Prepared","Acrobatics"],"picked":"Deadly Poison","floor":4},{"not_picked":["Quick Slash","Expertise"],"picked":"Choke","floor":7}],"player_experience":1127669,"relics_obtained":[{"floor":7,"key":"Odd Mushroom"}],"event_choices":[{"damage_healed":0,"gold_gain":0,"player_choice":"Entered Light","damage_taken":18,"max_hp_gain":0,"max_hp_loss":0,"event_name":"Shining Light","floor":2,"gold_loss":0,"cards_upgraded":["Strike_G","Strike_G"]},{"cards_removed":["Defend_G"],"damage_healed":0,"gold_gain":0,"player_choice":"Card Removal","damage_taken":7,"max_hp_gain":0,"max_hp_loss":0,"event_name":"Golden Wing","floor":5,"gold_loss":0},{"damage_healed":0,"gold_gain":0,"player_choice":"Fought Mushrooms","damage_taken":0,"max_hp_gain":0,"max_hp_loss":0,"event_name":"Mushrooms","floor":7,"gold_loss":0}],"is_beta":false,"boss_relics":[],"items_purged_floors":[],"is_endless":false,"potions_floor_spawned":[1],"killed_by":"3 Sentries","ascension_level":19}}