{"host":"p7j7o00jacnw7qzt","time":1609641789,"event":{"mods":["BaseMod","Colored Map","Colored Powertips","DeckTracker","Highlight Path","Minty Spire (QoL Compilation)","Relic Stats"],"gold_per_floor":[115,128,128,128,28,28,69,89,89,89,124,124,144,168,168,168,168],"floor_reached":16,"playtime":299,"items_purged":["Strike_R"],"score":250,"play_id":"e0904c5a-2635-4ba0-aec1-4d0c80cbd1d6","local_time":"20210102214309","is_ascension_mode":true,"campfire_choices":[{"data":"Armaments","floor":6.0,"key":"SMITH"},{"data":"Searing Blow","floor":10.0,"key":"SMITH"},{"data":"Searing Blow+1","floor":12.0,"key":"SMITH"},{"data":"Searing Blow+2","floor":15.0,"key":"SMITH"}],"circlet_count":0,"master_deck":["AscendersBane","Strike_R","Strike_R","Strike_R","Strike_R","Defend_R","Defend_R","Defend_R","Defend_R","Bash","Blood for Blood","Armaments+1","Whirlwind","Searing Blow+3"],"relics":["Burning Blood","NeowsBlessing","Golden Idol","Matryoshka","Mummified Hand","Tiny Chest","Toy Ornithopter","Odd Mushroom"],"acts_visited":["Exordium"],"potions_floor_usage":[],"damage_taken":[{"damage":0.0,"enemies":"Jaw Worm","floor":1.0,"turns":1.0},{"damage":0.0,"enemies":"Cultist","floor":2.0,"turns":1.0},{"damage":0.0,"enemies":"3 Sentries","floor":7.0,"turns":2.0},{"damage":0.0,"enemies":"2 Louse","floor":8.0,"turns":2.0},{"damage":21.0,"enemies":"The Mushroom Lair","floor":11.0,"turns":4.0},{"damage":13.0,"enemies":"Large Slime","floor":13.0,"turns":5.0},{"damage":1.0,"enemies":"2 Fungi Beasts","floor":14.0,"turns":4.0},{"damage":44,"enemies":"The Guardian","floor":16,"turns":8}],"seed_played":"-3770038679539820034","potions_obtained":[{"floor":1.0,"key":"Strength Potion"},{"floor":11.0,"key":"LiquidMemories"}],"is_trial":false,"path_per_floor":["M","M","?","T","$","R","E","M","T","R","?","R","M","M","R","B"],"character_chosen":"IRONCLAD","items_purchased":["Armaments"],"campfire_rested":0,"item_purchase_floors":[5],"current_hp_per_floor":[74,75,49,49,49,49,55,61,61,61,46,46,39,44,44,0,0],"gold":168,"neow_bonus":"THREE_ENEMY_KILL","is_daily":false,"chose_seed":false,"campfire_upgraded":4,"win_rate":0.0,"timestamp":1609641789,"path_taken":["M","M","?","?","?","R","E","?","T","R","?","R","M","M","R","BOSS"],"items_purchased_type":["Card"],"build_version":"2020-12-22","purchased_purges":1,"victory":false,"max_hp_per_floor":[75,75,75,75,75,75,75,75,75,75,75,75,75,75,75,75,75],"relic_stats":{"counters":[8,27],"Golden Idol":28,"Mummified Hand":[0],"Tiny Chest":0,"obtain_stats":[{"Matryoshka":4,"NeowsBlessing":0,"Golden Idol":3,"Mummified Hand":7,"Tiny Chest":9,"Odd Mushroom":11,"Burning Blood":0,"Toy Ornithopter":9},{"Matryoshka":2,"NeowsBlessing":0,"Golden Idol":2,"Mummified Hand":3,"Tiny Chest":4,"Odd Mushroom":5,"Burning Blood":0,"Toy Ornithopter":4},{"Matryoshka":2,"NeowsBlessing":0,"Golden Idol":2,"Mummified Hand":4,"Tiny Chest":6,"Odd Mushroom":10,"Burning Blood":0,"Toy Ornithopter":6}],"Burning Blood":37,"Toy Ornithopter":0},"card_choices":[{"not_picked":["Metallicize","Heavy Blade","Warcry"],"picked":"SKIP","floor":1.0},{"not_picked":["Clothesline","Anger"],"picked":"Blood for Blood","floor":2.0},{"not_picked":["Thunderclap","Fire Breathing"],"picked":"Whirlwind","floor":7.0},{"not_picked":["Cleave","Body Slam"],"picked":"Searing Blow","floor":8.0},{"not_picked":["Heavy Blade","Perfected Strike","Sword Boomerang"],"picked":"SKIP","floor":13.0},{"not_picked":["Twin Strike","Blood for Blood","Clothesline"],"picked":"SKIP","floor":14.0}],"player_experience":945900,"relics_obtained":[{"floor":4.0,"key":"Matryoshka"},{"floor":7.0,"key":"Mummified Hand"},{"floor":9.0,"key":"Tiny Chest"},{"floor":9.0,"key":"Toy Ornithopter"},{"floor":11.0,"key":"Odd Mushroom"}],"event_choices":[{"damage_healed":0.0,"max_hp_gain":0.0,"max_hp_loss":0.0,"gold_gain":0.0,"event_name":"Golden Idol","player_choice":"Take Damage","floor":3.0,"gold_loss":0.0,"damage_taken":26.0,"relics_obtained":["Golden Idol"]},{"damage_healed":0.0,"max_hp_gain":0.0,"max_hp_loss":0.0,"gold_gain":0.0,"event_name":"Mushrooms","player_choice":"Fought Mushrooms","floor":11.0,"gold_loss":0.0,"damage_taken":0.0}],"is_beta":false,"boss_relics":[],"items_purged_floors":[5],"is_endless":false,"potions_floor_spawned":[1,11],"killed_by":"The Guardian","ascension_level":20}}