{"host":"h23hlq20ir8sps7h","time":1609704863,"event":{"mods":["Act Like it!","Aspiration","BaseMod","BetterRewards","Colored Map","Conspire","Energized Spire","Friendly Minions","GifTheSpireLib","Halation","Hubris","Ironclad Rager","Minty Spire (QoL Compilation)","Permanent Neow","Prisma Mod","Quarter Circle Forward PUNCH!","Quick Restart","Railgun Mod","Remilia??????","Replay The Spire","SCP261 Mod","Shop Mod","Spikes Relics","StSLib","Stuff the Spire","The Animator","The Hierophant","The Problem Sleuth","The Runesmith","The Sage","Trackpad","Wandering Minibosses","vexMod"],"gold_per_floor":[111,111,111,126,126,154,154,184,211,211,244,264,297,22,22,127,127,140,140,158,158,158,158,192,192,217,217,233,260,271,297,297,395,395,407,407,93,139,211,287,287,381,408,770,812,846,846,959,959,984],"floor_reached":51,"playtime":4826,"items_purged":[],"score":1149,"play_id":"52702d21-082b-4ac8-a21f-7c4a2d517220","local_time":"20210103121423","daily_mods":["SealedDeck","Specialized","Allstar","Colorless Cards","Heirloom","DeadlyEvents","Elite Swarm"],"is_ascension_mode":false,"campfire_choices":[{"data":"TheRailgun:Level_6","floor":7.0,"key":"SMITH"},{"data":"TheRailgun:Supercharge","floor":10.0,"key":"SMITH"},{"data":"Magnetism","floor":23.0,"key":"SMITH"},{"data":"Runesmith:CreatorForm","floor":25.0,"key":"SMITH"},{"data":"Sentinel","floor":27.0,"key":"SMITH"},{"data":"Wish","floor":32,"key":"SMITH"},{"data":"animator:Greed","floor":41,"key":"SMITH"},{"data":"Seek","floor":47,"key":"SMITH"},{"data":"TransientEternity","floor":49,"key":"SMITH"}],"circlet_count":0,"master_deck":["Demon Form","Wraith Form v2","Echo Form","DevaForm","TheRailgun:Level_6+1","Runesmith:CreatorForm+1","BatForm","sagemod:Cultist_Form","Sentinel","Sentinel+1","Sentinel","Sentinel","Sentinel","TheRailgun:Coin_Flip","TheRailgun:Coin_Flip","PrismaMod:MiyuCheapAttack1","Clothesline","Infernal Blade","Anger","Shrug It Off","PrismaMod:MiyuCheapStrBuff","TheRailgun:Iron_Dust_Shield","Pommel Strike","Flex","Cleave","Eclipse","TheRailgun:Supercharge+1","Flex","Master of Strategy","TheRailgun:Sister_Noise+1","Replay:Sssssssssshield","Magnetism+1","TheRailgun:Sister_Network+1","TheRailgun:Positive_Field+1","PrismaMod:MiyuCommonAOEAttack","TransientEternity","PrismaMod:ChloeExcalibur","Seek+1","Anger","Wish+1","animator:Greed+1","Anger+1","animator:PandorasActor+1","PrismaMod:MiyuCheapStrBuff+1","TransientEternity+1","hierophant:LocustPlague","Bane+1","vexMod:StairwayStrike","Anger+1"],"relics":["Burning Blood","qcfpunch:Broken_Tusk","qcfpunch:Necklace_of_Skulls","qcfpunch:Lotus_Statue","Pocketwatch","halation:StarCompass","halation:PinkSoulGem","Replay:Baseball","hubris:DeckOfHolding","qcfpunch:Black_Training_Shirt","Gremlin Food","StuffTheSpire:MayFlowers","trackpad:BottledAnger","aspiration:SecretTechniqueScroll","PrismaticShard","RollingBoulder","halation:BlackBeret","Strawberry","ChewingGum","Counterbalance","trackpad:PetRock","qcfpunch:Army_Boots","Old Coin","halation:VictoryRuler","BlackRope"],"acts_visited":["Exordium","TheCity","TheBeyond"],"potions_floor_usage":[30],"damage_taken":[{"damage":0.0,"enemies":"Small Slimes","floor":1.0,"turns":4.0},{"damage":0.0,"enemies":"Cultist","floor":4.0,"turns":4.0},{"damage":30.0,"enemies":"Gremlin Nob","floor":6.0,"turns":5.0},{"damage":3.0,"enemies":"Lagavulin","floor":8.0,"turns":6.0},{"damage":3.0,"enemies":"Gremlin Nob","floor":11.0,"turns":5.0},{"damage":11.0,"enemies":"Jaw Worm","floor":12.0,"turns":3.0},{"damage":20.0,"enemies":"3 Sentries","floor":13.0,"turns":5.0},{"damage":3.0,"enemies":"The Guardian","floor":16.0,"turns":7.0},{"damage":8.0,"enemies":"Shell Parasite","floor":18.0,"turns":5.0},{"damage":0.0,"enemies":"Spheric Guardian","floor":20.0,"turns":4.0},{"damage":18.0,"enemies":"Gremlin Leader","floor":24.0,"turns":5.0},{"damage":23.0,"enemies":"Centurion and Healer","floor":28.0,"turns":5.0},{"damage":18.0,"enemies":"conspire:SneckoGhost","floor":29.0,"turns":6.0},{"damage":0,"enemies":"Chosen and Byrds","floor":30,"turns":6},{"damage":53,"enemies":"Slavers","floor":31,"turns":6},{"damage":12,"enemies":"hubris:MusketHawk","floor":33,"turns":7},{"damage":0,"enemies":"3 Shapes","floor":35,"turns":2},{"damage":0,"enemies":"3 Darklings","floor":38,"turns":5},{"damage":0,"enemies":"Maw","floor":39,"turns":6},{"damage":9,"enemies":"4 Shapes","floor":40,"turns":4},{"damage":0,"enemies":"Giant Head","floor":42,"turns":8},{"damage":0,"enemies":"Nemesis","floor":44,"turns":5},{"damage":0,"enemies":"Writhing Mass","floor":45,"turns":5},{"damage":22,"enemies":"Reptomancer","floor":46,"turns":7},{"damage":0,"enemies":"R_Hoarder","floor":48,"turns":7},{"damage":8,"enemies":"Awakened One","floor":50,"turns":6}],"seed_played":"4856304295047321758","potions_obtained":[{"floor":1.0,"key":"Toxic Potion"},{"floor":4.0,"key":"Swift Potion"},{"floor":8.0,"key":"SCP261:EnergyGasPotion"},{"floor":13.0,"key":"Venom Potion"},{"floor":16.0,"key":"sagemod:Wine"},{"floor":30,"key":"Fruit Juice"},{"floor":31,"key":"Adrenaline Potion"}],"is_trial":true,"path_per_floor":["M","?","?","M","?","E","R","E","T","R","E","M","E","$","R_BF","B",null,"M","?","M","?","?","R","E","R","T","R","M","E","M","E","R","B",null,"M","?","$","M","M","M","R","E","T","E","M","E","R","E","R","B",null],"character_chosen":"IRONCLAD","items_purchased":["trackpad:BottledAnger","TheRailgun:Sister_Noise+1","Replay:Sssssssssshield","Counterbalance"],"campfire_rested":0,"item_purchase_floors":[14,14,14,37],"current_hp_per_floor":[80,80,80,80,80,56,56,80,80,80,80,80,68,68,68,80,80,78,78,80,72,72,72,80,80,80,80,80,80,88,51,51,69,95,95,95,95,95,95,92,92,95,95,95,95,95,95,95,95,95],"gold":984,"neow_bonus":"","is_daily":false,"chose_seed":false,"campfire_upgraded":9,"win_rate":0.0,"timestamp":1609704863,"path_taken":["M","?","?","?","?","E","R","E","T","R","E","M","E","$","R_BF","BOSS","M","?","M","?","?","R","E","R","T","R","M","E","M","E","R","BOSS","M","?","$","M","M","M","R","E","T","E","M","E","R","E","R","BOSS"],"items_purchased_type":["Relic","Card","Card","Relic"],"build_version":"2020-12-22","purchased_purges":0,"victory":true,"max_hp_per_floor":[80,80,80,80,80,80,80,80,80,80,80,80,80,80,80,80,80,80,80,80,80,80,80,80,80,80,80,80,80,88,95,95,95,95,95,95,95,95,95,95,95,95,95,95,95,95,95,95,95,95],"card_choices":[{"not_picked":["StuffTheSpire:RockThrow","PrismaMod:MiyuUncommonAttack"],"picked":"Flex","floor":1.0},{"not_picked":["TheRailgun:Pull","animator:MisakiNakahara"],"picked":"Cleave","floor":4.0},{"not_picked":["PrismaMod:MiyuChannelAttackEvoke","Brutality"],"picked":"Eclipse","floor":6.0},{"not_picked":["Reforge","TheRailgun:Judgement_Officer"],"picked":"TheRailgun:Supercharge","floor":8.0},{"not_picked":["conspire:Purge","TheRailgun:Thundervolt","StuffTheSpire:TitanForm"],"picked":"SKIP","floor":11.0},{"not_picked":["ReplayTheSpireMod:Uncanny Aura","Clash"],"picked":"Flex","floor":12.0},{"not_picked":["TheRailgun:Overload","PrismaMod:MiyuEvokeAllDefend"],"picked":"Master of Strategy","floor":13.0},{"not_picked":["ReplayTheSpireMod:Necrogeddon","conspire:HitWhereItHurts","Anger"],"picked":"Magnetism","floor":16.0},{"not_picked":["animator:MisaKurobane","Degenerate+1","Anger"],"picked":"TheRailgun:Sister_Network+1","floor":18.0},{"not_picked":["TheRailgun:Zap","TheRailgun:Circuit_Breaker","Anger+1"],"picked":"TheRailgun:Positive_Field+1","floor":20.0},{"not_picked":["Warcry","PrismaMod:MiyuCheapAttack2","Anger+1"],"picked":"PrismaMod:MiyuCommonAOEAttack","floor":21.0},{"not_picked":["TheRailgun:Rewiring","Glass Knife","Anger"],"picked":"TransientEternity","floor":24.0},{"not_picked":["TheRailgun:Stun_Shock","Life Link","Anger"],"picked":"PrismaMod:ChloeExcalibur","floor":28.0},{"not_picked":["Runesmith:Duplicate","ReplayTheSpireMod:Fabricate Wheel","Anger"],"picked":"Seek","floor":29.0},{"not_picked":["animator:LizardPriest+1","PrismaMod:IllyaGrailKun+1","TheRailgun:Coin_Flip"],"picked":"Anger","floor":30},{"not_picked":["Reboot","animator:Father","Anger"],"picked":"Wish","floor":31},{"not_picked":["Vault","PrismaMod:ChloeGreatTracePools","Anger+1"],"picked":"animator:Greed","floor":33},{"not_picked":["PrismaMod:MiyuEvokeBuffDex+1","BloodHunter+1","hierophant:Alms"],"picked":"Anger+1","floor":35},{"not_picked":["TheRailgun:Thundershock+1","theSleuth:TruffleShuffle+1","Anger"],"picked":"animator:PandorasActor+1","floor":38},{"not_picked":["theSleuth:VictoryPose+1","Lockon","Anger"],"picked":"PrismaMod:MiyuCheapStrBuff+1","floor":39},{"not_picked":["UnderTheZenith+1","sagemod:About_Clark","PrismaMod:IllyaUpgradeOrbs","Anger"],"picked":"SKIP","floor":40},{"not_picked":["hubris:StunningStrike","hierophant:Anathema","Anger"],"picked":"TransientEternity","floor":42},{"not_picked":["hierophant:Anathema","PrismaMod:MiyuChannelAttackEvoke","Anger"],"picked":"hierophant:LocustPlague","floor":44},{"not_picked":["animator:TukaLunaMarceau","Runesmith:ShiftingStrike+1","Anger"],"picked":"Bane+1","floor":45},{"not_picked":["theSleuth:RollBoxcars","Runesmith:ReplicatingBarrier","Anger+1"],"picked":"vexMod:StairwayStrike","floor":46},{"not_picked":["TheRailgun:Supercharge","Immolate","Crow Ritual"],"picked":"Anger+1","floor":48}],"player_experience":249619,"relics_obtained":[{"floor":6.0,"key":"Replay:Baseball"},{"floor":8.0,"key":"hubris:DeckOfHolding"},{"floor":9.0,"key":"qcfpunch:Black_Training_Shirt"},{"floor":11.0,"key":"Gremlin Food"},{"floor":13.0,"key":"StuffTheSpire:MayFlowers"},{"floor":21.0,"key":"PrismaticShard"},{"floor":26.0,"key":"RollingBoulder"},{"floor":29.0,"key":"halation:BlackBeret"},{"floor":31,"key":"Strawberry"},{"floor":42,"key":"trackpad:PetRock"},{"floor":43,"key":"qcfpunch:Army_Boots"},{"floor":44,"key":"Old Coin"},{"floor":46,"key":"halation:VictoryRuler"},{"floor":48,"key":"BlackRope"}],"event_choices":[{"damage_healed":0.0,"max_hp_gain":0.0,"max_hp_loss":0.0,"gold_gain":0.0,"event_name":"The Woman in Blue","player_choice":"Bought 0 Potions","floor":3.0,"gold_loss":0.0,"damage_taken":0.0},{"damage_healed":0.0,"max_hp_gain":0.0,"max_hp_loss":0.0,"gold_gain":0.0,"event_name":"Back to Basics","player_choice":"Simplicity","floor":19.0,"gold_loss":0.0,"damage_taken":0.0,"cards_upgraded":[]}],"is_beta":false,"boss_relics":[{"not_picked":["StuffTheSpire:RunicConfusion","aspiration:PoetsPen_weak"],"picked":"aspiration:SecretTechniqueScroll"},{"not_picked":["Kintsugi","Runic Cube"],"picked":"ChewingGum"}],"items_purged_floors":[],"is_endless":false,"potions_floor_spawned":[1,4,8,13,16,20,28,30,31,35,39,42],"ascension_level":0}}