{"host":"szp1d6dso4pv7ddl","time":1609650279,"event":{"mods":["AchievementEnabler","Alarm Clock","BaseMod","Bestiary","Block Reminder","Colored Map","Colored Powertips","Curses Come First","Displayed Cursed Tome","Highlight Path","Minty Spire (QoL Compilation)","Permanent Neow","Quick Restart","Relic Sorter","Relic Stats","StSLib","Synergy Search"],"gold_per_floor":[359,359,534,218,234,266,266,283,283,299,315,335,162,162,162,162,162],"floor_reached":16,"playtime":659,"items_purged":["Doubt"],"score":163,"play_id":"eb473745-1807-46e3-b04d-5fde517d0e7f","local_time":"20210102210439","is_ascension_mode":true,"campfire_choices":[{"floor":7,"key":"REST"},{"floor":15,"key":"REST"}],"circlet_count":0,"master_deck":["AscendersBane","Strike_R","Strike_R","Strike_R","Strike_R","Strike_R","Defend_R","Defend_R","Defend_R","Bash","Dark Embrace","Wild Strike","Thunderclap","Pommel Strike","Corruption","Dropkick","Fiend Fire","Double Tap"],"relics":["Burning Blood","Letter Opener","InkBottle","Membership Card","Vajra"],"acts_visited":["Exordium"],"potions_floor_usage":[11,16,16],"damage_taken":[{"damage":9,"enemies":"2 Louse","floor":1,"turns":3},{"damage":12,"enemies":"Small Slimes","floor":5,"turns":3},{"damage":32,"enemies":"Gremlin Nob","floor":6,"turns":4},{"damage":12,"enemies":"Jaw Worm","floor":8,"turns":2},{"damage":16,"enemies":"Blue Slaver","floor":10,"turns":3},{"damage":1,"enemies":"Looter","floor":11,"turns":3},{"damage":6,"enemies":"Exordium Thugs","floor":12,"turns":3},{"damage":55,"enemies":"The Guardian","floor":16,"turns":8}],"seed_played":"-9222891938670551911","potions_obtained":[{"floor":5,"key":"ColorlessPotion"},{"floor":8,"key":"Block Potion"},{"floor":12,"key":"EssenceOfSteel"}],"is_trial":false,"path_per_floor":["M","?","?","$","M","E","R","M","T","M","M","M","$","?","R","B"],"character_chosen":"IRONCLAD","items_purchased":["Membership Card","InkBottle","Fiend Fire","Double Tap","Fire Potion"],"campfire_rested":2,"item_purchase_floors":[4,4,13,13,13],"current_hp_per_floor":[48,48,48,48,42,16,40,34,34,24,29,29,29,29,53,0,0],"gold":162,"neow_bonus":"TWO_FIFTY_GOLD","is_daily":false,"chose_seed":false,"campfire_upgraded":0,"win_rate":0.0,"timestamp":1609650279,"path_taken":["M","?","?","$","M","E","R","M","T","M","M","M","$","?","R","BOSS"],"items_purchased_type":["Relic","Relic","Card","Card","Potion"],"build_version":"2020-12-22","purchased_purges":1,"victory":false,"max_hp_per_floor":[80,80,80,80,80,80,80,80,80,80,80,80,80,80,80,80,80],"relic_stats":{"counters":[8,29],"Letter Opener":[0],"obtain_stats":[{"Vajra":9,"Membership Card":4,"Letter Opener":6,"Burning Blood":0,"InkBottle":4},{"Vajra":4,"Membership Card":1,"Letter Opener":3,"Burning Blood":0,"InkBottle":1},{"Vajra":12,"Membership Card":3,"Letter Opener":10,"Burning Blood":0,"InkBottle":3}],"Burning Blood":42,"InkBottle":[6]},"card_choices":[{"not_picked":["Clash","Feel No Pain"],"picked":"Dark Embrace","floor":1},{"not_picked":["Clothesline","Combust"],"picked":"Thunderclap","floor":5},{"not_picked":["Perfected Strike","Inflame"],"picked":"Pommel Strike","floor":6},{"not_picked":["Headbutt","Heavy Blade","Burning Pact"],"picked":"SKIP","floor":8},{"not_picked":["Hemokinesis","Inflame","Thunderclap"],"picked":"SKIP","floor":10},{"not_picked":["Thunderclap","Body Slam"],"picked":"Corruption","floor":11},{"not_picked":["Armaments","Perfected Strike"],"picked":"Dropkick","floor":12}],"player_experience":1104445,"relics_obtained":[{"floor":6,"key":"Letter Opener"},{"floor":9,"key":"Vajra"}],"event_choices":[{"damage_healed":0,"gold_gain":0,"cards_transformed":["Defend_R"],"player_choice":"Change","damage_taken":0,"max_hp_gain":0,"max_hp_loss":0,"event_name":"Living Wall","floor":2,"gold_loss":0,"cards_obtained":["Wild Strike"]},{"damage_healed":0,"gold_gain":175,"player_choice":"AGREE","damage_taken":0,"max_hp_gain":0,"max_hp_loss":0,"event_name":"Liars Game","floor":3,"gold_loss":0,"cards_obtained":["Doubt"]},{"damage_healed":0,"gold_gain":0,"player_choice":"Ignored","damage_taken":0,"max_hp_gain":0,"max_hp_loss":0,"event_name":"Shining Light","floor":14,"gold_loss":0}],"is_beta":false,"boss_relics":[],"items_purged_floors":[4],"is_endless":false,"potions_floor_spawned":[5,8,12],"killed_by":"The Guardian","ascension_level":12}}