{"host":"5gusigds1c3jyr99","time":1609683349,"event":{"mods":["AchievementEnabler","Arknights The Spire","Astrologer","BaseMod","GungeonMod","Hermit","Marisa£¨Ùöéë¡¡Øª×âÞÞ£©","Minty Spire (QoL Compilation)","Permanent Neow","Replay The Spire","StSLib","The Bug Knight","The Cursed","The Death Knight","The Disciple","The Dragon Tamer","The Hierophant","The Jungle","The Poker Player","The Senshi","TheBandit"],"gold_per_floor":[116,136,147,166,166,199,199,234,234,234,234,234,259,38,38,38,38],"floor_reached":16,"playtime":1209,"items_purged":["Hallucinations"],"score":116,"play_id":"52e167ef-83a2-4e29-900e-321e8f3c44f0","local_time":"20210103231549","is_ascension_mode":true,"campfire_choices":[{"data":"ats:Hammer On","floor":7,"key":"SMITH"},{"data":"ats:Armor Crushing Shot","floor":10,"key":"SMITH"},{"data":"ats:Shell Defense","floor":15,"key":"SMITH"}],"circlet_count":0,"master_deck":["ats:Strike C","ats:Strike G","ats:Strike S","ats:Strike V","ats:Armor Crushing Shot+1","ats:Defend","ats:Defend","ats:Defend","ats:Emotion Absorption","ats:Leaping Hammer","ats:Hammer On","ats:Hammer On+1","ats:Shell Defense+1","ats:Powerful Strike","ats:Calcification+1","Injury","ats:Steam Pump","ats:Calcification+1"],"relics":["ats:Sanity","Golden Egg","ats:Originium","Question Card","theSenshi:SailorFukuRelic","Ornamental Fan","Golden Idol","Ring of Fury","ReplayTheSpireMod:Ring of Exchange","DollysMirror"],"acts_visited":["Exordium"],"potions_floor_usage":[6],"damage_taken":[{"damage":2,"enemies":"Cultist","floor":1,"turns":5},{"damage":9,"enemies":"Small Slimes","floor":2,"turns":4},{"damage":0,"enemies":"2 Louse","floor":3,"turns":2},{"damage":27,"enemies":"Large Slime","floor":4,"turns":6},{"damage":16,"enemies":"3 Sentries","floor":6,"turns":8},{"damage":15,"enemies":"Gremlin Nob","floor":8,"turns":4},{"damage":0,"enemies":"3 Louse","floor":13,"turns":3},{"damage":25,"enemies":"The Guardian","floor":16,"turns":8}],"seed_played":"998031764148486583","potions_obtained":[{"floor":1,"key":"Reflective Coating"},{"floor":2,"key":"BlessingOfTheForge"}],"is_trial":false,"path_per_floor":["M","M","M","M","T","E","R","E","T","R","?","?","M","$","R","B"],"character_chosen":"DOCTOR_CLASS","items_purchased":["DollysMirror"],"campfire_rested":0,"item_purchase_floors":[14],"current_hp_per_floor":[70,61,61,34,34,23,23,8,8,8,8,8,11,11,11,0,0],"gold":38,"neow_bonus":"REMOVE_CARD","is_daily":false,"chose_seed":false,"campfire_upgraded":3,"win_rate":0.0,"timestamp":1609683349,"path_taken":["M","?","M","?","?","E","R","E","T","R","?","?","M","$","R","BOSS"],"items_purchased_type":["Relic"],"build_version":"2020-12-22","purchased_purges":1,"victory":false,"max_hp_per_floor":[72,72,72,72,72,72,72,72,72,72,72,72,72,72,72,72,72],"card_choices":[{"not_picked":["ats:Childhood Dance","ats:Flexible Camouflage"],"picked":"ats:Leaping Hammer","floor":1},{"not_picked":["ats:True Silver Slash","ats:Childhood Dance"],"picked":"ats:Hammer On","floor":2},{"not_picked":["ats:Childhood Dance","ats:LN2 Cannon"],"picked":"ats:Hammer On","floor":3},{"not_picked":["ats:Part Time Job","ats:Powerful Strike"],"picked":"ats:Shell Defense","floor":4},{"not_picked":["ats:True Silver Slash","ats:Healing Strengthening"],"picked":"ats:Powerful Strike","floor":6},{"not_picked":["ats:Burning Ground","ats:Shell Defense","ats:Revitalization"],"picked":"ats:Calcification","floor":8},{"not_picked":["ats:Childhood Dance","ats:Consecutive Shot Auto","ats:True Silver Slash"],"picked":"ats:Steam Pump","floor":13}],"player_experience":606118,"relics_obtained":[{"floor":5,"key":"Golden Egg"},{"floor":6,"key":"ats:Originium"},{"floor":6,"key":"Question Card"},{"floor":8,"key":"ats:Originium"},{"floor":8,"key":"theSenshi:SailorFukuRelic"},{"floor":9,"key":"Ornamental Fan"},{"floor":12,"key":"Ring of Fury"},{"floor":12,"key":"ReplayTheSpireMod:Ring of Exchange"}],"event_choices":[{"damage_healed":0,"gold_gain":0,"player_choice":"Take Wound","damage_taken":0,"relics_obtained":["Golden Idol"],"max_hp_gain":0,"max_hp_loss":0,"event_name":"Golden Idol","floor":11,"gold_loss":0,"cards_obtained":["Injury"]}],"is_beta":false,"boss_relics":[],"items_purged_floors":[14],"is_endless":false,"potions_floor_spawned":[1,2],"killed_by":"The Guardian","ascension_level":1}}