{"host":"0cgp910o8339lr91","time":1609659528,"event":{"mods":["BaseMod","Block Reminder","Colored Map","Colored Powertips","Filter the Spire","Minty Spire (QoL Compilation)","Relic Stats","Slay-I","ojb\u0027s Better Paths Mod","ojb\u0027s Info Mod"],"gold_per_floor":[125,153,78,78,103,137,137,176,224,240,262,293,293,328,328,328,328],"floor_reached":16,"playtime":1076,"items_purged":[],"score":360,"play_id":"303d69a3-6084-4fb9-bf24-9c6189366d13","local_time":"20210103083848","is_ascension_mode":true,"campfire_choices":[{"data":"Ragnarok","floor":7.0,"key":"SMITH"},{"data":"Eruption","floor":13,"key":"SMITH"},{"data":"Wish","floor":15,"key":"SMITH"}],"circlet_count":0,"master_deck":["AscendersBane","Strike_P","Strike_P","Strike_P","Strike_P","Defend_P","Defend_P","Defend_P","Eruption+1","Vigilance","CurseOfTheBell","JustLucky","Ragnarok+1","EmptyFist","MentalFortress","Wish+1"],"relics":["Calling Bell","CeramicFish","Pear","Thread and Needle","Blue Candle","Tiny Chest","Toy Ornithopter","Regal Pillow","Bronze Scales"],"acts_visited":["Exordium"],"potions_floor_usage":[12],"damage_taken":[{"damage":7.0,"enemies":"Small Slimes","floor":1.0,"turns":3.0},{"damage":0.0,"enemies":"Jaw Worm","floor":2.0,"turns":5.0},{"damage":2.0,"enemies":"Cultist","floor":5.0,"turns":4.0},{"damage":0.0,"enemies":"Gremlin Nob","floor":6.0,"turns":2.0},{"damage":9.0,"enemies":"Lagavulin","floor":8.0,"turns":6.0},{"damage":0.0,"enemies":"Exordium Wildlife","floor":10.0,"turns":2.0},{"damage":12.0,"enemies":"Lots of Slimes","floor":11.0,"turns":6.0},{"damage":30,"enemies":"3 Sentries","floor":12,"turns":4},{"damage":1,"enemies":"Lagavulin","floor":14,"turns":6},{"damage":24,"enemies":"Hexaghost","floor":16,"turns":9}],"seed_played":"-8844004814505554455","potions_obtained":[{"floor":1.0,"key":"Swift Potion"},{"floor":2.0,"key":"LiquidMemories"},{"floor":6.0,"key":"ColorlessPotion"},{"floor":14,"key":"Explosive Potion"}],"is_trial":false,"path_per_floor":["M","M","?","?","M","E","R","E","T","M","M","E","R","E","R","B"],"character_chosen":"WATCHER","items_purchased":[],"campfire_rested":0,"item_purchase_floors":[],"current_hp_per_floor":[64,64,64,69,67,67,67,58,58,58,46,21,21,20,20,0,0],"gold":328,"neow_bonus":"BOSS_RELIC","is_daily":false,"chose_seed":false,"campfire_upgraded":3,"win_rate":0.0,"timestamp":1609659528,"path_taken":["M","M","?","?","M","E","R","E","T","M","M","E","R","E","R","BOSS"],"items_purchased_type":[],"build_version":"2020-12-22","purchased_purges":0,"victory":false,"max_hp_per_floor":[78,78,78,83,83,83,83,83,83,83,83,83,83,83,83,83,83],"relic_stats":{"Regal Pillow":0,"counters":[10,47],"CeramicFish":45,"Blue Candle":[4],"Bronze Scales":[54],"Tiny Chest":0,"obtain_stats":[{"Calling Bell":0,"Regal Pillow":12,"Pear":0,"CeramicFish":0,"Blue Candle":6,"Bronze Scales":14,"Thread and Needle":0,"Tiny Chest":8,"PureWater":0,"Toy Ornithopter":9},{"Calling Bell":0,"Regal Pillow":8,"Pear":0,"CeramicFish":0,"Blue Candle":4,"Bronze Scales":9,"Thread and Needle":0,"Tiny Chest":5,"PureWater":0,"Toy Ornithopter":5},{"Calling Bell":0,"Regal Pillow":32,"Pear":0,"CeramicFish":0,"Blue Candle":14,"Bronze Scales":38,"Thread and Needle":0,"Tiny Chest":20,"PureWater":0,"Toy Ornithopter":20}],"Toy Ornithopter":5},"card_choices":[{"not_picked":["Crescendo","Vengeance"],"picked":"JustLucky","floor":1.0},{"not_picked":["EmptyBody","WaveOfTheHand"],"picked":"Ragnarok","floor":2.0},{"not_picked":["Worship","Indignation"],"picked":"EmptyFist","floor":5.0},{"not_picked":["Crescendo","FlyingSleeves","WaveOfTheHand"],"picked":"SKIP","floor":6.0},{"not_picked":["Weave","Halt"],"picked":"MentalFortress","floor":8.0},{"not_picked":["FollowUp","CutThroughFate","ClearTheMind"],"picked":"SKIP","floor":10.0},{"not_picked":["CutThroughFate","Prostrate"],"picked":"Wish","floor":11.0},{"not_picked":["Protect","Weave","ThirdEye"],"picked":"SKIP","floor":12},{"not_picked":["SashWhip","CrushJoints","CutThroughFate"],"picked":"SKIP","floor":14}],"player_experience":1375401,"relics_obtained":[{"floor":0.0,"key":"CeramicFish"},{"floor":0.0,"key":"Pear"},{"floor":0.0,"key":"Thread and Needle"},{"floor":6.0,"key":"Blue Candle"},{"floor":8.0,"key":"Tiny Chest"},{"floor":9.0,"key":"Toy Ornithopter"},{"floor":12,"key":"Regal Pillow"},{"floor":14,"key":"Bronze Scales"}],"event_choices":[{"cards_removed":["Defend_P"],"damage_healed":0.0,"max_hp_gain":0.0,"max_hp_loss":0.0,"gold_gain":0.0,"event_name":"The Cleric","player_choice":"Card Removal","floor":3.0,"gold_loss":75.0,"damage_taken":0.0},{"damage_healed":0.0,"max_hp_gain":5.0,"max_hp_loss":0.0,"gold_gain":0.0,"event_name":"Big Fish","player_choice":"Donut","floor":4.0,"gold_loss":0.0,"damage_taken":0.0}],"is_beta":false,"boss_relics":[],"items_purged_floors":[],"is_endless":false,"potions_floor_spawned":[1,2,5,6,14],"killed_by":"Hexaghost","ascension_level":20}}