{"host":"¿à÷økuyou","time":1609677660,"event":{"mods":["ATMod(°¢èªMod)","Act Like it!","BaseMod","BetterRewards","Minty Spire (QoL Compilation)","Quick Restart","StSLib"],"gold_per_floor":[113,38,38,58,133,161,161,175,175,208,208,271,271,283,283,283,283],"floor_reached":16,"playtime":397,"items_purged":["Strike_B"],"score":193,"play_id":"7da9b74d-84c8-4947-b5d7-80be700f54a8","local_time":"20210103204100","is_ascension_mode":true,"campfire_choices":[{"data":"Coolheaded","floor":7,"key":"SMITH"},{"data":"Recycle","floor":11,"key":"SMITH"},{"floor":13,"key":"REST"},{"data":"Dualcast","floor":15,"key":"SMITH"}],"circlet_count":0,"master_deck":["Strike_B","Strike_B","Defend_B","Defend_B","Defend_B","Defend_B","Zap","Dualcast+1","AT_EMC2","Coolheaded+1","Streamline","Capacitor","Recycle+1","Ball Lightning","Cold Snap","Echo Form"],"relics":["Cracked Core","AT_ATBox","NeowsBlessing","AT_GoldPhoenixTree","Nunchaku","Centennial Puzzle"],"acts_visited":["Exordium"],"potions_floor_usage":[12],"damage_taken":[{"damage":0,"enemies":"Jaw Worm","floor":1,"turns":1},{"damage":0,"enemies":"Cultist","floor":4,"turns":1},{"damage":0,"enemies":"Gremlin Nob","floor":6,"turns":1},{"damage":12,"enemies":"Small Slimes","floor":8,"turns":4},{"damage":28,"enemies":"3 Sentries","floor":10,"turns":11},{"damage":8,"enemies":"Lagavulin Event","floor":12,"turns":6},{"damage":0,"enemies":"Looter","floor":14,"turns":2},{"damage":31,"enemies":"Slime Boss","floor":16,"turns":5}],"seed_played":"4774879662646273960","potions_obtained":[{"floor":6,"key":"FocusPotion"},{"floor":10,"key":"DistilledChaos"},{"floor":12,"key":"SneckoOil"}],"is_trial":false,"path_per_floor":["M","$","?","M","?","E","R","M","T","E","R","?","R","M","R","B"],"character_chosen":"DEFECT","items_purchased":[],"campfire_rested":1,"item_purchase_floors":[],"current_hp_per_floor":[68,68,68,68,57,57,57,45,45,17,17,9,31,31,31,0,0],"gold":283,"neow_bonus":"THREE_ENEMY_KILL","is_daily":false,"chose_seed":false,"campfire_upgraded":3,"win_rate":0.0,"timestamp":1609677660,"path_taken":["M","$","?","?","?","E","R","M","T","E","R","?","R","M","R","BOSS"],"items_purchased_type":[],"build_version":"2020-12-18","purchased_purges":1,"victory":false,"max_hp_per_floor":[75,75,75,75,75,75,75,75,75,75,75,75,75,75,75,75,75],"card_choices":[{"not_picked":["Sweeping Beam","Turbo"],"picked":"Coolheaded","floor":1},{"not_picked":["Barrage","Sweeping Beam"],"picked":"Streamline","floor":4},{"not_picked":["Auto Shields","Blizzard"],"picked":"Capacitor","floor":6},{"not_picked":["Coolheaded","AT_DarkMatter"],"picked":"Recycle","floor":8},{"not_picked":["Melter","Beam Cell"],"picked":"Ball Lightning","floor":10},{"not_picked":["Leap","Streamline"],"picked":"Cold Snap","floor":12},{"not_picked":["AT_HeatAcrobatics","Leap"],"picked":"Echo Form","floor":14}],"player_experience":157980,"relics_obtained":[{"floor":6,"key":"AT_GoldPhoenixTree"},{"floor":10,"key":"Nunchaku"},{"floor":12,"key":"Centennial Puzzle"}],"event_choices":[{"cards_removed":["Strike_B"],"damage_healed":0,"gold_gain":0,"player_choice":"Purged","damage_taken":0,"max_hp_gain":0,"max_hp_loss":0,"event_name":"Purifier","floor":3,"gold_loss":0},{"damage_healed":0,"gold_gain":75,"player_choice":"Gather Gold","damage_taken":11,"max_hp_gain":0,"max_hp_loss":0,"event_name":"World of Goop","floor":5,"gold_loss":0},{"damage_healed":0,"gold_gain":0,"player_choice":"Searched \u00271\u0027 times","damage_taken":0,"max_hp_gain":0,"max_hp_loss":0,"event_name":"Dead Adventurer","floor":12,"gold_loss":0}],"is_beta":true,"boss_relics":[],"items_purged_floors":[2],"is_endless":false,"potions_floor_spawned":[6,10,12],"killed_by":"Slime Boss","ascension_level":9}}