{"host":"7uuqqk35leady37t","time":1609652163,"event":{"mods":["BaseMod","Colored Map","Colored Powertips","Downfall","Marisa£®ÏF”Í°°ƒß¿Ì…≥£©","Minty Spire (QoL Compilation)","Remilia£®¿Ÿ√◊¿Ú—«£©","Robot Space Explorer","StSLib","The Bug Knight","The Servant 0.9.4","Waifu the Spire","Yuri Mod","[IsaacMod]“‘»ˆº‚À˛"],"gold_per_floor":[115,115,65,79,79,108,118,150,150,150,184,202,12,37,37,150,150,178,277,277,577,597,638,638,688,688,734,750,750,750],"floor_reached":29,"playtime":3391,"items_purged":["Defend_MRS"],"score":369,"play_id":"99e48625-ec62-4abe-b02b-ff6a2ce00592","local_time":"20210103133603","is_ascension_mode":true,"campfire_choices":[{"data":"IllusionStar","floor":10,"key":"SMITH"},{"floor":15,"key":"REST"},{"floor":24,"key":"REST"}],"circlet_count":0,"master_deck":["Strike_MRS","Strike_MRS","Defend_MRS","Defend_MRS","MasterSpark","UpSweep","IllusionStar+1","OortCloud","Orbital","ManaConvection","PowerUp","UnstableBomb+1","WitchOfGreed","ManaRampage","Singularity","FinalSpark+1","CurseOfTheBell","CasketOfStar","MysteriousBeam+1","Greed_TH","NonDirectionalLaser+1","PowerUp+1","MysteriousBeam+1","WitchOfGreed","PowerUp"],"relics":["MiniHakkero","HushsDoor","SteamSale","DeathBook","Molten Egg 2","Bottled Lightning","Darkstone Periapt","Bronze Scales","Calling Bell","HowToJump","InkBottle","Pocketwatch","GuppysCollar","Omamori","Gremlin Horn","Ornamental Fan","HollowMod:StagPassRelic"],"acts_visited":["Exordium","TheCity"],"potions_floor_usage":[8,11,16,16,18,23,23,25,27,27,27,29],"damage_taken":[{"damage":13,"enemies":"Jaw Worm","floor":1,"turns":3},{"damage":10,"enemies":"2 Louse","floor":4,"turns":3},{"damage":24,"enemies":"Gremlin Nob","floor":6,"turns":5},{"damage":1,"enemies":"Small Slimes","floor":7,"turns":4},{"damage":1,"enemies":"Lagavulin","floor":8,"turns":6},{"damage":0,"enemies":"HollowMod:MossKnight","floor":11,"turns":6},{"damage":13,"enemies":"Looter","floor":12,"turns":3},{"damage":0,"enemies":"3 Louse","floor":14,"turns":1},{"damage":33,"enemies":"Slime Boss","floor":16,"turns":6},{"damage":30,"enemies":"2 Thieves","floor":18,"turns":3},{"damage":0,"enemies":"Spheric Guardian","floor":22,"turns":1},{"damage":34,"enemies":"Book of Stabbing","floor":23,"turns":5},{"damage":30,"enemies":"Gremlin Leader","floor":25,"turns":4},{"damage":0,"enemies":"HollowMod:Nosk","floor":27,"turns":3},{"damage":0,"enemies":"Snake Plant","floor":28,"turns":2},{"damage":6,"enemies":"Cultist and Chosen","floor":29,"turns":1}],"seed_played":"-2995211509067834130","potions_obtained":[{"floor":4,"key":"DistilledChaos"},{"floor":6,"key":"SkillPotion"},{"floor":7,"key":"FearPotion"},{"floor":11,"key":"champ:CounterPotion"},{"floor":14,"key":"SteroidPotion"},{"floor":16,"key":"champ:CounterPotion"},{"floor":16,"key":"DuplicationPotion"},{"floor":18,"key":"champ:CounterPotion"},{"floor":23,"key":"SteroidPotion"},{"floor":23,"key":"Dexterity Potion"},{"floor":25,"key":"Fire Potion"},{"floor":27,"key":"LiquidMemories"},{"floor":28,"key":"StarNLove"}],"is_trial":false,"path_per_floor":["M","?","?","M","?","E","M","E","T","R","E","M","$","M","R","B",null,"M","?","?","?","M","E","R","E","T","E","M","M"],"character_chosen":"MARISA","items_purchased":["ManaRampage","Bronze Scales","GuppysCollar","CasketOfStar"],"campfire_rested":2,"item_purchase_floors":[13,13,17,17],"current_hp_per_floor":[69,62,62,52,52,28,27,26,26,26,26,13,13,13,37,4,71,41,41,41,47,47,13,36,6,6,6,6,0,0],"gold":750,"neow_bonus":"TEN_PERCENT_HP_BONUS","is_daily":false,"chose_seed":false,"campfire_upgraded":1,"win_rate":0.0,"timestamp":1609652163,"path_taken":["M","?","?","M","?","E","M","E","T","R","E","?","$","M","R","BOSS","M","?","?","?","M","E","R","E","T","E","M","M"],"items_purchased_type":["Card","Relic","Relic","Card"],"build_version":"2020-12-22","purchased_purges":1,"victory":false,"max_hp_per_floor":[82,82,82,82,82,82,82,82,82,82,82,82,82,82,82,82,71,71,71,71,77,77,77,77,77,77,77,77,77,77],"card_choices":[{"not_picked":[],"picked":"ChaosCard","floor":0},{"not_picked":["GravityBeat","SprinkleStarSeal"],"picked":"IllusionStar","floor":1},{"not_picked":["DarkSpark","NonDirectionalLaser"],"picked":"OortCloud","floor":4},{"not_picked":["GalacticHalo","DragonMeteor"],"picked":"ManaConvection","floor":6},{"not_picked":["StarBarrage","GasGiant","OneTimeOff"],"picked":"SKIP","floor":7},{"not_picked":["SprinkleStarSeal","AbsoluteMagnitude+1"],"picked":"PowerUp","floor":8},{"not_picked":["StarlightTyphoon","RefractionSpark+1"],"picked":"UnstableBomb+1","floor":11},{"not_picked":["ShootingEcho+1","DoubleSpark+1"],"picked":"WitchOfGreed","floor":12},{"not_picked":["PowerUp","AsteroidBelt"],"picked":"Singularity","floor":14},{"not_picked":["BlazingStar+1","BigCrunch"],"picked":"FinalSpark+1","floor":16},{"not_picked":["DoubleSpark+1","MilkyWay"],"picked":"MysteriousBeam+1","floor":18},{"not_picked":["MilkyWay","6A+1"],"picked":"NonDirectionalLaser+1","floor":22},{"not_picked":["StarBarrage+1","SatelliteIllusion"],"picked":"PowerUp+1","floor":23},{"not_picked":["StarBarrage+1","PowerUp"],"picked":"MysteriousBeam+1","floor":25},{"not_picked":["SuperPerseids","EventHorizon"],"picked":"WitchOfGreed","floor":27},{"not_picked":["MilkyWay+1","MagicChant"],"picked":"PowerUp","floor":28}],"player_experience":39966,"relics_obtained":[{"floor":6,"key":"DeathBook"},{"floor":8,"key":"Molten Egg 2"},{"floor":9,"key":"Bottled Lightning"},{"floor":11,"key":"Darkstone Periapt"},{"floor":17,"key":"HowToJump"},{"floor":17,"key":"InkBottle"},{"floor":17,"key":"Pocketwatch"},{"floor":23,"key":"Omamori"},{"floor":25,"key":"Gremlin Horn"},{"floor":26,"key":"Ornamental Fan"},{"floor":27,"key":"HollowMod:StagPassRelic"}],"event_choices":[{"cards_removed":["Strike_MRS"],"damage_healed":0,"gold_gain":0,"player_choice":"Card Removal","damage_taken":7,"max_hp_gain":0,"max_hp_loss":0,"event_name":"Golden Wing","floor":2,"gold_loss":0},{"cards_removed":["Defend_MRS"],"damage_healed":0,"gold_gain":0,"player_choice":"Card Removal","damage_taken":0,"max_hp_gain":0,"max_hp_loss":0,"event_name":"The Cleric","floor":3,"gold_loss":50},{"damage_healed":0,"gold_gain":0,"cards_transformed":["Strike_MRS"],"player_choice":"Change","damage_taken":0,"max_hp_gain":0,"max_hp_loss":0,"event_name":"Living Wall","floor":5,"gold_loss":0,"cards_obtained":["Orbital"]},{"damage_healed":0,"gold_gain":99,"player_choice":"Stole From Cult","damage_taken":0,"max_hp_gain":0,"max_hp_loss":0,"event_name":"Nest","floor":19,"gold_loss":0},{"damage_healed":0,"gold_gain":0,"player_choice":"Ignored","damage_taken":0,"max_hp_gain":0,"max_hp_loss":0,"event_name":"Vampires","floor":20,"gold_loss":0}],"is_beta":false,"boss_relics":[{"not_picked":["Empty Cage","Busted Crown"],"picked":"Calling Bell"},{"not_picked":[]}],"items_purged_floors":[13],"is_endless":false,"potions_floor_spawned":[4,6,7,11,16,18,23,25,28],"killed_by":"Cultist and Chosen","ascension_level":1}}