{"host":"7z347kdhnquy3q4q","time":1609673641,"event":{"mods":["Act Like it!","Aspiration","BaseMod","Downfall","Hubris","Infinite Spire","Minty Spire (QoL Compilation)","MostiFishMod","Pale of the Ancients","Permanent Neow","Potionbrewer","Replay The Spire","Robot Space Explorer","Spicy Shops","StSLib","Wandering Minibosses","vexMod"],"gold_per_floor":[117,38,38,56,56,56,88,102,102,117,132,132,144,172,172,249,249,269,285,285,285,285,320,320,349,376,395,315,615,628,628,628,703,703,717,812,812,812,792,819,819,853,853,853,864,876,896,896,896,896,896],"floor_reached":52,"playtime":2783,"items_purged":["Strike_R","Strike_R"],"score":2616,"play_id":"91c6242e-1ee0-451b-bf9d-57f1b688c196","local_time":"20210103053401","is_ascension_mode":true,"campfire_choices":[{"floor":6,"key":"REST"},{"data":"Iron Wave","floor":15,"key":"SMITH"},{"floor":24,"key":"RECALL"},{"floor":32,"key":"REST"},{"floor":44,"key":"REST"}],"circlet_count":0,"master_deck":["AscendersBane","Strike_R","Strike_R","Defend_R","Defend_R","Defend_R","Bash","Iron Wave","Clothesline","Anger","Metallicize","Intimidate","hubris:CleavingFinish","wanderingMiniBosses:FinaleOfPromise","Second Wind","Iron Wave+1","MostiFishMod:HellRitual+1","Iron Wave","Havoc+1","MostiFishMod:FlyOverUtopia+1","Flame Barrier+1","Sword Boomerang","Immolate","Infernal Blade+1","Metallicize","Bloodletting+1","ReplayTheSpireMod:Necrogeddon","hubris:ReadiedAction+1","Abandon+1","MostiFishMod:404NotFound","Burning Pact+1","ReplayTheSpireMod:Strike From Hell+1","ReplayReversal+1","Madness+1","Madness+1","Sentinel+1","Barricade","Eclipse+1","Thunderclap+1","Shrug It Off+1","Body Slam"],"relics":["Burning Blood","DaveBox","TimeKeys","ReplayTheSpireMod:Spearhead","SynthV:TestCard","Frozen Eye","hubris:DeckOfHolding","infinitespire:PuzzleCube","Potion Belt","wanderingMiniBosses:Blackblade","Toxic Egg 2","NightmareShop","Chameleon Ring","vexMod:TimeEaterHat","Dream Catcher","Gambling Chip","Replay:Mystery Machine","hubris:NiceRug","Quantum Egg","Dead Branch","ClockworkSouvenir","Sundial","infinitespire:Broken Mirror","Chemical X","aspiration:RitualStick","Empty Cage","aspiration:Lifesprig","Iron Hammer","ReplayFunnel","Paper Frog","Replay:WaspNest"],"acts_visited":["Exordium","TheCity","TheBeyond"],"potions_floor_usage":[16,16,23,29,33,47,50,51],"damage_taken":[{"damage":0,"enemies":"2 Louse","floor":1,"turns":2},{"damage":14,"enemies":"Small Slimes","floor":4,"turns":6},{"damage":0,"enemies":"Gremlin Nob","floor":7,"turns":2},{"damage":0,"enemies":"Cultist","floor":8,"turns":3},{"damage":8,"enemies":"Large Slime","floor":10,"turns":3},{"damage":21,"enemies":"Gremlin Gang","floor":11,"turns":6},{"damage":4,"enemies":"2 Fungi Beasts","floor":13,"turns":4},{"damage":0,"enemies":"3 Sentries","floor":14,"turns":1},{"damage":22,"enemies":"Hexaghost","floor":16,"turns":10},{"damage":0,"enemies":"Chosen","floor":18,"turns":3},{"damage":5,"enemies":"Shell Parasite","floor":19,"turns":2},{"damage":0,"enemies":"Gremlin Leader","floor":23,"turns":2},{"damage":6,"enemies":"Replay:Snechameleon","floor":25,"turns":4},{"damage":4,"enemies":"Snake Plant","floor":27,"turns":3},{"damage":16,"enemies":"hubris:Merchant","floor":29,"turns":5},{"damage":4,"enemies":"Cultist and Chosen","floor":30,"turns":1},{"damage":10,"enemies":"Champ","floor":33,"turns":3},{"damage":4,"enemies":"Orb Walker","floor":35,"turns":2},{"damage":4,"enemies":"Nemesis","floor":40,"turns":1},{"damage":5,"enemies":"R_Hoarder","floor":42,"turns":3},{"damage":4,"enemies":"3 Darklings","floor":45,"turns":3},{"damage":0,"enemies":"Jaw Worm Horde","floor":46,"turns":1},{"damage":4,"enemies":"Sphere and 2 Shapes","floor":47,"turns":2},{"damage":4,"enemies":"hubris:GrandSnecko","floor":50,"turns":3},{"damage":4,"enemies":"Donu and Deca","floor":51,"turns":3}],"seed_played":"6325884336796639766","potions_obtained":[{"floor":4,"key":"Strength Potion"},{"floor":11,"key":"Adrenaline Potion"},{"floor":13,"key":"potionbrewer:BarricadePotion"},{"floor":16,"key":"Venom Potion"},{"floor":18,"key":"DistilledChaos"},{"floor":19,"key":"GamblersBrew"},{"floor":23,"key":"Flashbang"},{"floor":29,"key":"Guardian:BlockOnCardUsePotion"},{"floor":29,"key":"DistilledChaos"},{"floor":33,"key":"potionbrewer:AcidPotion"},{"floor":39,"key":"potionbrewer:BarricadePotion"},{"floor":49,"key":"potionbrewer:HastePotion"}],"is_trial":false,"path_per_floor":["M","$","?","M","?","R","E","M","T","M","M","?","M","E","R","B",null,"M","M","T","?","AVR","E","R","E","T","M","?","$","M","?","R","B",null,"M","?","?","?","?","E","AVR","E","T","R","M","M","M","$","R","B","B",null],"character_chosen":"IRONCLAD","items_purchased":["Frozen Eye"],"campfire_rested":3,"item_purchase_floors":[2],"current_hp_per_floor":[74,74,63,55,55,75,75,75,75,75,75,85,85,85,85,69,81,85,85,85,85,85,85,85,85,85,85,85,75,77,56,81,77,83,85,57,42,42,42,44,44,45,45,70,72,78,80,80,80,82,84],"gold":896,"neow_bonus":"RANDOM_COMMON_RELIC","is_daily":false,"chose_seed":false,"campfire_upgraded":1,"win_rate":0.0,"timestamp":1609673641,"path_taken":["M","$","?","M","?","R","E","M","T","M","M","?","M","E","R","BOSS","M","M","?","?","AVR","E","R","E","T","?","?","$","M","?","R","BOSS","M","?","?","?","?","E","AVR","E","T","R","M","?","?","$","R","BOSS","BOSS"],"items_purchased_type":["Relic"],"build_version":"2020-12-22","purchased_purges":2,"victory":true,"max_hp_per_floor":[75,75,75,75,75,75,75,75,75,75,75,85,85,85,85,85,85,85,85,85,85,85,85,85,85,85,85,85,85,85,85,85,85,85,85,85,85,85,85,85,85,85,85,85,85,85,85,85,85,85,85],"card_choices":[{"not_picked":["Clash","Armaments"],"picked":"Iron Wave","floor":1},{"not_picked":["Infernal Blade","Headbutt","Sever Soul","Hemokinesis"],"picked":"Clothesline","floor":4},{"not_picked":["Thunderclap","Clothesline","ReplayTheSpireMod:Strike From Hell","hubris:ReadiedAction"],"picked":"Metallicize","floor":7},{"not_picked":["Clash","Life Link","ReplayTheSpireMod:Strike From Hell","Heavy Blade"],"picked":"Reaper","floor":8},{"not_picked":["True Grit","Sword Boomerang","Perfected Strike","MostiFishMod:Mania"],"picked":"Intimidate","floor":10},{"not_picked":["Blood for Blood","Dual Wield","hubris:ReadiedAction","Havoc"],"picked":"hubris:CleavingFinish","floor":11},{"not_picked":[],"picked":"wanderingMiniBosses:FinaleOfPromise","floor":11},{"not_picked":["Pommel Strike","Run Through","Armaments","Wild Strike"],"picked":"Second Wind","floor":13},{"not_picked":["Wild Strike","Reckless Charge","Intimidate+1","Clothesline"],"picked":"Iron Wave","floor":14},{"not_picked":["Brutality","Bludgeon","Hemogenesis","Berserk"],"picked":"MostiFishMod:HellRitual+1","floor":16},{"not_picked":["Heavy Blade","Rampage","Carnage","Run Through"],"picked":"Iron Wave","floor":18},{"not_picked":["Flex+1","Entrench+1","Warcry+1","hubris:ReadiedAction+1"],"picked":"Havoc+1","floor":19},{"not_picked":["Feel No Pain","MostiFishMod:FireWorks+1","Battle Trance+1","Clash"],"picked":"MostiFishMod:FlyOverUtopia+1","floor":23},{"not_picked":["Rampage","Cleave","Havoc+1","Flex+1"],"picked":"Flame Barrier+1","floor":25},{"not_picked":["Anger","Run Through","Dark Embrace","Perfected Strike"],"picked":"Sword Boomerang","floor":27},{"not_picked":[],"picked":"Immolate","floor":29},{"not_picked":[],"picked":"Infernal Blade+1","floor":29},{"not_picked":[],"picked":"Metallicize","floor":29},{"not_picked":[],"picked":"Bloodletting+1","floor":29},{"not_picked":[],"picked":"ReplayTheSpireMod:Necrogeddon","floor":29},{"not_picked":["Perfected Strike"],"picked":"SKIP","floor":29},{"not_picked":["ReplayTheSpireMod:Trickstab"],"picked":"SKIP","floor":29},{"not_picked":["hubris:CleavingFinish+1","Rupture","Evolve","Infernal Blade+1"],"picked":"hubris:ReadiedAction+1","floor":30},{"not_picked":["Headbutt","Spot Weakness+1","Juggernaut","Battle Trance+1"],"picked":"Abandon+1","floor":32},{"not_picked":["Exhume+1","MostiFishMod:FireWorks+1","Impervious+1","Berserk"],"picked":"MostiFishMod:404NotFound","floor":33},{"not_picked":["Run Through","Perfected Strike","Dropkick+1","Flex+1"],"picked":"Burning Pact+1","floor":35},{"not_picked":["Life Link","Iron Wave","Clash+1","Twin Strike"],"picked":"ReplayTheSpireMod:Strike From Hell+1","floor":36},{"not_picked":["Shrug It Off+1","Armaments+1","Hemogenesis","Warcry+1"],"picked":"ReplayReversal+1","floor":36},{"not_picked":["Havoc+1","Anger","hubris:ReadiedAction+1","Thunderclap+1"],"picked":"Sentinel+1","floor":40},{"not_picked":["Anger","Impervious+1","True Grit+1","Massacre+1"],"picked":"Barricade","floor":42},{"not_picked":["Run Through","Thunderclap+1","ReplayTheSpireMod:Strike From Hell","True Grit+1"],"picked":"Eclipse+1","floor":44},{"not_picked":["hubris:SharpeningStone+1","Clash","Anger","ReplayTheSpireMod:Strike From Hell+1"],"picked":"Thunderclap+1","floor":45},{"not_picked":["Evolve","hubris:ReadiedAction+1","Intimidate+1","infinitespire:OneForAll"],"picked":"Shrug It Off+1","floor":46},{"not_picked":["Carnage","Sword Boomerang","Bloodletting+1","Reckless Charge+1"],"picked":"Body Slam","floor":47}],"player_experience":1939580,"relics_obtained":[{"floor":1,"key":"SynthV:TestCard"},{"floor":7,"key":"infinitespire:PuzzleCube"},{"floor":9,"key":"Potion Belt"},{"floor":11,"key":"wanderingMiniBosses:Blackblade"},{"floor":14,"key":"Toxic Egg 2"},{"floor":20,"key":"Chameleon Ring"},{"floor":23,"key":"Dream Catcher"},{"floor":25,"key":"Gambling Chip"},{"floor":26,"key":"Replay:Mystery Machine"},{"floor":29,"key":"Quantum Egg"},{"floor":29,"key":"Dead Branch"},{"floor":29,"key":"ClockworkSouvenir"},{"floor":29,"key":"Sundial"},{"floor":29,"key":"infinitespire:Broken Mirror"},{"floor":29,"key":"Chemical X"},{"floor":36,"key":"aspiration:Lifesprig"},{"floor":40,"key":"Iron Hammer"},{"floor":42,"key":"Paper Frog"},{"floor":43,"key":"Replay:WaspNest"}],"event_choices":[{"damage_healed":0,"gold_gain":0,"player_choice":"Success","damage_taken":11,"relics_obtained":["hubris:DeckOfHolding"],"max_hp_gain":0,"max_hp_loss":0,"event_name":"Scrap Ooze","floor":3,"gold_loss":0},{"cards_removed":["Reaper"],"damage_healed":0,"gold_gain":0,"player_choice":"Offered Rare","damage_taken":0,"max_hp_gain":10,"max_hp_loss":0,"event_name":"Bonfire Elementals","floor":12,"gold_loss":0},{"damage_healed":0,"gold_gain":0,"player_choice":"Ignored","damage_taken":0,"max_hp_gain":0,"max_hp_loss":0,"event_name":"N\u0027loth","floor":21,"gold_loss":0},{"damage_healed":0,"gold_gain":0,"player_choice":"Embrace Madness","damage_taken":15,"max_hp_gain":0,"max_hp_loss":0,"event_name":"Winding Halls","floor":37,"gold_loss":0,"cards_obtained":["Madness","Madness"]},{"damage_healed":0,"gold_gain":0,"player_choice":"Bought 1 Potion","damage_taken":0,"max_hp_gain":0,"max_hp_loss":0,"event_name":"The Woman in Blue","floor":39,"gold_loss":0}],"is_beta":false,"boss_relics":[{"not_picked":["aspiration:FutureDiary","RhineSuit"],"picked":"NightmareShop"},{"not_picked":["DiscerningMonocle","Ooze Armor"],"picked":"Empty Cage"}],"items_purged_floors":[22,41],"is_endless":false,"potions_floor_spawned":[4,11,13,16,18,19,23,33,35,46],"ascension_level":20}}