{"host":"w9yruvs4bqht6bhw","time":1609697411,"event":{"mods":["BaseMod","Colored Powertips","Minty Spire (QoL Compilation)"],"gold_per_floor":[109,127,144,163,176,205,205,233,285,285,285],"floor_reached":10,"playtime":566,"items_purged":[],"score":108,"play_id":"19a58200-cedc-4299-bf15-bf5f2ffdf22b","local_time":"20210103131011","is_ascension_mode":true,"campfire_choices":[{"floor":7,"key":"REST"}],"circlet_count":0,"master_deck":["Strike_R","Strike_R","Strike_R","Strike_R","Strike_R","Defend_R","Defend_R","Defend_R","Defend_R","Bash","Trip","Clothesline","Shrug It Off","Limit Break","Pommel Strike"],"relics":["Burning Blood","Mummified Hand","FossilizedHelix","Bag of Preparation"],"acts_visited":["Exordium"],"potions_floor_usage":[8],"damage_taken":[{"damage":10.0,"enemies":"Small Slimes","floor":1.0,"turns":4.0},{"damage":5.0,"enemies":"2 Louse","floor":2.0,"turns":3.0},{"damage":1.0,"enemies":"Cultist","floor":3.0,"turns":3.0},{"damage":25.0,"enemies":"Large Slime","floor":4.0,"turns":6.0},{"damage":17.0,"enemies":"Gremlin Gang","floor":5.0,"turns":6.0},{"damage":36.0,"enemies":"Lagavulin","floor":6.0,"turns":8.0},{"damage":10,"enemies":"Gremlin Nob","floor":8,"turns":3},{"damage":25,"enemies":"3 Sentries","floor":10,"turns":4}],"seed_played":"-8072122281657049493","potions_obtained":[{"floor":4.0,"key":"Dexterity Potion"},{"floor":6,"key":"Fire Potion"}],"is_trial":false,"path_per_floor":["M","M","M","M","M","E","R","E","T","E"],"character_chosen":"IRONCLAD","items_purchased":[],"campfire_rested":1,"item_purchase_floors":[],"current_hp_per_floor":[68,69,74,55,44,14,38,34,34,9,9],"gold":285,"neow_bonus":"RANDOM_COLORLESS","is_daily":false,"chose_seed":false,"campfire_upgraded":0,"win_rate":0.0,"timestamp":1609697411,"path_taken":["M","M","M","M","M","E","R","E","T","E"],"items_purchased_type":[],"build_version":"2020-12-22","purchased_purges":0,"victory":false,"max_hp_per_floor":[80,80,80,80,80,80,80,80,80,80,80],"card_choices":[{"not_picked":["Purity","Jack Of All Trades"],"picked":"Trip","floor":0.0},{"not_picked":["Hemokinesis","Flex"],"picked":"Clothesline","floor":1.0},{"not_picked":["Whirlwind","Flex"],"picked":"Shrug It Off","floor":2.0},{"not_picked":["Perfected Strike","Clothesline","Havoc"],"picked":"SKIP","floor":3.0},{"not_picked":["Dual Wield","Hemokinesis"],"picked":"Limit Break","floor":4.0},{"not_picked":["True Grit","Sword Boomerang","Armaments"],"picked":"SKIP","floor":5.0},{"not_picked":["Armaments","True Grit"],"picked":"Pommel Strike","floor":6},{"not_picked":["Bloodletting","Wild Strike","Headbutt"],"picked":"SKIP","floor":8}],"player_experience":289273,"relics_obtained":[{"floor":6,"key":"Mummified Hand"},{"floor":8,"key":"FossilizedHelix"},{"floor":9,"key":"Bag of Preparation"}],"event_choices":[],"is_beta":false,"boss_relics":[],"items_purged_floors":[],"is_endless":false,"potions_floor_spawned":[4,6],"killed_by":"3 Sentries","ascension_level":7}}