{"host":"2no1vwhhkhf0ohz3","time":1609672379,"event":{"mods":["AchievementEnabler","BaseMod","Colored Map","DeckTracker","Keyboard Shortcuts","Minty Spire (QoL Compilation)","Relic Stats","SuperFastMode"],"gold_per_floor":[113,133,103,1,17,17,51,51,75,75,75,75,75,86,86,185,185,196,196,48,58,58,84,84,103,103,119,145,155,155,45,45,141,141,153,169,169,0,16,16,34,69,96,26,36,52,52,65,65,65,65,65,28,61,61,61],"floor_reached":55,"playtime":1490,"items_purged":["Strike_B"],"score":876,"play_id":"3ecd5c9a-dea9-44ec-9835-3b463438bc66","local_time":"20210103201259","is_ascension_mode":true,"campfire_choices":[{"data":"Zap","floor":6.0,"key":"SMITH"},{"data":"Coolheaded","floor":8.0,"key":"SMITH"},{"data":"Coolheaded","floor":10.0,"key":"SMITH"},{"data":"Hologram","floor":12.0,"key":"SMITH"},{"data":"Self Repair","floor":15.0,"key":"SMITH"},{"floor":24.0,"key":"REST"},{"floor":30.0,"key":"REST"},{"data":"Consume","floor":32.0,"key":"SMITH"},{"floor":40.0,"key":"RECALL"},{"data":"Buffer","floor":49.0,"key":"SMITH"},{"data":"Seek","floor":52.0,"key":"SMITH"}],"circlet_count":0,"master_deck":["Zap+1","Dualcast","Electrodynamics","Coolheaded+1","Hologram+1","Ball Lightning","Coolheaded+1","Go for the Eyes","Self Repair+1","Seek+1","Consume+1","Capacitor","Capacitor","Core Surge","Static Discharge","Capacitor","Echo Form","Creative AI","Meteor Strike","Defragment+1","Self Repair","Coolheaded","Compile Driver","Buffer+1","Chill+1","Storm"],"relics":["Cracked Core","Dream Catcher","Akabeko","Inserter","Oddly Smooth Stone","Membership Card","Happy Flower","Gremlin Horn","PreservedInsect","Pandora\u0027s Box","Mummified Hand","Red Mask","Blood Vial"],"acts_visited":["Exordium","TheCity","TheBeyond","TheEnding"],"potions_floor_usage":[],"damage_taken":[{"damage":0.0,"enemies":"Small Slimes","floor":1.0,"turns":2.0},{"damage":1.0,"enemies":"Cultist","floor":2.0,"turns":3.0},{"damage":7.0,"enemies":"Jaw Worm","floor":5.0,"turns":2.0},{"damage":7.0,"enemies":"Lagavulin","floor":7.0,"turns":5.0},{"damage":0.0,"enemies":"Exordium Wildlife","floor":14.0,"turns":2.0},{"damage":23.0,"enemies":"Slime Boss","floor":16.0,"turns":7.0},{"damage":9.0,"enemies":"Spheric Guardian","floor":18.0,"turns":3.0},{"damage":10.0,"enemies":"Chosen","floor":21.0,"turns":5.0},{"damage":62.0,"enemies":"Book of Stabbing","floor":23.0,"turns":7.0},{"damage":35.0,"enemies":"Shelled Parasite and Fungi","floor":25.0,"turns":7.0},{"damage":16.0,"enemies":"Cultist and Chosen","floor":27.0,"turns":6.0},{"damage":0.0,"enemies":"Slavers","floor":28.0,"turns":1.0},{"damage":0.0,"enemies":"Centurion and Healer","floor":29.0,"turns":1.0},{"damage":34.0,"enemies":"Automaton","floor":33.0,"turns":9.0},{"damage":36.0,"enemies":"Orb Walker","floor":35.0,"turns":4.0},{"damage":37.0,"enemies":"3 Darklings","floor":36.0,"turns":3.0},{"damage":43.0,"enemies":"Sphere and 2 Shapes","floor":39.0,"turns":4.0},{"damage":10.0,"enemies":"4 Shapes","floor":41.0,"turns":4.0},{"damage":32.0,"enemies":"Nemesis","floor":42.0,"turns":5.0},{"damage":1.0,"enemies":"3 Darklings","floor":45.0,"turns":3.0},{"damage":18.0,"enemies":"Writhing Mass","floor":46.0,"turns":4.0},{"damage":13.0,"enemies":"Sphere and 2 Shapes","floor":48.0,"turns":3.0},{"damage":6.0,"enemies":"Time Eater","floor":50.0,"turns":9.0},{"damage":0,"enemies":"Shield and Spear","floor":54,"turns":1},{"damage":87,"enemies":"The Heart","floor":55,"turns":5}],"seed_played":"7943498297039643846","potions_obtained":[{"floor":2.0,"key":"PowerPotion"},{"floor":3.0,"key":"BlessingOfTheForge"},{"floor":3.0,"key":"BlessingOfTheForge"},{"floor":16.0,"key":"SkillPotion"},{"floor":25.0,"key":"SteroidPotion"},{"floor":27.0,"key":"DuplicationPotion"},{"floor":29.0,"key":"PowerPotion"},{"floor":33.0,"key":"Explosive Potion"},{"floor":35.0,"key":"SteroidPotion"},{"floor":41.0,"key":"AttackPotion"},{"floor":45.0,"key":"SneckoOil"},{"floor":48.0,"key":"EssenceOfSteel"},{"floor":54,"key":"FairyPotion"}],"is_trial":false,"path_per_floor":["M","M","?","$","M","R","E","R","T","R","$","R","?","M","R","B",null,"M","?","$","M","?","E","R","M","T","M","E","M","R","$","R","B",null,"M","M","?","?","M","R","M","E","T","$","M","M","?","M","R","B",null,"R","$","E","B"],"character_chosen":"DEFECT","items_purchased":["Ball Lightning","Membership Card","Capacitor","Core Surge","Self Repair","Coolheaded","Compile Driver","Storm"],"campfire_rested":2,"item_purchase_floors":[4,20,31,31,44,44,44,53],"current_hp_per_floor":[54,53,53,53,46,46,39,39,39,39,39,39,39,39,39,26,75,75,75,75,75,75,23,45,20,20,14,14,24,46,46,46,22,75,59,32,66,66,33,33,33,21,21,21,32,43,43,32,32,45,66,66,66,66,0,0],"gold":61,"neow_bonus":"THREE_RARE_CARDS","is_daily":false,"chose_seed":false,"campfire_upgraded":8,"win_rate":0.0,"timestamp":1609672379,"path_taken":["M","M","?","$","M","R","E","R","T","R","?","R","?","M","R","BOSS","M","?","$","?","?","E","R","M","T","M","E","M","R","?","R","BOSS","M","M","?","?","M","R","M","E","T","$","M","M","?","M","R","BOSS","R","$","E","BOSS"],"items_purchased_type":["Card","Relic","Card","Card","Card","Card","Card","Card"],"build_version":"2020-12-22","purchased_purges":1,"victory":false,"max_hp_per_floor":[75,75,75,75,75,75,75,75,75,75,75,75,75,75,75,75,75,75,75,75,75,75,75,75,75,75,75,75,75,75,75,75,75,75,75,75,66,66,66,66,66,66,66,66,66,66,66,66,66,66,66,66,66,66,66,66],"relic_stats":{"Blood Vial":8,"Dream Catcher":2,"Inserter":[40],"Happy Flower":[23],"Gremlin Horn":[14,14],"counters":[25,105],"Mummified Hand":[177],"Pandora\u0027s Box":["Static Discharge","Capacitor","Echo Form","Creative AI","Meteor Strike"],"PreservedInsect":115,"obtain_stats":[{"Inserter":17,"Happy Flower":23,"Gremlin Horn":26,"Oddly Smooth Stone":19,"PreservedInsect":28,"Akabeko":9,"Blood Vial":42,"Dream Catcher":7,"Mummified Hand":35,"Pandora\u0027s Box":34,"Red Mask":38,"Membership Card":20,"Cracked Core":0},{"Inserter":6,"Happy Flower":9,"Gremlin Horn":10,"Oddly Smooth Stone":7,"PreservedInsect":12,"Akabeko":4,"Blood Vial":19,"Dream Catcher":4,"Mummified Hand":15,"Pandora\u0027s Box":14,"Red Mask":16,"Membership Card":7,"Cracked Core":0},{"Inserter":21,"Happy Flower":36,"Gremlin Horn":43,"Oddly Smooth Stone":24,"PreservedInsect":50,"Akabeko":12,"Blood Vial":80,"Dream Catcher":12,"Mummified Hand":61,"Pandora\u0027s Box":60,"Red Mask":67,"Membership Card":24,"Cracked Core":0}]},"card_choices":[{"not_picked":["Hyperbeam","Meteor Strike"],"picked":"Electrodynamics","floor":0.0},{"not_picked":["Steam","Redo"],"picked":"Coolheaded","floor":1.0},{"not_picked":["Streamline","Darkness"],"picked":"Hologram","floor":2.0},{"not_picked":["Rainbow","Cold Snap"],"picked":"Coolheaded","floor":5.0},{"not_picked":["Stack","Fusion"],"picked":"Go for the Eyes","floor":7.0},{"not_picked":["Streamline","Auto Shields"],"picked":"Self Repair","floor":14.0},{"not_picked":["Hyperbeam","Rainbow"],"picked":"Seek","floor":16.0},{"not_picked":["Genetic Algorithm+1","Gash","Hologram"],"picked":"SKIP","floor":18.0},{"not_picked":["Stack","Redo","Turbo"],"picked":"SKIP","floor":21.0},{"not_picked":["Multi-Cast","Steam","Coolheaded"],"picked":"SKIP","floor":23.0},{"not_picked":["Tempest","Gash+1"],"picked":"Consume","floor":24.0},{"not_picked":["Rebound","Steam Power+1","Doom and Gloom"],"picked":"SKIP","floor":25.0},{"not_picked":["White Noise","Cold Snap"],"picked":"Capacitor","floor":27.0},{"not_picked":["Barrage","Compile Driver","Creative AI"],"picked":"SKIP","floor":28.0},{"not_picked":["Stack+1","Compile Driver","Chaos"],"picked":"SKIP","floor":29.0},{"not_picked":["Hologram+1","Melter"],"picked":"Beam Cell+1","floor":35.0},{"not_picked":["Capacitor+1","Loop"],"picked":"Defragment+1","floor":36.0},{"not_picked":["Redo","Beam Cell","Leap"],"picked":"SKIP","floor":39.0},{"not_picked":["Beam Cell+1","Redo","Genetic Algorithm"],"picked":"SKIP","floor":41.0},{"not_picked":["Beam Cell","Steam+1","Conserve Battery"],"picked":"SKIP","floor":42.0},{"not_picked":["Turbo","Darkness+1","Rebound+1"],"picked":"SKIP","floor":45.0},{"not_picked":["Conserve Battery","Static Discharge"],"picked":"Buffer","floor":46.0},{"not_picked":["Capacitor+1","Barrage"],"picked":"Chill+1","floor":48.0},{"not_picked":["Doom and Gloom+1","Tempest","Fusion"],"picked":"SKIP","floor":54}],"player_experience":281886,"relics_obtained":[{"floor":7.0,"key":"Dream Catcher"},{"floor":9.0,"key":"Akabeko"},{"floor":23.0,"key":"Happy Flower"},{"floor":26.0,"key":"Gremlin Horn"},{"floor":28.0,"key":"PreservedInsect"},{"floor":42.0,"key":"Blood Vial"}],"event_choices":[{"damage_healed":0.0,"max_hp_gain":0.0,"max_hp_loss":0.0,"gold_gain":0.0,"event_name":"The Woman in Blue","player_choice":"Bought 2 Potions","floor":3.0,"gold_loss":0.0,"damage_taken":0.0},{"cards_removed":["Strike_B"],"damage_healed":0.0,"max_hp_gain":0.0,"max_hp_loss":0.0,"gold_gain":0.0,"event_name":"Purifier","player_choice":"Purged","floor":13.0,"gold_loss":0.0,"damage_taken":0.0},{"damage_healed":0.0,"max_hp_gain":0.0,"max_hp_loss":0.0,"gold_gain":0.0,"event_name":"WeMeetAgain","player_choice":"Gave Potion","floor":19.0,"gold_loss":0.0,"damage_taken":0.0,"relics_obtained":["Oddly Smooth Stone"]},{"cards_removed":["Defend_B"],"damage_healed":0.0,"max_hp_gain":0.0,"max_hp_loss":0.0,"gold_gain":0.0,"event_name":"Back to Basics","player_choice":"Elegance","floor":22.0,"gold_loss":0.0,"damage_taken":0.0},{"damage_healed":66.0,"max_hp_gain":0.0,"max_hp_loss":9.0,"gold_gain":0.0,"event_name":"The Moai Head","player_choice":"Heal","floor":37.0,"gold_loss":0.0,"damage_taken":0.0},{"damage_healed":0.0,"max_hp_gain":0.0,"max_hp_loss":0.0,"gold_gain":0.0,"event_name":"Tomb of Lord Red Mask","player_choice":"Paid","floor":38.0,"gold_loss":169.0,"damage_taken":0.0,"relics_obtained":["Red Mask"]},{"cards_removed":["Beam Cell"],"damage_healed":0.0,"max_hp_gain":0.0,"max_hp_loss":0.0,"gold_gain":0.0,"event_name":"Falling","player_choice":"Removed Attack","floor":47.0,"gold_loss":0.0,"damage_taken":0.0}],"is_beta":false,"boss_relics":[{"not_picked":["Black Star","Snecko Eye"],"picked":"Inserter"},{"not_picked":["Astrolabe","Philosopher\u0027s Stone"],"picked":"Pandora\u0027s Box"}],"items_purged_floors":[4],"is_endless":false,"potions_floor_spawned":[2,16,25,27,29,33,35,41,45,48,54],"killed_by":"The Heart","ascension_level":3}}