{"host":"hig4mmxcip4vq5ai","time":1609664370,"event":{"mods":["Aspiration","BaseMod","Bestiary","Challenge The Spire","Colored Powertips","Conspire","Energized Spire","Friendly Minions","Halation","Hubris","Infinite Spire","Minty Spire (QoL Compilation)","Replay The Spire","Shop Mod","Small Relic Pack","StSLib","vexMod"],"gold_per_floor":[664,22,54,89,123,123,48,48,80,106,131,143,155,167,208,251,290,381],"floor_reached":19,"playtime":1651,"items_purged":["Strike_B"],"score":370,"play_id":"dec35d33-a60b-426f-a8b0-55b680a61852","local_time":"20210103115930","daily_mods":["challengethespire:Bronze Difficulty","challengethespire:Elite Rush","Uncertain Future"],"is_ascension_mode":true,"campfire_choices":[{"floor":13,"key":"REST"},{"floor":14,"key":"REST"}],"circlet_count":0,"master_deck":["Strike_B+1","Strike_B","Strike_B","Defend_B","Defend_B","Defend_B","Defend_B","Zap","Dualcast","FIFO Queue","Coolheaded","Coolheaded","Doom and Gloom","Self Repair","Darkness","Coolheaded+1","Go for the Eyes","ReplayTheSpireMod:Calculation Training","BasicCrystalCard","Mirror Shield","Conserve Battery","Conserve Battery","Mirror Shield","BasicCrystalCard","ReplayTheSpireMod:Calculation Training"],"relics":["Cracked Core","Black Star","Sling","PreservedInsect","vexMod:FocusSash","Gremlin Food","Garlic","aspiration:Lifesprig","aspiration:ChemicalBlood","Boot","aspiration:DSix","Centennial Puzzle","ReplayTheSpireMod:TigerMarble","halation:Risk","Chameleon Ring","aspiration:SneckoTail","conspire:Dentures","halation:PromiseList","MawBank","Pet Ghost","relicPack:KazumaCape","conspire:TopHat","Durian","Anchor","vexMod:BarristanHead","Carrot","aspiration:HummingbirdHeart","conspire:InfiniteJournal","Bottled Tornado"],"acts_visited":["Exordium"],"potions_floor_usage":[10,11,11,15,16,16,17,17,18],"damage_taken":[{"damage":14,"enemies":"Lagavulin","floor":3,"turns":5},{"damage":3,"enemies":"3 Sentries","floor":4,"turns":7},{"damage":21,"enemies":"Gremlin Nob","floor":5,"turns":4},{"damage":18,"enemies":"Slavers","floor":9,"turns":5},{"damage":0,"enemies":"Book of Stabbing","floor":10,"turns":6},{"damage":24,"enemies":"Gremlin Leader","floor":11,"turns":11},{"damage":6,"enemies":"Reptomancer","floor":15,"turns":6},{"damage":45,"enemies":"Nemesis","floor":16,"turns":11},{"damage":0,"enemies":"Giant Head","floor":17,"turns":14},{"damage":0,"enemies":"Shield and Spear","floor":18,"turns":11}],"seed_played":"-4611123442473142229","potions_obtained":[{"floor":5,"key":"Languid Potion"},{"floor":10,"key":"Toxic Potion"},{"floor":16,"key":"ColorlessPotion"},{"floor":16,"key":"Regen Potion"},{"floor":18,"key":"Toxic Potion"}],"is_trial":true,"path_per_floor":["$","$","E","E","E","T","$","$","E","E","E","T","R","R","E","E","E","E",null],"character_chosen":"DEFECT","items_purchased":["vexMod:FocusSash","FIFO Queue","Coolheaded","Doom and Gloom","Gremlin Food","Garlic","Self Repair","Darkness","Coolheaded","Go for the Eyes"],"campfire_rested":2,"item_purchase_floors":[1,1,1,1,2,2,2,2,2,2],"current_hp_per_floor":[75,75,68,72,58,58,58,58,47,54,37,37,59,75,80,42,77,77],"gold":393,"neow_bonus":"","is_daily":false,"chose_seed":false,"campfire_upgraded":0,"win_rate":0.0,"timestamp":1609664370,"path_taken":["$","$","E","E","E","T","$","$","E","E","E","T","R","R","E","E","E","E"],"items_purchased_type":["Relic","Card","Card","Card","Relic","Relic","Card","Card","Card","Card"],"build_version":"2020-12-22","purchased_purges":1,"victory":true,"max_hp_per_floor":[75,75,75,75,75,75,75,75,75,75,75,75,75,75,80,80,80,80],"card_choices":[],"player_experience":410615,"relics_obtained":[{"floor":3,"key":"aspiration:Lifesprig"},{"floor":3,"key":"aspiration:ChemicalBlood"},{"floor":4,"key":"Boot"},{"floor":4,"key":"aspiration:DSix"},{"floor":5,"key":"Centennial Puzzle"},{"floor":5,"key":"ReplayTheSpireMod:TigerMarble"},{"floor":9,"key":"Chameleon Ring"},{"floor":9,"key":"aspiration:SneckoTail"},{"floor":10,"key":"conspire:Dentures"},{"floor":10,"key":"halation:PromiseList"},{"floor":11,"key":"MawBank"},{"floor":11,"key":"Pet Ghost"},{"floor":15,"key":"conspire:TopHat"},{"floor":15,"key":"Durian"},{"floor":16,"key":"Anchor"},{"floor":16,"key":"vexMod:BarristanHead"},{"floor":17,"key":"Carrot"},{"floor":17,"key":"aspiration:HummingbirdHeart"},{"floor":18,"key":"conspire:InfiniteJournal"},{"floor":18,"key":"Bottled Tornado"}],"event_choices":[],"is_beta":false,"boss_relics":[{"not_picked":["energizedSpire:MagnifyingGlass","aspiration:BursterCore"],"picked":"halation:Risk"},{"not_picked":["halation:Prosthetics","hubris:CrackedHourglass"],"picked":"relicPack:KazumaCape"}],"items_purged_floors":[7],"is_endless":false,"potions_floor_spawned":[5,9,10,16,18],"ascension_level":0}}