{"host":"9szwrx0bcyiqoxoy","time":1609668422,"event":{"mods":["Act Like it!","BaseMod","Gensokyo","Hallownest","Luminous","Minty Spire (QoL Compilation)","Replay The Spire","StSLib","The Bug Knight","The Marked","The Servant 0.9.4"],"gold_per_floor":[119,0,0,0,12,39,39,39,39,65,84,2,31,31,31,127,127,287,287],"floor_reached":18,"playtime":1005,"items_purged":[],"score":203,"play_id":"329409b9-a96b-4499-a2a6-c3c53fe80165","local_time":"20210103180702","is_ascension_mode":false,"campfire_choices":[{"data":"KidneyShot","floor":8,"key":"SMITH"},{"floor":15,"key":"REST"}],"circlet_count":0,"master_deck":["Strike_S","Strike_S","Strike_S","Strike_S","Defend_S","Defend_S","Defend_S","Defend_S","KidneyShot+1","Exchange","Rearm","ShatteredReality+1","MoonPhase","Ricochet","Spin","Defy","ShatteredReality","KillingDoll","SpecialFormula","Gensokyo:Shovel","Initiator","Gensokyo:CrescentMoonSlash","Solidify","Desolation"],"relics":["Uniform","NeowsBlessing","Thread and Needle","Gremlin Horn","Bronze Scales","ReplayTheSpireMod:Lightbulb","Ring of Chaos"],"acts_visited":["Gensokyo:Gensokyo","Gensokyo:Gensokyoer"],"potions_floor_usage":[16],"damage_taken":[{"damage":0,"enemies":"Gensokyo:3_Fairies","floor":1,"turns":2},{"damage":0,"enemies":"Gensokyo:2_Kodama","floor":5,"turns":1},{"damage":1,"enemies":"Gensokyo:Cirno","floor":6,"turns":2},{"damage":7,"enemies":"Gensokyo:Aya","floor":10,"turns":6},{"damage":3,"enemies":"Gensokyo:Gryphon","floor":11,"turns":2},{"damage":0,"enemies":"Gensokyo:Cirno","floor":13,"turns":4},{"damage":44,"enemies":"Gensokyo:Reimu","floor":16,"turns":8},{"damage":14,"enemies":"Gensokyo:2_Gloops","floor":18,"turns":3}],"seed_played":"2141900531529249546","potions_obtained":[{"floor":1,"key":"SteroidPotion"},{"floor":5,"key":"SteroidPotion"},{"floor":6,"key":"Adrenaline Potion"}],"is_trial":false,"path_per_floor":["M","$","?","?","M","E","?","R","T","E","M","COS","E","?","R","B",null,"M"],"character_chosen":"THE_SERVANT","items_purchased":["ShatteredReality+1","MoonPhase"],"campfire_rested":1,"item_purchase_floors":[2,2],"current_hp_per_floor":[65,65,65,65,65,64,64,64,64,57,54,54,59,50,65,21,65,51,51],"gold":287,"neow_bonus":"THREE_ENEMY_KILL","is_daily":false,"chose_seed":false,"campfire_upgraded":1,"win_rate":0.0,"timestamp":1609668422,"path_taken":["M","$","?","?","M","E","?","R","T","E","M","COS","E","?","R","BOSS","M"],"items_purchased_type":["Card","Card"],"build_version":"2020-12-22","purchased_purges":0,"victory":false,"max_hp_per_floor":[65,65,65,65,65,65,65,65,65,65,65,65,65,65,65,65,65,65,65],"card_choices":[{"not_picked":["Contraction","Read"],"picked":"Rearm","floor":1},{"not_picked":["Comet","ShiftingGears"],"picked":"Ricochet","floor":3},{"not_picked":["Hightail","Contraction"],"picked":"Spin","floor":3},{"not_picked":["FastForward","Replace"],"picked":"Defy","floor":5},{"not_picked":["FastForward","DoubleEdge"],"picked":"ShatteredReality","floor":6},{"not_picked":["Ricochet","Snipe"],"picked":"KillingDoll","floor":10},{"not_picked":["BottledTime","TimeWarp"],"picked":"SpecialFormula","floor":11},{"not_picked":["TimeWarp","SilverBlades"],"picked":"Initiator","floor":13},{"not_picked":["FloweringNight","SoulSculpture"],"picked":"Solidify","floor":16},{"not_picked":["Replace","Alleviate"],"picked":"Desolation","floor":18}],"player_experience":44568,"relics_obtained":[{"floor":6,"key":"Thread and Needle"},{"floor":9,"key":"Gremlin Horn"},{"floor":10,"key":"Bronze Scales"},{"floor":13,"key":"ReplayTheSpireMod:Lightbulb"}],"event_choices":[],"is_beta":false,"boss_relics":[{"not_picked":["Calling Bell","Painkiller Herb"],"picked":"Ring of Chaos"}],"items_purged_floors":[],"is_endless":false,"potions_floor_spawned":[1,5,6,11],"killed_by":"Gensokyo:2_Gloops","ascension_level":0}}