{"host":"3bmixpcp66vorgem","time":1609704939,"event":{"mods":["AchievementEnabler","BaseMod","JesterMod","Minty Spire (QoL Compilation)","Slay the Relics Exporter","StSLib"],"gold_per_floor":[111,111,123,136,136,136,116,70,149,166,166,182,200,214,214,316,316,326,326,326,342,361,361,386,398,436,463,475,487,525,554,566,675,687,709,279,330,342,342,342,367,379,379,397,414,434,446,460,460,460],"floor_reached":51,"playtime":2891,"items_purged":["jesterMod:Twirl"],"score":889,"play_id":"2f30bcb0-1288-4efb-9aa0-6aa06a28db12","local_time":"20210103211539","is_ascension_mode":true,"campfire_choices":[{"data":"jesterMod:Sickle","floor":6,"key":"SMITH"},{"data":"jesterMod:Disposophobia","floor":11,"key":"SMITH"},{"data":"jesterMod:DancingMad","floor":15,"key":"SMITH"},{"data":"jesterMod:Disposophobia","floor":23,"key":"SMITH"},{"data":"jesterMod:BouncingKnife","floor":25,"key":"SMITH"},{"data":"jesterMod:BouncingKnife","floor":28,"key":"SMITH"},{"floor":32,"key":"REST"},{"floor":40,"key":"REST"},{"floor":49,"key":"REST"}],"circlet_count":0,"master_deck":["jesterMod:Sickle+1","jesterMod:Dodge+1","jesterMod:DancingMad+1","jesterMod:SelfMockery+1","jesterMod:Prankster","jesterMod:Disposophobia+1","jesterMod:Prankster","jesterMod:Disposophobia+1","jesterMod:BouncingKnife+1","jesterMod:BouncingKnife+1","jesterMod:Encore","jesterMod:HitAndRun","jesterMod:Disposophobia+1","jesterMod:Overthink","jesterMod:Disposophobia+1","jesterMod:Prankster+1","jesterMod:Anticipation","jesterMod:BouncingKnife+1","jesterMod:DancingMad+1","jesterMod:JugglerBlade+1"],"relics":["jesterMod:JesterCap","Lantern","Matryoshka","Pandora\u0027s Box","MawBank","Bag of Preparation","StrikeDummy","War Paint","Ice Cream","jesterMod:LoadedDice","Toolbox","PreservedInsect","Strawberry","Kunai"],"acts_visited":["Exordium","TheCity","TheBeyond"],"potions_floor_usage":[4,20,30,30,33,37,50,50],"damage_taken":[{"damage":3,"enemies":"Jaw Worm","floor":1,"turns":5},{"damage":0,"enemies":"Small Slimes","floor":3,"turns":3},{"damage":10,"enemies":"Cultist","floor":4,"turns":5},{"damage":11,"enemies":"Exordium Thugs","floor":7,"turns":4},{"damage":0,"enemies":"Looter","floor":10,"turns":4},{"damage":1,"enemies":"3 Louse","floor":12,"turns":2},{"damage":0,"enemies":"Large Slime","floor":13,"turns":3},{"damage":1,"enemies":"Exordium Thugs","floor":14,"turns":3},{"damage":36,"enemies":"The Guardian","floor":16,"turns":6},{"damage":12,"enemies":"Shell Parasite","floor":18,"turns":2},{"damage":0,"enemies":"Spheric Guardian","floor":20,"turns":2},{"damage":4,"enemies":"Snecko","floor":21,"turns":3},{"damage":4,"enemies":"Cultist and Chosen","floor":22,"turns":4},{"damage":0,"enemies":"Centurion and Healer","floor":27,"turns":2},{"damage":18,"enemies":"Colosseum Slavers","floor":29,"turns":2},{"damage":9,"enemies":"Slavers","floor":30,"turns":2},{"damage":11,"enemies":"Sentry and Sphere","floor":31,"turns":3},{"damage":8,"enemies":"Automaton","floor":33,"turns":4},{"damage":24,"enemies":"3 Darklings","floor":35,"turns":3},{"damage":0,"enemies":"2 Orb Walkers","floor":37,"turns":1},{"damage":3,"enemies":"3 Shapes","floor":38,"turns":2},{"damage":0,"enemies":"Giant Head","floor":41,"turns":2},{"damage":0,"enemies":"Sphere and 2 Shapes","floor":42,"turns":2},{"damage":13,"enemies":"Jaw Worm Horde","floor":44,"turns":2},{"damage":11,"enemies":"4 Shapes","floor":45,"turns":2},{"damage":0,"enemies":"3 Darklings","floor":46,"turns":1},{"damage":9,"enemies":"Maw","floor":47,"turns":3},{"damage":9,"enemies":"Spire Growth","floor":48,"turns":2},{"damage":33,"enemies":"Donu and Deca","floor":50,"turns":4}],"seed_played":"-7718551431820944438","potions_obtained":[{"floor":1,"key":"Fruit Juice"},{"floor":4,"key":"Strength Potion"},{"floor":7,"key":"Explosive Potion"},{"floor":10,"key":"Strength Potion"},{"floor":18,"key":"DuplicationPotion"},{"floor":19,"key":"FairyPotion"},{"floor":19,"key":"SmokeBomb"},{"floor":21,"key":"DistilledChaos"},{"floor":31,"key":"PowerPotion"},{"floor":33,"key":"LiquidBronze"},{"floor":38,"key":"Explosive Potion"},{"floor":41,"key":"CultistPotion"},{"floor":47,"key":"LiquidBronze"}],"is_trial":false,"path_per_floor":["M","?","M","M","?","R","M","$","T","M","R","M","M","M","R","B",null,"M","?","M","M","M","R","T","R","T","M","R","?","E","M","R","B",null,"M","$","?","M","?","R","E","M","T","M","M","M","M","M","R","B",null],"character_chosen":"THE_JESTER","items_purchased":["jesterMod:Prankster","Toolbox","PreservedInsect","DistilledChaos"],"campfire_rested":3,"item_purchase_floors":[8,36,36,36],"current_hp_per_floor":[67,60,60,55,55,55,44,44,44,44,44,43,43,42,42,6,75,63,63,63,59,55,55,55,55,55,55,55,37,28,17,39,31,75,51,51,51,48,48,70,77,77,77,64,53,53,44,35,59,26],"gold":460,"neow_bonus":"RANDOM_COMMON_RELIC","is_daily":false,"chose_seed":false,"campfire_upgraded":6,"win_rate":0.0,"timestamp":1609704939,"path_taken":["M","?","M","M","?","R","M","$","T","M","R","M","M","M","R","BOSS","M","?","?","M","M","R","?","R","T","M","R","?","E","M","R","BOSS","M","$","?","M","?","R","E","M","T","M","M","M","M","M","R","BOSS"],"items_purchased_type":["Card","Relic","Relic","Potion"],"build_version":"2020-12-22","purchased_purges":1,"victory":true,"max_hp_per_floor":[70,70,70,75,75,75,75,75,75,75,75,75,75,75,75,75,75,75,75,75,75,75,75,75,75,75,75,75,75,75,75,75,75,75,75,75,75,75,75,75,82,82,82,82,82,82,82,82,82,82],"card_choices":[{"not_picked":["jesterMod:SmokeScreen","jesterMod:Hide"],"picked":"jesterMod:DancingMad","floor":1},{"not_picked":["jesterMod:SmokeScreen","jesterMod:Hide"],"picked":"jesterMod:SelfMockery","floor":3},{"not_picked":["jesterMod:JackInTheBox","jesterMod:Talion"],"picked":"jesterMod:Prankster","floor":4},{"not_picked":["jesterMod:Exasperation","jesterMod:Inspiration"],"picked":"jesterMod:Disposophobia","floor":7},{"not_picked":["jesterMod:Frustration","jesterMod:RecklessStrike","jesterMod:Prankster"],"picked":"SKIP","floor":10},{"not_picked":["jesterMod:DancingMad","jesterMod:Feint"],"picked":"jesterMod:Disposophobia","floor":12},{"not_picked":["jesterMod:FlameDance","jesterMod:Loot","jesterMod:BoilDown"],"picked":"SKIP","floor":13},{"not_picked":["jesterMod:Pause","jesterMod:Tinker","jesterMod:OblivionStrike"],"picked":"SKIP","floor":14},{"not_picked":["jesterMod:BouncingKnife","jesterMod:DanceOfChaos+1","jesterMod:Tinker+1"],"picked":"SKIP","floor":18},{"not_picked":["jesterMod:Tinker","jesterMod:Feint+1"],"picked":"jesterMod:Disposophobia+1","floor":21},{"not_picked":["jesterMod:Feint","jesterMod:RecklessStrike","jesterMod:ButterKnife+1"],"picked":"SKIP","floor":22},{"not_picked":["jesterMod:Procrastination","jesterMod:BouncingKnife","jesterMod:RecklessStrike"],"picked":"SKIP","floor":27},{"not_picked":["jesterMod:Pause","jesterMod:DesperateStrike"],"picked":"jesterMod:Overthink","floor":30},{"not_picked":["jesterMod:Illness+1","jesterMod:ButterKnife"],"picked":"jesterMod:Disposophobia+1","floor":31},{"not_picked":["jesterMod:OblivionStrike+1","jesterMod:Contradiction"],"picked":"jesterMod:Prankster+1","floor":35},{"not_picked":["jesterMod:SelfMockery+1","jesterMod:RecklessStrike+1"],"picked":"jesterMod:Anticipation","floor":37},{"not_picked":["jesterMod:Taunt","jesterMod:DanceOfChaos","jesterMod:OblivionStrike+1"],"picked":"SKIP","floor":38},{"not_picked":["jesterMod:Loot+1","jesterMod:ExperimentalTreatment","jesterMod:Swiftness+1"],"picked":"SKIP","floor":41},{"not_picked":["jesterMod:OblivionStrike","jesterMod:DaggerRain+1"],"picked":"jesterMod:BouncingKnife+1","floor":42},{"not_picked":["jesterMod:Prankster+1","jesterMod:Loot"],"picked":"jesterMod:DancingMad+1","floor":44},{"not_picked":["jesterMod:Flee+1","jesterMod:Prankster+1"],"picked":"jesterMod:JugglerBlade+1","floor":45},{"not_picked":["jesterMod:Pause+1","jesterMod:Exasperation+1","jesterMod:DanceOfChaos"],"picked":"SKIP","floor":46},{"not_picked":["jesterMod:Feint","jesterMod:Prankster","jesterMod:Swiftness+1"],"picked":"SKIP","floor":47},{"not_picked":["jesterMod:BouncingKnife","jesterMod:QuickStrike+1","jesterMod:Tinker"],"picked":"SKIP","floor":48}],"player_experience":2233076,"relics_obtained":[{"floor":9,"key":"Matryoshka"},{"floor":24,"key":"MawBank"},{"floor":24,"key":"Bag of Preparation"},{"floor":26,"key":"StrikeDummy"},{"floor":26,"key":"War Paint"},{"floor":30,"key":"Ice Cream"},{"floor":41,"key":"Strawberry"},{"floor":43,"key":"Kunai"}],"event_choices":[{"cards_removed":["jesterMod:Strike"],"damage_healed":0,"gold_gain":0,"player_choice":"Card Removal","damage_taken":7,"max_hp_gain":0,"max_hp_loss":0,"event_name":"Golden Wing","floor":2,"gold_loss":0},{"cards_removed":["jesterMod:Strike"],"damage_healed":0,"gold_gain":0,"player_choice":"Forget","damage_taken":0,"max_hp_gain":0,"max_hp_loss":0,"event_name":"Living Wall","floor":5,"gold_loss":0},{"damage_healed":0,"gold_gain":0,"player_choice":"Got Potions","damage_taken":0,"max_hp_gain":0,"max_hp_loss":0,"event_name":"Lab","floor":19,"gold_loss":0},{"damage_healed":0,"gold_gain":0,"player_choice":"Fight","damage_taken":0,"max_hp_gain":0,"max_hp_loss":0,"event_name":"Colosseum","floor":29,"gold_loss":0},{"damage_healed":0,"gold_gain":0,"player_choice":"Fled From Nobs","damage_taken":0,"max_hp_gain":0,"max_hp_loss":0,"event_name":"Colosseum","floor":29,"gold_loss":0},{"damage_healed":0,"gold_gain":0,"player_choice":"Fight","damage_taken":0,"max_hp_gain":0,"max_hp_loss":0,"event_name":"Mysterious Sphere","floor":37,"gold_loss":0},{"cards_removed":["jesterMod:OblivionStrike"],"damage_healed":0,"gold_gain":0,"player_choice":"Purged","damage_taken":0,"max_hp_gain":0,"max_hp_loss":0,"event_name":"Purifier","floor":39,"gold_loss":0}],"is_beta":false,"boss_relics":[{"not_picked":["SlaversCollar","SacredBark"],"picked":"Pandora\u0027s Box"},{"not_picked":["Snecko Eye","Sozu"],"picked":"jesterMod:LoadedDice"}],"items_purged_floors":[36],"is_endless":false,"potions_floor_spawned":[1,4,7,10,16,18,21,27,31,33,38,41,47],"ascension_level":4}}