{"host":"x6tlfgqpy55vgxdn","time":1609665948,"event":{"mods":["AchievementEnabler","BaseMod","DeckTracker","Minty Spire (QoL Compilation)","Permanent Neow","StSLib","SuperFastMode"],"gold_per_floor":[110,110,35,35,110,110,144,154,154,166,166,177,177,192,192,293,293,305,136,152,152,152,179,6,34,34,34,59,74,88,88,88,184,184,197,197,47,97,97,125,136,62,62,82,82,31,65,78,78,78,78,78,2,34,34],"floor_reached":56,"playtime":2374,"items_purged":["Defend_B","Strike_B","Strike_B","Strike_B"],"score":1878,"play_id":"1f4699fc-890f-4a72-9ac0-daaa76ea316b","local_time":"20210103182548","is_ascension_mode":true,"campfire_choices":[{"data":"Dualcast","floor":6.0,"key":"SMITH"},{"data":"Undo","floor":11.0,"key":"SMITH"},{"data":"Recycle","floor":13.0,"key":"SMITH"},{"data":"Streamline","floor":15.0,"key":"SMITH"},{"floor":27.0,"key":"REST"},{"floor":32.0,"key":"RECALL"},{"floor":49.0,"key":"REST"},{"floor":52.0,"key":"REST"}],"circlet_count":0,"master_deck":["AscendersBane","Defend_B","Defend_B","Zap","Dualcast+1","Ball Lightning","Undo+1","Undo","Ball Lightning","Recycle+1","Streamline+1","Biased Cognition+1","Ball Lightning","Glacier","Self Repair","Consume+1","Conserve Battery+1","Glacier","Creative AI","Madness","Madness","Meteor Strike","Panacea","Go for the Eyes+1"],"relics":["Cracked Core","TungstenRod","Centennial Puzzle","Emotion Chip","Fusion Hammer","Thread and Needle","Torii","Lantern","Mummified Hand","Blue Candle","SacredBark","Unceasing Top","Potion Belt","Cables","Eternal Feather","Bird Faced Urn"],"acts_visited":["Exordium","TheCity","TheBeyond","TheEnding"],"potions_floor_usage":[55,55],"damage_taken":[{"damage":1.0,"enemies":"2 Louse","floor":1.0,"turns":2.0},{"damage":9.0,"enemies":"3 Sentries","floor":7.0,"turns":7.0},{"damage":0.0,"enemies":"Jaw Worm","floor":8.0,"turns":4.0},{"damage":0.0,"enemies":"Cultist","floor":10.0,"turns":3.0},{"damage":0.0,"enemies":"Red Slaver","floor":12.0,"turns":3.0},{"damage":9.0,"enemies":"Exordium Thugs","floor":14.0,"turns":4.0},{"damage":18.0,"enemies":"Slime Boss","floor":16.0,"turns":7.0},{"damage":7.0,"enemies":"Shell Parasite","floor":18.0,"turns":3.0},{"damage":0.0,"enemies":"Spheric Guardian","floor":20.0,"turns":3.0},{"damage":6.0,"enemies":"Gremlin Leader","floor":23.0,"turns":5.0},{"damage":19.0,"enemies":"Slavers","floor":25.0,"turns":4.0},{"damage":19.0,"enemies":"Book of Stabbing","floor":28.0,"turns":4.0},{"damage":5.0,"enemies":"Cultist and Chosen","floor":29.0,"turns":4.0},{"damage":0.0,"enemies":"Chosen and Byrds","floor":30.0,"turns":5.0},{"damage":14.0,"enemies":"Automaton","floor":33.0,"turns":13.0},{"damage":0.0,"enemies":"3 Shapes","floor":35.0,"turns":6.0},{"damage":0.0,"enemies":"Mind Bloom Boss Battle","floor":38.0,"turns":6.0},{"damage":39.0,"enemies":"Giant Head","floor":40.0,"turns":10.0},{"damage":18.0,"enemies":"3 Darklings","floor":41.0,"turns":6.0},{"damage":0.0,"enemies":"Transient","floor":44.0,"turns":5.0},{"damage":0.0,"enemies":"Reptomancer","floor":47.0,"turns":7.0},{"damage":0.0,"enemies":"Jaw Worm Horde","floor":48.0,"turns":5.0},{"damage":19.0,"enemies":"Awakened One","floor":50.0,"turns":15.0},{"damage":14.0,"enemies":"Shield and Spear","floor":54.0,"turns":9.0},{"damage":45,"enemies":"The Heart","floor":55,"turns":9}],"seed_played":"-2240005882494579783","potions_obtained":[{"floor":10.0,"key":"LiquidMemories"},{"floor":12.0,"key":"EssenceOfSteel"},{"floor":16.0,"key":"Ancient Potion"},{"floor":25.0,"key":"Regen Potion"},{"floor":29.0,"key":"DistilledChaos"},{"floor":47.0,"key":"SneckoOil"}],"is_trial":false,"path_per_floor":["M","?","$","?","?","R","E","M","T","M","R","M","R","M","R","B",null,"M","$","M","T","T","E","$","E","T","R","E","M","M","?","R","B",null,"M","?","$","?","?","E","M","$","T","M","?","$","E","M","R","B",null,"R","$","E","B",null],"character_chosen":"DEFECT","items_purchased":["Glacier","Strength Potion","Meteor Strike","ColorlessPotion","Ancient Potion"],"campfire_rested":3,"item_purchase_floors":[19,24,42,46,53],"current_hp_per_floor":[49,49,49,49,39,39,30,30,30,30,30,30,30,21,21,3,57,50,50,50,50,50,44,44,32,32,54,42,44,51,51,51,44,67,74,74,74,75,67,69,58,58,58,65,65,65,72,75,75,63,72,75,75,68,61],"gold":34,"neow_bonus":"ONE_RARE_RELIC","is_daily":false,"chose_seed":false,"campfire_upgraded":4,"win_rate":0.0,"timestamp":1609665948,"path_taken":["M","?","$","?","?","R","E","?","T","M","R","M","R","?","R","BOSS","M","$","M","?","?","E","$","E","T","R","E","M","M","?","R","BOSS","M","?","$","?","?","E","?","?","T","M","?","$","E","M","R","BOSS","R","$","E","BOSS"],"items_purchased_type":["Card","Potion","Card","Potion","Potion"],"build_version":"2020-12-22","purchased_purges":4,"victory":true,"max_hp_per_floor":[75,75,75,75,75,75,75,75,75,75,75,75,75,75,75,75,75,75,75,75,75,75,75,75,75,75,75,75,75,75,75,75,75,75,75,75,75,75,75,75,75,75,75,75,75,75,75,75,75,75,75,75,75,75,75],"card_choices":[{"not_picked":["Streamline","Hologram"],"picked":"Ball Lightning","floor":1.0},{"not_picked":["Rip and Tear","Force Field"],"picked":"Undo","floor":7.0},{"not_picked":["Turbo","Conserve Battery","Beam Cell"],"picked":"SKIP","floor":8.0},{"not_picked":["Go for the Eyes","Steam"],"picked":"Ball Lightning","floor":10.0},{"not_picked":["Stack","Fusion"],"picked":"Recycle","floor":12.0},{"not_picked":["Turbo","Steam"],"picked":"Streamline","floor":14.0},{"not_picked":["Amplify","Meteor Strike"],"picked":"Biased Cognition","floor":16.0},{"not_picked":["Coolheaded","Heatsinks+1"],"picked":"Ball Lightning","floor":18.0},{"not_picked":["Sweeping Beam+1","Redo","Genetic Algorithm"],"picked":"SKIP","floor":20.0},{"not_picked":["Sweeping Beam+1","Conserve Battery"],"picked":"Self Repair","floor":23.0},{"not_picked":["Coolheaded","Rebound"],"picked":"Consume+1","floor":25.0},{"not_picked":["Barrage","White Noise","Static Discharge"],"picked":"SKIP","floor":28.0},{"not_picked":["Consume+1","Skim"],"picked":"Conserve Battery+1","floor":29.0},{"not_picked":["Double Energy","Go for the Eyes"],"picked":"Glacier","floor":30.0},{"not_picked":["All For One","Thunder Strike"],"picked":"Creative AI","floor":33.0},{"not_picked":["Go for the Eyes","Turbo","Chaos"],"picked":"SKIP","floor":35.0},{"not_picked":["Cold Snap","Beam Cell","Rebound+1"],"picked":"SKIP","floor":40.0},{"not_picked":["Sweeping Beam","Ball Lightning","Leap"],"picked":"SKIP","floor":41.0},{"not_picked":["Defragment","Sunder+1","Sweeping Beam+1"],"picked":"SKIP","floor":44.0},{"not_picked":["Chrysalis","Enlightenment"],"picked":"Panacea","floor":45.0},{"not_picked":["Beam Cell","Static Discharge","Rebound"],"picked":"SKIP","floor":47.0},{"not_picked":["Cold Snap","Redo","Go for the Eyes"],"picked":"SKIP","floor":48.0},{"not_picked":["Coolheaded","Rebound"],"picked":"Go for the Eyes+1","floor":54.0}],"player_experience":220632,"relics_obtained":[{"floor":7.0,"key":"Centennial Puzzle"},{"floor":9.0,"key":"Emotion Chip"},{"floor":21.0,"key":"Thread and Needle"},{"floor":22.0,"key":"Torii"},{"floor":23.0,"key":"Lantern"},{"floor":25.0,"key":"Mummified Hand"},{"floor":28.0,"key":"Blue Candle"},{"floor":38.0,"key":"Unceasing Top"},{"floor":40.0,"key":"Potion Belt"},{"floor":43.0,"key":"Cables"},{"floor":47.0,"key":"Eternal Feather"},{"floor":54.0,"key":"Bird Faced Urn"}],"event_choices":[{"damage_healed":0.0,"max_hp_gain":0.0,"max_hp_loss":0.0,"gold_gain":0.0,"cards_transformed":["Strike_B"],"event_name":"Living Wall","player_choice":"Change","floor":2.0,"gold_loss":0.0,"damage_taken":0.0,"cards_obtained":["Undo"]},{"damage_healed":0.0,"max_hp_gain":0.0,"max_hp_loss":0.0,"gold_gain":0.0,"event_name":"Liars Game","player_choice":"Ignored","floor":4.0,"gold_loss":0.0,"damage_taken":0.0},{"damage_healed":0.0,"max_hp_gain":0.0,"max_hp_loss":0.0,"gold_gain":75.0,"event_name":"World of Goop","player_choice":"Gather Gold","floor":5.0,"gold_loss":0.0,"damage_taken":11.0},{"damage_healed":0.0,"max_hp_gain":0.0,"max_hp_loss":0.0,"gold_gain":0.0,"event_name":"Upgrade Shrine","player_choice":"Upgraded","floor":31.0,"gold_loss":0.0,"damage_taken":0.0,"cards_upgraded":["Biased Cognition"]},{"cards_removed":["Defend_B"],"damage_healed":0.0,"max_hp_gain":0.0,"max_hp_loss":0.0,"gold_gain":0.0,"event_name":"Falling","player_choice":"Removed Skill","floor":36.0,"gold_loss":0.0,"damage_taken":0.0},{"damage_healed":0.0,"max_hp_gain":0.0,"max_hp_loss":0.0,"gold_gain":0.0,"event_name":"MindBloom","player_choice":"Fight","floor":38.0,"gold_loss":0.0,"damage_taken":0.0},{"damage_healed":0.0,"max_hp_gain":0.0,"max_hp_loss":0.0,"gold_gain":0.0,"event_name":"Winding Halls","player_choice":"Embrace Madness","floor":39.0,"gold_loss":0.0,"damage_taken":9.0,"cards_obtained":["Madness","Madness"]},{"damage_healed":0.0,"max_hp_gain":0.0,"max_hp_loss":0.0,"gold_gain":0.0,"event_name":"SensoryStone","player_choice":"Memory 1","floor":45.0,"gold_loss":0.0,"damage_taken":0.0}],"is_beta":false,"boss_relics":[{"not_picked":["Snecko Eye","Velvet Choker"],"picked":"Fusion Hammer"},{"not_picked":["Runic Pyramid","Tiny House"],"picked":"SacredBark"}],"items_purged_floors":[3,19,24,37],"is_endless":false,"potions_floor_spawned":[10,12,16,25,29,30,33,35,47],"ascension_level":12}}