{"host":"q2n6tlickby1elp8","time":1609655407,"event":{"mods":["BaseMod","BetterRewards","Colored Powertips","Marisa£®ÏF”Í°°ƒß¿Ì…≥£©","Minty Spire (QoL Compilation)","Remilia£®¿Ÿ√◊¿Ú—«£©","SOS£®Àπ∞Õ¥Ô÷Æ◊”£©","Shop Mod","SuperFastMode","The Construct","The Disciple","The Servant 0.9.4","Youmu£®ªÍ∆«—˝√Œ£©","[IsaacMod]“‘»ˆº‚À˛"],"gold_per_floor":[124,192,192,192,35,35,56,56,56,56,129,129,16,67,67,190,190,223,48,0,0,0,0],"floor_reached":22,"playtime":707,"items_purged":["Injury"],"score":172,"play_id":"68de19b5-239a-44bc-9d0c-47cf4556d6f4","local_time":"20210103143007","is_ascension_mode":false,"campfire_choices":[{"data":"BeastUppercut","floor":6,"key":"SMITH"},{"data":"Straight","floor":8,"key":"SMITH"},{"data":"Attack_b","floor":10,"key":"SMITH"},{"data":"Swordmaster","floor":15,"key":"SMITH"}],"circlet_count":0,"master_deck":["Attack_a","Attack_b+1","Shoot","Shoot","Provocation","Defend_Dante","Defend_Dante","Defend_Dante","Defend_Dante","Redorb+1","BeastUppercut+1","Straight+1","Royaldefend","Honeycombofire","Swordmaster+1","Pandora","Stylechange","Dash2","Rebellion","CoyoteA"],"relics":["SSS","Combocheck","HushsDoor","GuppysTail","Golden Idol","Medical Kit","AnarchistCookbook","NineVolt"],"acts_visited":["Exordium","TheCity"],"potions_floor_usage":[22,22,22],"damage_taken":[{"damage":8,"enemies":"Jaw Worm","floor":1,"turns":5},{"damage":3,"enemies":"Small Slimes","floor":2,"turns":4},{"damage":0,"enemies":"2 Louse","floor":7,"turns":3},{"damage":5,"enemies":"Looter","floor":11,"turns":3},{"damage":0,"enemies":"2 Fungi Beasts","floor":14,"turns":3},{"damage":19,"enemies":"Slime Boss","floor":16,"turns":8},{"damage":16,"enemies":"Shell Parasite","floor":18,"turns":7},{"damage":56,"enemies":"2 Thieves","floor":20,"turns":5},{"damage":14,"enemies":"Snake Plant","floor":22,"turns":3}],"seed_played":"-604786039769496744","potions_obtained":[{"floor":2,"key":"ColorlessPotion"},{"floor":16,"key":"LiquidBronze"},{"floor":18,"key":"FearPotion"}],"is_trial":false,"path_per_floor":["M","M","?","?","$","R","M","R","T","R","M","?","$","M","R","B",null,"M","$","M","?","M"],"character_chosen":"DANTE","items_purchased":["Medical Kit","Swordmaster","NineVolt","Rebellion"],"campfire_rested":0,"item_purchase_floors":[5,13,19,19],"current_hp_per_floor":[72,69,69,69,69,69,69,69,69,69,64,64,64,64,64,45,80,64,64,8,8,0,0],"gold":0,"neow_bonus":"UPGRADE_CARD","is_daily":false,"chose_seed":false,"campfire_upgraded":4,"win_rate":0.0,"timestamp":1609655407,"path_taken":["M","M","?","?","$","R","M","R","T","R","M","?","$","M","R","BOSS","M","$","M","?","?"],"items_purchased_type":["Relic","Card","Relic","Card"],"build_version":"2020-12-22","purchased_purges":1,"victory":false,"max_hp_per_floor":[80,80,80,80,80,80,80,80,80,80,80,80,80,80,80,80,80,80,80,80,80,80,80],"card_choices":[{"not_picked":["Kick13","Splesh"],"picked":"BeastUppercut","floor":1},{"not_picked":["VitalstarS","Weaponchange"],"picked":"Straight","floor":2},{"not_picked":["Whiteorb","VitalstarM"],"picked":"Royaldefend","floor":7},{"not_picked":["GilgameshcomboA","Dash1"],"picked":"Honeycombofire","floor":11},{"not_picked":["Trickster","Royaldefend"],"picked":"Pandora","floor":14},{"not_picked":["Royalguard","DevilstarL"],"picked":"Stylechange","floor":16},{"not_picked":["Weaponupgrade","Kick13"],"picked":"Dash2","floor":18},{"not_picked":["Whiteorb","Gilgamesh"],"picked":"CoyoteA","floor":20}],"player_experience":122898,"relics_obtained":[{"floor":9,"key":"AnarchistCookbook"}],"event_choices":[{"damage_healed":0,"gold_gain":0,"player_choice":"Take Wound","damage_taken":0,"relics_obtained":["Golden Idol"],"max_hp_gain":0,"max_hp_loss":0,"event_name":"Golden Idol","floor":3,"gold_loss":0,"cards_obtained":["Injury"]},{"cards_removed":["Attack_a"],"damage_healed":0,"gold_gain":0,"player_choice":"Forget","damage_taken":0,"max_hp_gain":0,"max_hp_loss":0,"event_name":"Living Wall","floor":4,"gold_loss":0},{"damage_healed":0,"gold_gain":0,"player_choice":"Ignored","damage_taken":0,"max_hp_gain":0,"max_hp_loss":0,"event_name":"Golden Wing","floor":12,"gold_loss":0}],"is_beta":false,"boss_relics":[{"not_picked":["Philosopher\u0027s Stone","Fusion Hammer","Sozu"]}],"items_purged_floors":[13],"is_endless":false,"potions_floor_spawned":[2,16,18],"killed_by":"Snake Plant","ascension_level":0}}