{"host":"gkp57zoegrd3f2ij","time":1609714941,"event":{"mods":["BaseMod","Colored Map","Colored Powertips","Downfall","Minty Spire (QoL Compilation)","StSLib"],"gold_per_floor":[110,130,80,98,115,115,40,40,40,74,90,109,127,162,162,258,258,243,255,109,122,142,142,142,142,142],"floor_reached":25,"playtime":2107,"items_purged":["Strike_R"],"score":278,"play_id":"41ffdeee-4276-4900-a9dd-573b487414ba","local_time":"20210104000221","is_ascension_mode":true,"campfire_choices":[{"data":"Bash","floor":6,"key":"SMITH"},{"data":"Demon Form","floor":8,"key":"SMITH"},{"data":"Armaments","floor":15,"key":"SMITH"},{"floor":23,"key":"REST"}],"circlet_count":0,"master_deck":["Strike_R+1","Strike_R+1","Strike_R+1","Defend_R+1","Defend_R+1","Defend_R+1","Defend_R+1","Bash+1","Clothesline","Demon Form+1","Shrug It Off","Heavy Blade","Cleave","Flex","Armaments+1","Double Tap","Headbutt"],"relics":["Black Blood","Centennial Puzzle","Mercury Hourglass","Ornamental Fan","PreservedInsect"],"acts_visited":["Exordium","TheCity"],"potions_floor_usage":[10,10,16,16,19,21,22],"damage_taken":[{"damage":10,"enemies":"Cultist","floor":1,"turns":5},{"damage":3,"enemies":"Jaw Worm","floor":2,"turns":5},{"damage":4,"enemies":"Small Slimes","floor":4,"turns":4},{"damage":15,"enemies":"3 Louse","floor":5,"turns":6},{"damage":4,"enemies":"Lagavulin","floor":10,"turns":6},{"damage":5,"enemies":"Exordium Wildlife","floor":11,"turns":4},{"damage":11,"enemies":"Looter","floor":12,"turns":3},{"damage":0,"enemies":"3 Louse","floor":13,"turns":1},{"damage":19,"enemies":"3 Sentries","floor":14,"turns":6},{"damage":26,"enemies":"Hexaghost","floor":16,"turns":8},{"damage":25,"enemies":"2 Thieves","floor":18,"turns":4},{"damage":18,"enemies":"Shell Parasite","floor":19,"turns":4},{"damage":29,"enemies":"Centurion and Healer","floor":21,"turns":4},{"damage":28,"enemies":"Snake Plant","floor":22,"turns":3},{"damage":56,"enemies":"Slavers","floor":25,"turns":4}],"seed_played":"-1984985102388500393","potions_obtained":[{"floor":0,"key":"HeartOfIron"},{"floor":0,"key":"SteroidPotion"},{"floor":0,"key":"Block Potion"},{"floor":10,"key":"Explosive Potion"},{"floor":12,"key":"SkillPotion"},{"floor":13,"key":"HeartOfIron"},{"floor":18,"key":"Block Potion"},{"floor":19,"key":"Block Potion"}],"is_trial":false,"path_per_floor":["M","M","?","M","M","R","$","R","T","E","M","M","M","E","R","B",null,"M","M","$","M","M","R","?","E"],"character_chosen":"IRONCLAD","items_purchased":["PreservedInsect"],"campfire_rested":1,"item_purchase_floors":[20],"current_hp_per_floor":[76,79,79,80,71,71,71,71,71,73,74,69,75,62,62,42,80,67,61,61,44,28,52,52,0,0],"gold":142,"neow_bonus":"THREE_SMALL_POTIONS","is_daily":false,"chose_seed":false,"campfire_upgraded":3,"win_rate":0.0,"timestamp":1609714941,"path_taken":["M","?","?","M","M","R","?","R","T","E","M","M","?","E","R","BOSS","M","?","$","M","M","R","?","E"],"items_purchased_type":["Relic"],"build_version":"2020-12-22","purchased_purges":1,"victory":false,"max_hp_per_floor":[80,80,80,80,80,80,80,80,80,80,80,80,80,80,80,80,80,80,80,80,80,80,80,80,80,80],"card_choices":[{"not_picked":["Thunderclap","Warcry"],"picked":"Clothesline","floor":1},{"not_picked":["Dark Embrace","Armaments"],"picked":"Demon Form","floor":2},{"not_picked":["Clothesline","Metallicize"],"picked":"Shrug It Off","floor":4},{"not_picked":["Rupture","Metallicize"],"picked":"Heavy Blade","floor":5},{"not_picked":["Pommel Strike","Bloodletting"],"picked":"Cleave","floor":10},{"not_picked":["Wild Strike","Fiend Fire","Entrench"],"picked":"SKIP","floor":11},{"not_picked":["Feel No Pain","Sword Boomerang"],"picked":"Flex","floor":12},{"not_picked":["Rage","Heavy Blade","Pummel"],"picked":"SKIP","floor":13},{"not_picked":["Disarm","Entrench"],"picked":"Armaments","floor":14},{"not_picked":["Barricade","Impervious"],"picked":"Double Tap","floor":16},{"not_picked":["Power Through","Armaments","Shrug It Off"],"picked":"SKIP","floor":18},{"not_picked":["Dark Embrace","Warcry+1"],"picked":"Headbutt","floor":19},{"not_picked":["Rampage+1","Pommel Strike","Intimidate"],"picked":"SKIP","floor":21},{"not_picked":["Seeing Red","Power Through","Sword Boomerang"],"picked":"SKIP","floor":22}],"player_experience":225439,"relics_obtained":[{"floor":9,"key":"Centennial Puzzle"},{"floor":10,"key":"Mercury Hourglass"},{"floor":14,"key":"Ornamental Fan"}],"event_choices":[{"cards_removed":["Strike_R"],"damage_healed":0,"gold_gain":0,"player_choice":"Card Removal","damage_taken":0,"max_hp_gain":0,"max_hp_loss":0,"event_name":"The Cleric","floor":3,"gold_loss":50},{"damage_healed":0,"gold_gain":0,"player_choice":"Simplicity","damage_taken":0,"max_hp_gain":0,"max_hp_loss":0,"event_name":"Back to Basics","floor":24,"gold_loss":0,"cards_upgraded":["Strike_R","Strike_R","Strike_R","Defend_R","Defend_R","Defend_R","Defend_R"]}],"is_beta":false,"boss_relics":[{"not_picked":["Mark of Pain","Runic Cube"],"picked":"Black Blood"}],"items_purged_floors":[7],"is_endless":false,"potions_floor_spawned":[1,10,12,13,18,19],"killed_by":"Slavers","ascension_level":3}}