{"host":"px2oznrenyeljk7o","time":1609699261,"event":{"mods":["A Magickal Journey","AchievementEnabler","Arknights The Spire","BaseMod","Better Altar","Better Match","Better Note","Better Sensory Stone","Better Third Choice","Conspire","Curses Come First","GifTheSpireLib","GungeonMod","Hermit","Koishi","Lobotomy","LobotomyExtend","Minty Spire (QoL Compilation)","Nova Terra(??·??)","Potionbrewer","Reimu??????","Replay The Spire","Robot Space Explorer","Small Relic Pack","Somnambulant","Spicy Shops","StSLib","Stuff the Spire","The Administrix","The Alterego","The Blackbeard","The Blue Laboratory","The Bug Knight","The Construct","The Cursed","The Disciple","The Gatherer","The Hayseed","The Hierophant","The Jungle","The Marked","The Poker Player","The Runesmith","Yakumo Yukari mod","Yuri Mod","everything is the same but u backflip on backflip","slay the spire mod where everything is the same but ironclad has a cowboy hat"],"gold_per_floor":[112,162,162,202,15,15,42,42,42,89,89,89,135,8,8,129,129,171,198,218,218,251,286,286,486,486,537,537,580,46,71,71,183,183,189,206,206,236,276,276,319,354,354,354,354,399,425,150,150,183],"floor_reached":51,"playtime":5315,"items_purged":["Languid","ReplayTheSpireMod:Restless Dread","yuri:MarkovCurse"],"score":773,"play_id":"206c7578-a12a-4f5f-9b3a-47b1beb5a1c9","local_time":"20210103194101","is_ascension_mode":false,"campfire_choices":[{"floor":6.0,"key":"REST"},{"floor":8.0,"key":"REST"},{"floor":12.0,"key":"REST"},{"data":"blackbeard:RemoveScurvy","floor":15.0,"key":"SMITH"},{"data":"Dramatic Entrance","floor":24.0,"key":"SMITH"},{"data":"Panacea","floor":28.0,"key":"SMITH"},{"data":"DemoMod:Invincible","floor":32,"key":"SMITH"},{"data":"blackbeard:BlackbeardDefend","floor":40,"key":"SMITH"},{"data":"blackbeard:FieryDefense","floor":45,"key":"SMITH"}],"circlet_count":0,"master_deck":["blackbeard:BlackbeardStrike","blackbeard:BlackbeardStrike","blackbeard:BlackbeardStrike","blackbeard:IntimidatingStrike","blackbeard:BlackbeardDefend","blackbeard:BlackbeardDefend","blackbeard:BlackbeardDefend+1","blackbeard:Cutlass","blackbeard:AgileStrike","blackbeard:Shrapnel","blackbeard:Revenge","Blind","Apotheosis+1","Dramatic Entrance+1","Panacea+1","blackbeard:AgileStrike","blackbeard:RemoveScurvy+1","blackbeard:FieryDefense+1","blackbeard:GoldenCannonball","blackbeard:RearmingStrike","blackbeard:CaptainsHat","blackbeard:BeatUp+1","blackbeard:RemoveScurvy+1","blackbeard:Dagger","blackbeard:FieryDefense","blackbeard:ArmorUp","blackbeard:CloakAndCannonball","blackbeard:RearmingStrike","StuffTheSpire:FreeRealEstate","blackbeard:SwordDance","blackbeard:SwordDance","DemoMod:Invincible+1","blackbeard:CatONineTails","blackbeard:FishingNets","blackbeard:Parrot","blackbeard:DangerousBlow+1","blackbeard:TerrorOfTheSeas+1","blackbeard:Anchor","blackbeard:RemoveScurvy+1","blackbeard:JollyRoger+1","blackbeard:Lifeboat","blackbeard:PirateHook","blackbeard:CaptainsCabin+1","blackbeard:Rum","Poisoned Strike"],"relics":["blackbeard:LoadTheCannons","LetterFromLob","Ring of Greed","Ring of Misfortune","Membership Card","Replay:Bandana","ReplayTheSpireMod:ShopPack","StuffTheSpire:Rhapsscallions","conspire:Dentures","Ornamental Fan","StuffTheSpire:Kangaroo","HonorFeather","Toy Ornithopter","Singing Bowl","StuffTheSpire:GrapeVine","StuffTheSpire:Mouthbags","blackbeard:CrossedSwords","Lizard Tail","Empty Cage","Replay:Mystery Machine","DemoMod:DecoyRelic","Pear"],"acts_visited":["Exordium","TheCity","TheBeyond"],"potions_floor_usage":[29,31,36,36,38,39,46,46,46],"damage_taken":[{"damage":1.0,"enemies":"Jaw Worm","floor":1.0,"turns":3.0},{"damage":0.0,"enemies":"Small Slimes","floor":7.0,"turns":1.0},{"damage":26.0,"enemies":"Lagavulin","floor":10.0,"turns":5.0},{"damage":0.0,"enemies":"Gremlin Nob","floor":13.0,"turns":2.0},{"damage":24.0,"enemies":"Hexaghost","floor":16.0,"turns":10.0},{"damage":4.0,"enemies":"3 Byrds","floor":18.0,"turns":6.0},{"damage":7.0,"enemies":"Spheric Guardian","floor":19.0,"turns":4.0},{"damage":70.0,"enemies":"Cultist and Chosen","floor":20.0,"turns":6.0},{"damage":1.0,"enemies":"Cultist and Chosen","floor":22.0,"turns":5.0},{"damage":13.0,"enemies":"Snecko","floor":23.0,"turns":5.0},{"damage":31.0,"enemies":"Gremlin Leader","floor":27.0,"turns":8.0},{"damage":7,"enemies":"Book of Stabbing","floor":29,"turns":5},{"damage":15,"enemies":"Snake Plant","floor":31,"turns":5},{"damage":83,"enemies":"Automaton","floor":33,"turns":12},{"damage":14,"enemies":"Orb Walker","floor":35,"turns":4},{"damage":23,"enemies":"3 Shapes","floor":36,"turns":6},{"damage":27,"enemies":"Jaw Worm Horde","floor":38,"turns":4},{"damage":7,"enemies":"Maw","floor":39,"turns":6},{"damage":68,"enemies":"Nemesis","floor":41,"turns":9},{"damage":24,"enemies":"Spire Growth","floor":42,"turns":4},{"damage":7,"enemies":"3 Darklings","floor":46,"turns":6},{"damage":79,"enemies":"4 Shapes","floor":47,"turns":4},{"damage":150,"enemies":"Time Eater","floor":50,"turns":19}],"seed_played":"-1189149131805722255","potions_obtained":[{"floor":4.0,"key":"potionbrewer:FreezingPotion"},{"floor":4.0,"key":"Fruit Juice"},{"floor":4.0,"key":"blueLaboratory:HeartbeatPotion"},{"floor":7.0,"key":"SkillPotion"},{"floor":10.0,"key":"potionbrewer:HastePotion"},{"floor":16.0,"key":"blueLaboratory:AbyssPotion"},{"floor":18.0,"key":"blueLaboratory:LouseDecoction"},{"floor":19.0,"key":"potionbrewer:SplittingPotion"},{"floor":27.0,"key":"GrandPatriotsElixir:ReiMu"},{"floor":29,"key":"blueLaboratory:BottleOfRum"},{"floor":33,"key":"blueLaboratory:BubblePotion"},{"floor":35,"key":"Energy Potion"},{"floor":36,"key":"Swift Potion"},{"floor":38,"key":"potionbrewer:ToxicPotion"},{"floor":44,"key":"Block Potion"},{"floor":44,"key":"potionbrewer:EndurancePotion"},{"floor":44,"key":"construct:ShiftPotion"}],"is_trial":false,"path_per_floor":["M","?","?","?","$","R","M","R","T","E","?","R","E","$","R","B",null,"M","M","M","?","M","M","R","?","T","E","R","E","$","M","R","B",null,"M","M","?","M","M","R","E","M","T","?","R","M","M","$","R","B",null],"character_chosen":"BLACKBEARD_CLASS","items_purchased":["ReplayTheSpireMod:ShopPack","StuffTheSpire:Recharge","blackbeard:BlindAttacks","Blind","blackbeard:GoldenCannonball","blackbeard:RearmingStrike","blackbeard:CloakAndCannonball","StuffTheSpire:FreeRealEstate","blackbeard:SwordDance","DemoMod:Invincible","blackbeard:CrossedSwords","Lizard Tail","blackbeard:CatONineTails","blackbeard:CaptainsCabin+1","Pear","blackbeard:Rum"],"campfire_rested":3,"item_purchase_floors":[5,5,5,5,14,14,14,30,30,30,30,30,30,48,48,48],"current_hp_per_floor":[74,74,74,44,44,66,71,80,83,57,57,81,81,81,81,65,83,79,72,83,83,82,75,83,83,83,56,83,79,79,73,83,8,83,69,56,56,42,56,83,33,9,9,9,85,82,17,27,95,17],"gold":183,"neow_bonus":"TRANSFORM_CARD","is_daily":false,"chose_seed":false,"campfire_upgraded":6,"win_rate":0.0,"timestamp":1609699261,"path_taken":["M","?","?","?","$","R","M","R","T","E","?","R","E","$","R","BOSS","M","?","M","?","?","M","R","?","T","E","R","E","$","M","R","BOSS","M","M","?","M","M","R","E","?","T","?","R","M","?","?","R","BOSS"],"items_purchased_type":["Relic","Card","Card","Card","Card","Card","Card","Card","Card","Card","Relic","Relic","Card","Card","Relic","Card"],"build_version":"2020-12-22","purchased_purges":3,"victory":true,"max_hp_per_floor":[75,75,75,75,75,75,80,80,83,83,83,83,83,83,83,83,83,83,83,83,83,83,83,83,83,83,83,83,83,83,83,83,83,83,83,83,83,83,83,83,85,85,85,85,85,85,85,95,95,95],"card_choices":[{"not_picked":["blackbeard:CloakAndCannonball","blackbeard:RearmingStrike"],"picked":"blackbeard:Shrapnel","floor":1.0},{"not_picked":["blackbeard:Sharpening","blackbeard:JollyRoger"],"picked":"blackbeard:Revenge","floor":4.0},{"not_picked":["Master of Strategy","Midas Touch"],"picked":"Apotheosis","floor":5.0},{"not_picked":["Replay:Sssssssssshield","Enlightenment"],"picked":"Dramatic Entrance","floor":5.0},{"not_picked":["Dark Shackles","Midas Touch"],"picked":"Panacea","floor":5.0},{"not_picked":["blackbeard:Recklessness","blackbeard:Eyepatch"],"picked":"blackbeard:AgileStrike","floor":7.0},{"not_picked":["blackbeard:WiseDefense","blackbeard:Sword"],"picked":"blackbeard:RemoveScurvy","floor":10.0},{"not_picked":["blackbeard:SwordDance","blackbeard:PiratesWill"],"picked":"blackbeard:FieryDefense","floor":13.0},{"not_picked":["blackbeard:PowerHungry","blackbeard:GoldenRain"],"picked":"blackbeard:CaptainsHat","floor":16.0},{"not_picked":["blackbeard:SwordDance","blackbeard:CaptainsCabin"],"picked":"blackbeard:BeatUp+1","floor":18.0},{"not_picked":["blackbeard:FishingNets","blackbeard:DeadlyArsenal"],"picked":"blackbeard:RemoveScurvy+1","floor":19.0},{"not_picked":["blackbeard:GoldenCannonball","blackbeard:DeadlyArsenal"],"picked":"blackbeard:Dagger","floor":22.0},{"not_picked":["blackbeard:UndeadForm","blackbeard:GoldenStrike+1"],"picked":"blackbeard:FieryDefense","floor":23.0},{"not_picked":["blackbeard:Scrap","blackbeard:TacticalRetreat"],"picked":"blackbeard:ArmorUp","floor":27.0},{"not_picked":["blackbeard:Shrapnel","blackbeard:CloakAndCannonball"],"picked":"blackbeard:RearmingStrike","floor":29},{"not_picked":["blackbeard:Dagger","blackbeard:FinalBarrage"],"picked":"blackbeard:FishingNets","floor":31},{"not_picked":["blackbeard:UndeadForm","blackbeard:Halberd"],"picked":"blackbeard:Parrot","floor":33},{"not_picked":["blackbeard:CannonBarrage+1","blackbeard:Provisioning+1"],"picked":"blackbeard:DangerousBlow+1","floor":35},{"not_picked":["blackbeard:CloakAndCannonball+1","blackbeard:AgileStrike"],"picked":"blackbeard:TerrorOfTheSeas+1","floor":36},{"not_picked":["blackbeard:SwordDance","blackbeard:CannonballSupply+1"],"picked":"blackbeard:Anchor","floor":38},{"not_picked":["blackbeard:SwordDance","blackbeard:Spear+1"],"picked":"blackbeard:RemoveScurvy+1","floor":39},{"not_picked":["blackbeard:PirateStrength","blackbeard:CaptainsCabin+1","blackbeard:DoubleBottom"],"picked":"Singing Bowl","floor":41},{"not_picked":["blackbeard:GoldenStrike+1","blackbeard:InfiniteBarrage+1"],"picked":"blackbeard:JollyRoger+1","floor":42},{"not_picked":["blackbeard:SwordDance","blackbeard:RearmingStrike"],"picked":"blackbeard:Lifeboat","floor":46},{"not_picked":["blackbeard:TacticalRetreat+1","blackbeard:DoubleCannonball+1"],"picked":"blackbeard:PirateHook","floor":47}],"player_experience":433160,"relics_obtained":[{"floor":1.0,"key":"LetterFromLob"},{"floor":2.0,"key":"Ring of Greed"},{"floor":2.0,"key":"Ring of Misfortune"},{"floor":2.0,"key":"Membership Card"},{"floor":2.0,"key":"Replay:Bandana"},{"floor":9.0,"key":"StuffTheSpire:Rhapsscallions"},{"floor":10.0,"key":"conspire:Dentures"},{"floor":13.0,"key":"Ornamental Fan"},{"floor":26.0,"key":"Singing Bowl"},{"floor":27.0,"key":"StuffTheSpire:GrapeVine"},{"floor":29,"key":"StuffTheSpire:Mouthbags"},{"floor":41,"key":"Replay:Mystery Machine"},{"floor":43,"key":"DemoMod:DecoyRelic"}],"event_choices":[{"cards_removed":["Looming Evil"],"damage_healed":0.0,"max_hp_gain":0.0,"max_hp_loss":0.0,"gold_gain":0.0,"event_name":"Living Wall","player_choice":"Forget","floor":3.0,"gold_loss":0.0,"damage_taken":0.0},{"damage_healed":0.0,"max_hp_gain":0.0,"max_hp_loss":0.0,"gold_gain":0.0,"event_name":"Upgrade Shrine","player_choice":"Upgraded","floor":11.0,"gold_loss":0.0,"damage_taken":0.0,"cards_upgraded":["Apotheosis"]},{"cards_removed":["blackbeard:BlindAttacks"],"damage_healed":0.0,"max_hp_gain":0.0,"max_hp_loss":0.0,"gold_gain":0.0,"event_name":"WeMeetAgain","player_choice":"Gave Card","floor":21.0,"gold_loss":0.0,"damage_taken":0.0,"relics_obtained":["Toy Ornithopter"]},{"damage_healed":0.0,"max_hp_gain":0.0,"max_hp_loss":0.0,"gold_gain":250.0,"event_name":"The Joust","player_choice":"Bet on Owner","floor":25.0,"gold_loss":50.0,"damage_taken":0.0},{"cards_removed":["ReplayTheSpireMod:Restless Dread","Poor:ReiMu","Clumsy","TheCursedMod:Dregs","yuri:MarkovCurse","conspire:Blindness"],"damage_healed":0,"gold_gain":0,"player_choice":"Removed Curses","damage_taken":0,"max_hp_gain":0,"max_hp_loss":0,"event_name":"Fountain of Cleansing","floor":37,"gold_loss":0},{"damage_healed":0,"gold_gain":0,"player_choice":"Got Potions","damage_taken":0,"max_hp_gain":0,"max_hp_loss":0,"event_name":"Lab","floor":44,"gold_loss":0}],"is_beta":false,"boss_relics":[{"not_picked":["Fusion Hammer","Coffee Dripper"],"picked":"StuffTheSpire:Kangaroo"},{"not_picked":["Replay:Wanted Poster","Kintsugi"],"picked":"Empty Cage"}],"items_purged_floors":[14,30,48],"is_endless":false,"potions_floor_spawned":[7,10,16,18,19,27,29,33,35,36,38],"ascension_level":0}}