{"host":"l2dnabsh5e0fsksb","time":1609678932,"event":{"mods":["2.2 Compatiblity","BaseMod","Downfall","Minty Spire (QoL Compilation)","Quick Restart","StSLib"],"gold_per_floor":[99,549,549,549,549,549,549,564,200,125,125,125,135,135,147,147,147,147],"floor_reached":16,"playtime":511,"items_purged":["Regret"],"score":86,"play_id":"e24b3fb1-ce32-4037-9b0c-8b3e54d4c110","local_time":"20210103233212","is_ascension_mode":false,"campfire_choices":[{"data":"champ:Execute","floor":1,"key":"SMITH"},{"data":"expansioncontent:Collect","floor":10,"key":"SMITH"},{"data":"champ:VampiricStrike","floor":12,"key":"SMITH"}],"circlet_count":0,"master_deck":["champ:Strike","champ:Strike","champ:Strike","champ:Defend","champ:Defend+1","champ:Defend","champ:Defend","champ:Execute+1","champ:Taunt","Slimebound:Icky","Slimebound:Icky","Slimebound:Icky","champ:BringItOn","champ:CrookedStrike","champ:VampiricStrike+1","champ:FalseCounter","champ:FocusedBerserking+1","champ:ShieldWall","expansioncontent:Collect+1","champ:ShieldThrow","champ:FanOfKnives"],"relics":["champ:ChampionCrown","downfall:HeartsMalice","Shuriken","War Paint","downfall:HeartBlessingBlue"],"acts_visited":["Exordium"],"potions_floor_usage":[],"damage_taken":[{"damage":0,"enemies":"2 Louse","floor":3,"turns":1},{"damage":0,"enemies":"Small Slimes","floor":4,"turns":1},{"damage":0,"enemies":"Cultist","floor":6,"turns":1},{"damage":11,"enemies":"3 Louse","floor":8,"turns":3},{"damage":7,"enemies":"downfall:FleeingMerchant","floor":9,"turns":4},{"damage":31,"enemies":"Gremlin Gang","floor":13,"turns":9},{"damage":3,"enemies":"Exordium Wildlife","floor":15,"turns":4},{"damage":95,"enemies":"downfall:Watcher","floor":16,"turns":12}],"seed_played":"5734325399464842924","potions_obtained":[{"floor":8,"key":"Ancient Potion"},{"floor":15,"key":"Explosive Potion"}],"is_trial":false,"path_per_floor":["R","?","M","M","?","M","T","M","$","R","?","R","M","?","M","B"],"character_chosen":"THE_CHAMP","items_purchased":["War Paint","champ:ShieldWall","expansioncontent:Collect"],"campfire_rested":0,"item_purchase_floors":[9,9,9],"current_hp_per_floor":[90,90,90,90,90,90,90,88,86,96,96,96,78,43,51,0,0,0],"gold":147,"neow_bonus":"THREE_ENEMY_KILL","is_daily":false,"chose_seed":false,"campfire_upgraded":3,"win_rate":0.0,"timestamp":1609678932,"path_taken":["R","?","M","M","?","M","T","M","$","R","?","R","M","?","M","BOSS"],"items_purchased_type":["Relic","Card","Card"],"build_version":"2020-12-22","purchased_purges":1,"victory":false,"max_hp_per_floor":[90,90,90,90,90,90,90,90,90,100,100,100,100,100,100,100,100,100],"card_choices":[{"not_picked":["champ:GutPunch","champ:DefensiveShout"],"picked":"champ:BringItOn","floor":3},{"not_picked":["champ:BerserkersShout","champ:DeathBlow"],"picked":"champ:CrookedStrike","floor":4},{"not_picked":["champ:DefensiveShout","champ:Circumvent"],"picked":"champ:VampiricStrike","floor":6},{"not_picked":["champ:GladiatorsShout","champ:TornadoPunch"],"picked":"champ:FalseCounter","floor":8},{"not_picked":["champ:Riposte","champ:FocusedDefense"],"picked":"champ:FocusedBerserking","floor":9},{"not_picked":["champ:PerfectedStrike","champ:DefensiveShout"],"picked":"champ:ShieldThrow","floor":13},{"not_picked":["champ:TornadoPunch","champ:GladiatorsShout"],"picked":"champ:FanOfKnives","floor":15}],"player_experience":1723721,"relics_obtained":[],"event_choices":[{"damage_healed":0,"gold_gain":0,"player_choice":"Box","damage_taken":0,"relics_obtained":["Shuriken"],"max_hp_gain":0,"max_hp_loss":0,"event_name":"Big Fish","floor":5,"gold_loss":0,"cards_obtained":["Regret"]}],"is_beta":false,"boss_relics":[],"items_purged_floors":[9],"is_endless":false,"potions_floor_spawned":[8,15],"killed_by":"downfall:Watcher","ascension_level":0}}