{"host":"zes78fzwct0uoxij","time":1609706904,"event":{"mods":["BaseMod","Colored Map","Highlight Path","Minty Spire (QoL Compilation)"],"gold_per_floor":[111,131,206,206,206,206,234,159,159,193,204,217,237,256,256,256,256],"floor_reached":16,"playtime":1141,"items_purged":["Strike_R"],"score":112,"play_id":"560486eb-e040-409c-ac02-efd3f182f13e","local_time":"20210103214824","is_ascension_mode":false,"campfire_choices":[{"data":"Dropkick","floor":6,"key":"SMITH"},{"floor":15,"key":"REST"}],"circlet_count":0,"master_deck":["Strike_R","Strike_R","Strike_R","Strike_R","Defend_R","Defend_R","Defend_R","Defend_R","Bash","Exhume","Pommel Strike","Dropkick+1","Battle Trance","Ghostly Armor","Evolve","Dropkick","Rage"],"relics":["Burning Blood","Centennial Puzzle","Thread and Needle","White Beast Statue","InkBottle"],"acts_visited":["Exordium"],"potions_floor_usage":[],"damage_taken":[{"damage":4,"enemies":"2 Louse","floor":1,"turns":3},{"damage":0,"enemies":"Small Slimes","floor":2,"turns":3},{"damage":31,"enemies":"Lagavulin","floor":7,"turns":6},{"damage":16,"enemies":"3 Sentries","floor":10,"turns":11},{"damage":0,"enemies":"Jaw Worm","floor":11,"turns":4},{"damage":4,"enemies":"Red Slaver","floor":12,"turns":3},{"damage":0,"enemies":"Large Slime","floor":13,"turns":5},{"damage":0,"enemies":"2 Fungi Beasts","floor":14,"turns":4},{"damage":82,"enemies":"Hexaghost","floor":16,"turns":12}],"seed_played":"-3274484033334327894","potions_obtained":[{"floor":1,"key":"AttackPotion"},{"floor":7,"key":"SneckoOil"},{"floor":10,"key":"SpeedPotion"}],"is_trial":false,"path_per_floor":["M","M","?","?","?","R","E","$","T","E","M","M","M","M","R","B"],"character_chosen":"IRONCLAD","items_purchased":[],"campfire_rested":1,"item_purchase_floors":[],"current_hp_per_floor":[80,80,69,51,77,77,52,52,52,42,48,50,56,62,80,0,0],"gold":256,"neow_bonus":"ONE_RANDOM_RARE_CARD","is_daily":false,"chose_seed":false,"campfire_upgraded":1,"win_rate":0.0,"timestamp":1609706904,"path_taken":["M","M","?","?","?","R","E","?","T","E","M","M","M","?","R","BOSS"],"items_purchased_type":[],"build_version":"2020-12-22","purchased_purges":1,"victory":false,"max_hp_per_floor":[80,80,80,80,80,80,80,80,80,80,80,80,80,80,80,80,80],"card_choices":[{"not_picked":["Blood for Blood","Perfected Strike"],"picked":"Pommel Strike","floor":1},{"not_picked":["Wild Strike","Havoc"],"picked":"Dropkick","floor":2},{"not_picked":["Spot Weakness","True Grit"],"picked":"Battle Trance","floor":7},{"not_picked":["Dark Embrace","Sword Boomerang"],"picked":"Ghostly Armor","floor":10},{"not_picked":["Clothesline","Entrench"],"picked":"Evolve","floor":11},{"not_picked":["Dark Embrace","Bloodletting"],"picked":"Dropkick","floor":12},{"not_picked":["Shockwave","True Grit"],"picked":"Rage","floor":13},{"not_picked":["True Grit","Pommel Strike","Feel No Pain"],"picked":"SKIP","floor":14}],"player_experience":588122,"relics_obtained":[{"floor":7,"key":"Thread and Needle"},{"floor":9,"key":"White Beast Statue"},{"floor":10,"key":"InkBottle"}],"event_choices":[{"damage_healed":0,"gold_gain":75,"player_choice":"Gather Gold","damage_taken":11,"max_hp_gain":0,"max_hp_loss":0,"event_name":"World of Goop","floor":3,"gold_loss":0},{"damage_healed":0,"gold_gain":0,"player_choice":"Success","damage_taken":18,"relics_obtained":["Centennial Puzzle"],"max_hp_gain":0,"max_hp_loss":0,"event_name":"Scrap Ooze","floor":4,"gold_loss":0},{"damage_healed":26,"gold_gain":0,"player_choice":"Banana","damage_taken":0,"max_hp_gain":0,"max_hp_loss":0,"event_name":"Big Fish","floor":5,"gold_loss":0}],"is_beta":false,"boss_relics":[],"items_purged_floors":[8],"is_endless":false,"potions_floor_spawned":[1,7,10,11,12,13,14],"killed_by":"Hexaghost","ascension_level":0}}