{"host":"5a3ojr29q3aeapfp","time":1609649378,"event":{"mods":["BaseMod","CapriCore","Colored Powertips","Downfall","GungeonMod","Hermit","Highlight Path","Koishi","Minty Spire (QoL Compilation)","Remilia£®¿Ÿ√◊¿Ú—«£©","Replay The Spire","Spicy Shops","StSLib","The Cursed","The Immortal","The Marked","Youmu£®ªÍ∆«—˝√Œ£©","°æ“≈ŒÔø®≈∆°øREMEMod"],"gold_per_floor":[114,132,181,229,277,277,319,376,425,425,425],"floor_reached":10,"playtime":947,"items_purged":[],"score":72,"play_id":"9b55808a-b8ea-4369-a099-f492f5714ac4","local_time":"20210103124938","is_ascension_mode":false,"campfire_choices":[{"data":"REME_CopyPotion","floor":6,"key":"SMITH"}],"circlet_count":0,"master_deck":["theMarked:Strike","theMarked:Strike","theMarked:Strike","theMarked:Strike","theMarked:Defend","theMarked:Defend","theMarked:Defend","theMarked:Defend","theMarked:SoldierOfQuellstein","theMarked:Generate","theMarked:WardOff","REME_CopyPotion+1","theMarked:ChainLightning","theMarked:MagicAdept","theMarked:BanishingStrike","theMarked:ChainLightning"],"relics":["theMarked:ArtifactOfAir","REME_ComplimentaryCards","Potion Belt"],"acts_visited":["Exordium"],"potions_floor_usage":[8,10],"damage_taken":[{"damage":4,"enemies":"Cultist","floor":1,"turns":4},{"damage":0,"enemies":"Small Slimes","floor":2,"turns":4},{"damage":7,"enemies":"Jaw Worm","floor":3,"turns":5},{"damage":7,"enemies":"2 Fungi Beasts","floor":4,"turns":4},{"damage":11,"enemies":"Large Slime","floor":5,"turns":6},{"damage":20,"enemies":"Gremlin Gang","floor":7,"turns":4},{"damage":6,"enemies":"Lagavulin","floor":8,"turns":5},{"damage":16,"enemies":"3 Sentries","floor":10,"turns":3}],"seed_played":"2888201782943369393","potions_obtained":[{"floor":1,"key":"REME_GoldPotion"},{"floor":2,"key":"Adrenaline Potion"},{"floor":8,"key":"AttackPotion"}],"is_trial":false,"path_per_floor":["M","M","M","M","M","R","M","E","T","E"],"character_chosen":"THE_DEFAULT","items_purchased":[],"campfire_rested":0,"item_purchase_floors":[],"current_hp_per_floor":[66,66,59,52,41,41,21,15,15,0,0],"gold":425,"neow_bonus":"TRANSFORM_CARD","is_daily":false,"chose_seed":false,"campfire_upgraded":1,"win_rate":0.0,"timestamp":1609649378,"path_taken":["M","?","M","M","M","R","M","E","T","E"],"items_purchased_type":[],"build_version":"2020-12-22","purchased_purges":0,"victory":false,"max_hp_per_floor":[70,70,70,70,70,70,70,70,70,70,70],"card_choices":[{"not_picked":["theMarked:Seal","theMarked:Indomitable"],"picked":"theMarked:WardOff","floor":1},{"not_picked":["theMarked:ContemptForTheProud","theMarked:TwofoldDefense"],"picked":"theMarked:ChainLightning","floor":2},{"not_picked":["theMarked:CreepingChasm","theMarked:ResourceFulStrike"],"picked":"theMarked:MagicAdept","floor":3},{"not_picked":["theMarked:Parry","theMarked:RepellingDischarge"],"picked":"theMarked:BanishingStrike","floor":4},{"not_picked":["theMarked:Parkour","theMarked:WastefulAttack"],"picked":"theMarked:ChainLightning","floor":5},{"not_picked":["theMarked:Frustration","theMarked:Aftermath","theMarked:Parkour"],"picked":"SKIP","floor":7},{"not_picked":["theMarked:SelfDefenseTraining","theMarked:TunnelVision","theMarked:Standoff"],"picked":"SKIP","floor":8}],"player_experience":130394,"relics_obtained":[{"floor":8,"key":"Potion Belt"}],"event_choices":[],"is_beta":false,"boss_relics":[],"items_purged_floors":[],"is_endless":false,"potions_floor_spawned":[1,2,8],"killed_by":"3 Sentries","ascension_level":0}}