{"host":"x000krxjblg8jdg4","time":1609715425,"event":{"mods":["BaseMod","Downfall","Hermit","Minty Spire (QoL Compilation)","StSLib","The Runesmith","The Servant 0.9.4"],"gold_per_floor":[119,138,157,157,167,202,220,220,273,273,273,273,298,314,314,418,468,453,467,478,478,478,478,478],"floor_reached":23,"playtime":5513,"items_purged":[],"score":228,"play_id":"0d984b65-a685-447a-85d9-37fd990ca234","local_time":"20210103211025","is_ascension_mode":false,"campfire_choices":[{"floor":8,"key":"REST"},{"floor":10,"key":"REST"},{"data":"hermit:HighNoon","floor":12,"key":"SMITH"},{"floor":15,"key":"REST"}],"circlet_count":0,"master_deck":["hermit:Strike_Hermit","hermit:Strike_Hermit","hermit:Strike_Hermit","hermit:Strike_Hermit","hermit:Defend_Hermit","hermit:Defend_Hermit+1","hermit:Defend_Hermit","hermit:Defend_Hermit","hermit:Snapshot","hermit:Covet","hermit:Vantage","hermit:Ricochet","hermit:Enervate","hermit:TrackingShot","hermit:WideOpen+1","hermit:HighNoon+1","hermit:Snipe","hermit:Vantage","hermit:CalledShot","hermit:Maintenance","hermit:Magnum","hermit:GoldenBullet","hermit:HighCaliber","hermit:LoneWolf+1"],"relics":["hermit:Momento","Letter Opener","Dream Catcher","Pear","Tiny House"],"acts_visited":["Exordium","TheCity"],"potions_floor_usage":[16,20,20],"damage_taken":[{"damage":0,"enemies":"2 Louse","floor":1,"turns":3},{"damage":0,"enemies":"Small Slimes","floor":2,"turns":4},{"damage":3,"enemies":"Jaw Worm","floor":3,"turns":4},{"damage":0,"enemies":"Exordium Wildlife","floor":5,"turns":3},{"damage":21,"enemies":"Gremlin Nob","floor":6,"turns":5},{"damage":11,"enemies":"2 Fungi Beasts","floor":7,"turns":3},{"damage":34,"enemies":"3 Sentries","floor":13,"turns":6},{"damage":0,"enemies":"Large Slime","floor":14,"turns":4},{"damage":78,"enemies":"Hexaghost","floor":16,"turns":10},{"damage":31,"enemies":"2 Thieves","floor":18,"turns":4},{"damage":32,"enemies":"Chosen","floor":19,"turns":8},{"damage":16,"enemies":"Snecko","floor":20,"turns":5},{"damage":9,"enemies":"Gremlin Leader","floor":23,"turns":2}],"seed_played":"-823912787159038318","potions_obtained":[{"floor":6,"key":"FearPotion"},{"floor":7,"key":"GamblersBrew"},{"floor":13,"key":"GamblersBrew"},{"floor":17,"key":"SkillPotion"},{"floor":19,"key":"Fire Potion"},{"floor":20,"key":"sneckomod:MuddlingPotion"}],"is_trial":false,"path_per_floor":["M","M","M","?","M","E","M","R","T","R","?","R","E","M","R","B",null,"M","M","M","?","?","E"],"character_chosen":"HERMIT","items_purchased":[],"campfire_rested":3,"item_purchase_floors":[],"current_hp_per_floor":[82,82,79,79,79,58,47,71,71,82,82,82,58,58,85,7,97,66,34,18,18,9,0,0],"gold":478,"neow_bonus":"TEN_PERCENT_HP_BONUS","is_daily":false,"chose_seed":false,"campfire_upgraded":1,"win_rate":0.0,"timestamp":1609715425,"path_taken":["M","M","M","?","M","E","M","R","T","R","?","R","E","M","R","BOSS","M","M","M","?","?","E"],"items_purchased_type":[],"build_version":"2020-12-22","purchased_purges":0,"victory":false,"max_hp_per_floor":[82,82,82,82,82,82,82,82,82,82,82,82,92,92,92,92,97,97,97,97,97,97,97,97],"card_choices":[{"not_picked":["hermit:Snipe","hermit:Manifest"],"picked":"hermit:Vantage","floor":1},{"not_picked":["hermit:Headshot","hermit:ItchyTrigger"],"picked":"hermit:Ricochet","floor":2},{"not_picked":["hermit:LowProfile","hermit:LuckOfTheDraw"],"picked":"hermit:Enervate","floor":3},{"not_picked":["hermit:Ricochet","hermit:Headshot"],"picked":"hermit:TrackingShot","floor":5},{"not_picked":["hermit:Misfire","hermit:Desperado"],"picked":"hermit:WideOpen","floor":6},{"not_picked":["hermit:Dive","hermit:Coalescence"],"picked":"hermit:HighNoon","floor":7},{"not_picked":["hermit:Ricochet","hermit:Dive"],"picked":"hermit:Snipe","floor":10},{"not_picked":["hermit:Horror","hermit:Malice"],"picked":"hermit:Vantage","floor":13},{"not_picked":["hermit:Snipe","hermit:BodyArmor"],"picked":"hermit:CalledShot","floor":14},{"not_picked":["hermit:Misfire","hermit:Glare"],"picked":"hermit:Maintenance","floor":15},{"not_picked":["hermit:DeadOrAlive","hermit:FatalDesire"],"picked":"hermit:Magnum","floor":16},{"not_picked":["hermit:Vantage","hermit:Shortfuse"],"picked":"hermit:GoldenBullet","floor":17},{"not_picked":["hermit:Roulette+1","hermit:FlashPowder","hermit:TakeCover"],"picked":"SKIP","floor":18},{"not_picked":["hermit:Vantage","hermit:Desperado"],"picked":"hermit:HighCaliber","floor":19},{"not_picked":["hermit:Coalescence","hermit:WideOpen"],"picked":"hermit:LoneWolf+1","floor":20}],"player_experience":3528,"relics_obtained":[{"floor":6,"key":"Letter Opener"},{"floor":9,"key":"Dream Catcher"},{"floor":13,"key":"Pear"}],"event_choices":[{"damage_healed":0,"gold_gain":0,"player_choice":"Leave","damage_taken":0,"max_hp_gain":0,"max_hp_loss":0,"event_name":"The Cleric","floor":4,"gold_loss":0},{"damage_healed":0,"gold_gain":0,"player_choice":"Grow","damage_taken":0,"max_hp_gain":0,"max_hp_loss":0,"event_name":"Living Wall","floor":11,"gold_loss":0,"cards_upgraded":["hermit:WideOpen"]},{"damage_healed":0,"gold_gain":0,"player_choice":"Ignored","damage_taken":0,"max_hp_gain":0,"max_hp_loss":0,"event_name":"Beggar","floor":21,"gold_loss":0},{"damage_healed":0,"gold_gain":0,"player_choice":"Stopped","damage_taken":9,"max_hp_gain":0,"max_hp_loss":0,"event_name":"Cursed Tome","floor":22,"gold_loss":0}],"is_beta":false,"boss_relics":[{"not_picked":["Coffee Dripper","Runic Pyramid"],"picked":"Tiny House"}],"items_purged_floors":[],"is_endless":false,"potions_floor_spawned":[6,7,13,19,20],"killed_by":"Gremlin Leader","ascension_level":0}}