{"host":"k0kjm4m87pwj4phr","time":1609651987,"event":{"mods":["BaseMod","Colored Map","Colored Powertips","Minty Spire (QoL Compilation)","Permanent Neow","Quick Restart","Relic Stats","StSLib","vexMod","óô»ðÖ¸ÄÏ"],"gold_per_floor":[112,132,151,151,164,164,193,193,193,221,221,237,237,275,144,144,144],"floor_reached":16,"playtime":605,"items_purged":["Strike_R"],"score":240,"play_id":"161dfdbc-3889-49dc-9c01-ff67d4681659","local_time":"20210103133307","is_ascension_mode":true,"campfire_choices":[{"data":"Armaments","floor":6.0,"key":"SMITH"},{"data":"Bash","floor":8,"key":"SMITH"},{"floor":13,"key":"REST"}],"circlet_count":0,"master_deck":["AscendersBane","Strike_R","Strike_R","Strike_R","Strike_R","Defend_R","Defend_R","Defend_R","Bash+1","Dropkick","Armaments+1","Shrug It Off","Spot Weakness","Dropkick","Battle Trance+1","True Grit+1","True Grit+1"],"relics":["Burning Blood","Omamori","Toxic Egg 2","Gremlin Horn","Golden Idol","Akabeko"],"acts_visited":["Exordium"],"potions_floor_usage":[7,10,16],"damage_taken":[{"damage":7.0,"enemies":"Jaw Worm","floor":1.0,"turns":3.0},{"damage":1.0,"enemies":"2 Louse","floor":2.0,"turns":3.0},{"damage":5.0,"enemies":"Small Slimes","floor":3.0,"turns":5.0},{"damage":11.0,"enemies":"Blue Slaver","floor":5.0,"turns":4.0},{"damage":6,"enemies":"Gremlin Nob","floor":7,"turns":3},{"damage":19,"enemies":"3 Sentries","floor":10,"turns":10},{"damage":7,"enemies":"Exordium Wildlife","floor":12,"turns":5},{"damage":27,"enemies":"Lagavulin","floor":14,"turns":5},{"damage":0,"enemies":"Slime Boss","floor":16,"turns":3}],"seed_played":"-700673806569456918","potions_obtained":[{"floor":1.0,"key":"DistilledChaos"},{"floor":2.0,"key":"Block Potion"},{"floor":12,"key":"ColorlessPotion"}],"is_trial":false,"path_per_floor":["M","M","M","?","M","R","E","R","T","E","?","M","R","E","R","B"],"character_chosen":"IRONCLAD","items_purchased":["True Grit+1"],"campfire_rested":1,"item_purchase_floors":[15],"current_hp_per_floor":[67,72,73,55,50,50,50,50,50,37,37,36,56,35,35,35,35],"gold":144,"neow_bonus":"TRANSFORM_CARD","is_daily":false,"chose_seed":false,"campfire_upgraded":2,"win_rate":0.0,"timestamp":1609651987,"path_taken":["M","M","M","?","M","R","E","R","T","E","?","M","R","E","R","BOSS"],"items_purchased_type":["Card"],"build_version":"2020-12-22","purchased_purges":1,"victory":false,"max_hp_per_floor":[75,75,75,75,75,75,75,75,75,75,68,68,68,68,68,68,68],"relic_stats":{"Gremlin Horn":[1,1],"counters":[9,41],"Golden Idol":11,"obtain_stats":[{"Gremlin Horn":10,"Golden Idol":11,"Omamori":4,"Toxic Egg 2":7,"Burning Blood":0,"Akabeko":14},{"Gremlin Horn":6,"Golden Idol":6,"Omamori":3,"Toxic Egg 2":5,"Burning Blood":0,"Akabeko":8},{"Gremlin Horn":28,"Golden Idol":28,"Omamori":11,"Toxic Egg 2":18,"Burning Blood":0,"Akabeko":38}],"Burning Blood":48},"card_choices":[{"not_picked":["Metallicize","Sentinel"],"picked":"Armaments","floor":1.0},{"not_picked":["Battle Trance","Heavy Blade"],"picked":"Shrug It Off","floor":2.0},{"not_picked":["Heavy Blade","Infernal Blade"],"picked":"Spot Weakness","floor":3.0},{"not_picked":["Thunderclap","Cleave","Perfected Strike"],"picked":"SKIP","floor":5.0},{"not_picked":["Cleave","Infernal Blade+1"],"picked":"Dropkick","floor":7},{"not_picked":["Iron Wave","Clothesline"],"picked":"Battle Trance+1","floor":10},{"not_picked":["Pommel Strike","Dark Embrace"],"picked":"True Grit+1","floor":12},{"not_picked":["Iron Wave","Twin Strike","Sever Soul"],"picked":"SKIP","floor":14}],"player_experience":436693,"relics_obtained":[{"floor":7,"key":"Toxic Egg 2"},{"floor":10,"key":"Gremlin Horn"},{"floor":14,"key":"Akabeko"}],"event_choices":[{"damage_healed":0.0,"max_hp_gain":0.0,"max_hp_loss":0.0,"gold_gain":0.0,"event_name":"Scrap Ooze","player_choice":"Success","floor":4.0,"gold_loss":0.0,"damage_taken":18.0,"relics_obtained":["Omamori"]},{"damage_healed":0,"gold_gain":0,"player_choice":"Lose Max HP","damage_taken":0,"relics_obtained":["Golden Idol"],"max_hp_gain":0,"max_hp_loss":7,"event_name":"Golden Idol","floor":11,"gold_loss":0}],"is_beta":false,"boss_relics":[],"items_purged_floors":[15],"is_endless":false,"potions_floor_spawned":[1,2,5,12],"killed_by":"Slime Boss","ascension_level":20}}