{"host":"lklj3eidp7g5an38","time":1609678388,"event":{"mods":["BaseMod","Minty Spire (QoL Compilation)","Relic Stats","StSLib"],"gold_per_floor":[109,53,53,53,71,71,106,22,49,76,89,89,99,127,127,203,203,223,273,273,3,21,54,54,82,82,82,92,116,116,116],"floor_reached":30,"playtime":1781,"items_purged":[],"score":601,"play_id":"433532a6-ed3f-43ec-8c6b-d2aad3fb1ba7","local_time":"20210103125308","is_ascension_mode":true,"campfire_choices":[{"data":"Neutralize","floor":6,"key":"SMITH"},{"data":"Footwork","floor":12,"key":"SMITH"},{"data":"Corpse Explosion","floor":15,"key":"SMITH"},{"floor":24,"key":"REST"},{"floor":27,"key":"REST"}],"circlet_count":0,"master_deck":["AscendersBane","Strike_G","Strike_G","Strike_G","Strike_G","Defend_G","Defend_G","Defend_G","Defend_G","Defend_G","Survivor","Neutralize+1","Dagger Throw","Blade Dance","Corpse Explosion+1","Infinite Blades","Footwork+1","Tools of the Trade","Acrobatics","Underhanded Strike","Night Terror","Tactician","Cloak And Dagger+1"],"relics":["Ring of the Snake","Ginger","StoneCalendar","Tiny Chest","Oddly Smooth Stone","Juzu Bracelet","WristBlade","Nloth\u0027s Gift","Shuriken","Vajra","Lantern","Pen Nib","Centennial Puzzle"],"acts_visited":["Exordium","TheCity"],"potions_floor_usage":[10,14,25,28],"damage_taken":[{"damage":0,"enemies":"Cultist","floor":1,"turns":1},{"damage":0,"enemies":"2 Louse","floor":5,"turns":1},{"damage":0,"enemies":"Lagavulin","floor":7,"turns":1},{"damage":0,"enemies":"3 Sentries","floor":10,"turns":5},{"damage":0,"enemies":"Small Slimes","floor":11,"turns":3},{"damage":0,"enemies":"Blue Slaver","floor":13,"turns":4},{"damage":21,"enemies":"Lagavulin","floor":14,"turns":7},{"damage":28,"enemies":"The Guardian","floor":16,"turns":10},{"damage":11,"enemies":"Shell Parasite","floor":18,"turns":6},{"damage":0,"enemies":"Chosen","floor":22,"turns":4},{"damage":31,"enemies":"Slavers","floor":23,"turns":3},{"damage":16,"enemies":"Book of Stabbing","floor":25,"turns":7},{"damage":15,"enemies":"Snake Plant","floor":28,"turns":3},{"damage":35,"enemies":"Shelled Parasite and Fungi","floor":30,"turns":3}],"seed_played":"-7476991791873975300","potions_obtained":[{"floor":5,"key":"Block Potion"},{"floor":7,"key":"FearPotion"},{"floor":10,"key":"Weak Potion"},{"floor":25,"key":"Fruit Juice"}],"is_trial":false,"path_per_floor":["M","$","?","?","M","R","E","?","T","E","M","R","M","E","R","B",null,"M","?","?","$","M","E","R","E","T","R","M","T","M"],"character_chosen":"THE_SILENT","items_purchased":["Blade Dance","Shuriken"],"campfire_rested":2,"item_purchase_floors":[2,21],"current_hp_per_floor":[59,59,52,52,52,52,52,52,52,52,52,52,52,31,31,3,50,39,39,39,39,39,8,27,11,11,30,20,20,0,0],"gold":116,"neow_bonus":"THREE_ENEMY_KILL","is_daily":false,"chose_seed":false,"campfire_upgraded":3,"win_rate":0.0,"timestamp":1609678388,"path_taken":["M","?","?","?","M","R","E","?","T","E","?","R","M","E","R","BOSS","M","?","?","$","M","E","R","E","T","R","M","?","M"],"items_purchased_type":["Card","Relic"],"build_version":"2020-12-22","purchased_purges":0,"victory":false,"max_hp_per_floor":[66,66,66,66,66,66,66,66,66,66,66,66,66,66,66,66,66,66,66,66,66,66,66,66,66,66,66,71,71,71,71],"relic_stats":{"Centennial Puzzle":[3],"counters":[14,58],"Shuriken":[7],"StoneCalendar":[52],"Tiny Chest":1,"Pen Nib":[1],"Juzu Bracelet":0,"Nloth\u0027s Gift":1,"Ginger":[5],"obtain_stats":[{"Lantern":25,"NeowsBlessing":0,"Oddly Smooth Stone":10,"Vajra":23,"StoneCalendar":8,"Pen Nib":26,"Juzu Bracelet":14,"Ginger":7,"Centennial Puzzle":29,"WristBlade":17,"Shuriken":21,"Tiny Chest":9,"Nloth\u0027s Gift":20,"Ring of the Snake":0},{"Lantern":12,"NeowsBlessing":0,"Oddly Smooth Stone":4,"Vajra":11,"StoneCalendar":3,"Pen Nib":12,"Juzu Bracelet":7,"Ginger":3,"Centennial Puzzle":13,"WristBlade":8,"Shuriken":9,"Tiny Chest":3,"Nloth\u0027s Gift":9,"Ring of the Snake":0},{"Lantern":52,"NeowsBlessing":0,"Oddly Smooth Stone":8,"Vajra":45,"StoneCalendar":3,"Pen Nib":52,"Juzu Bracelet":22,"Ginger":3,"Centennial Puzzle":55,"WristBlade":32,"Shuriken":38,"Tiny Chest":3,"Nloth\u0027s Gift":38,"Ring of the Snake":0}],"Ring of the Snake":[28]},"card_choices":[{"not_picked":["Sucker Punch","Accuracy"],"picked":"Dagger Throw","floor":1},{"not_picked":["Riddle With Holes","Flying Knee","Bane"],"picked":"SKIP","floor":5},{"not_picked":["Crippling Poison","Underhanded Strike"],"picked":"Corpse Explosion","floor":7},{"not_picked":["Dagger Throw","Acrobatics"],"picked":"Infinite Blades","floor":10},{"not_picked":["Slice","Cloak And Dagger"],"picked":"Footwork","floor":11},{"not_picked":["Bane","Poisoned Stab","Prepared"],"picked":"SKIP","floor":13},{"not_picked":["Poisoned Stab","Expertise","Distraction"],"picked":"SKIP","floor":14},{"not_picked":["Die Die Die","Unload"],"picked":"Tools of the Trade","floor":16},{"not_picked":["Deadly Poison","Flying Knee+1"],"picked":"Acrobatics","floor":18},{"not_picked":["Quick Slash","Sucker Punch"],"picked":"Underhanded Strike","floor":22},{"not_picked":["Bouncing Flask","Envenom"],"picked":"Night Terror","floor":23},{"not_picked":["Envenom","Finisher"],"picked":"Tactician","floor":25},{"not_picked":["Blade Dance","Dash"],"picked":"Cloak And Dagger+1","floor":28}],"player_experience":890607,"relics_obtained":[{"floor":7,"key":"Ginger"},{"floor":9,"key":"Tiny Chest"},{"floor":10,"key":"Oddly Smooth Stone"},{"floor":14,"key":"Juzu Bracelet"},{"floor":23,"key":"Vajra"},{"floor":25,"key":"Lantern"},{"floor":26,"key":"Pen Nib"},{"floor":29,"key":"Centennial Puzzle"}],"event_choices":[{"cards_removed":["Strike_G"],"damage_healed":0,"gold_gain":0,"player_choice":"Card Removal","damage_taken":7,"max_hp_gain":0,"max_hp_loss":0,"event_name":"Golden Wing","floor":3,"gold_loss":0},{"damage_healed":0,"gold_gain":0,"player_choice":"Ignored","damage_taken":0,"max_hp_gain":0,"max_hp_loss":0,"event_name":"Liars Game","floor":4,"gold_loss":0},{"damage_healed":0,"gold_gain":0,"player_choice":"Paid Gold","damage_taken":0,"relics_obtained":["StoneCalendar"],"max_hp_gain":0,"max_hp_loss":0,"event_name":"WeMeetAgain","floor":8,"gold_loss":84},{"damage_healed":0,"gold_gain":50,"player_choice":"Stole From Cult","damage_taken":0,"max_hp_gain":0,"max_hp_loss":0,"event_name":"Nest","floor":19,"gold_loss":0},{"damage_healed":0,"gold_gain":0,"player_choice":"Traded Relic","damage_taken":0,"relics_obtained":["Nloth\u0027s Gift"],"max_hp_gain":0,"max_hp_loss":0,"event_name":"N\u0027loth","floor":20,"relics_lost":["NeowsBlessing"],"gold_loss":0}],"is_beta":false,"boss_relics":[{"not_picked":["Snecko Eye","Pandora\u0027s Box"],"picked":"WristBlade"}],"items_purged_floors":[],"is_endless":false,"potions_floor_spawned":[5,7,10,25],"killed_by":"Shelled Parasite and Fungi","ascension_level":16}}