{"host":"p4zclu0beiy6gkiq","time":1609697591,"event":{"mods":["AchievementEnabler","BaseMod","Bestiary","Colored Map","Colored Powertips","DeckTracker","Minty Spire (QoL Compilation)","Quick Restart","StSLib","SuperFastMode","The Cursed"],"gold_per_floor":[112,128,128,53,66,66,93,120,143,170,14,47,47,66,66,171,171,188,207,107,126,1,28,46,77,101,127,127,127,13,23,23,120,120,137,69,89,99,99,99,124,171,183,222,245,274,286,286],"floor_reached":47,"playtime":6276,"items_purged":["Defend_R","Defend_R","Defend_R"],"score":647,"play_id":"949f0faf-829c-4026-b83c-7761b6147cae","local_time":"20210104031311","is_ascension_mode":true,"campfire_choices":[{"data":"Bash","floor":6,"key":"SMITH"},{"data":"Spot Weakness","floor":13,"key":"SMITH"},{"data":"Seeing Red","floor":15,"key":"SMITH"},{"floor":29,"key":"RECALL"},{"floor":32,"key":"REST"},{"floor":40,"key":"REST"}],"circlet_count":0,"master_deck":["Strike_R","Strike_R","Strike_R","Strike_R","Strike_R","Defend_R","Bash+1","Limit Break+1","Spot Weakness+1","Disarm+1","Dropkick","Reaper","Shrug It Off","Carnage","Seeing Red+1","Reaper","Shockwave+1","Dual Wield+1","Seeing Red","Evolve+1","Seeing Red+1","Shockwave+1","Dropkick","Spot Weakness","Headbutt+1","Exhume","Warcry+1","Whirlwind","Rage+1","Blood for Blood+1","Carnage+1","Second Wind+1","Pommel Strike+1"],"relics":["Burning Blood","Regal Pillow","War Paint","Orichalcum","ClockworkSouvenir","Happy Flower","Fusion Hammer","Nunchaku","Self Forming Clay","Art of War","Ancient Tea Set","SlaversCollar","MawBank","Pen Nib","PreservedInsect","StoneCalendar"],"acts_visited":["Exordium","TheCity","TheBeyond"],"potions_floor_usage":[7,10,27,38],"damage_taken":[{"damage":6.0,"enemies":"Cultist","floor":1.0,"turns":3.0},{"damage":2.0,"enemies":"Jaw Worm","floor":2.0,"turns":3.0},{"damage":0,"enemies":"Small Slimes","floor":5,"turns":3},{"damage":26,"enemies":"Lagavulin","floor":7,"turns":6},{"damage":15,"enemies":"3 Sentries","floor":10,"turns":5},{"damage":20,"enemies":"Lagavulin","floor":12,"turns":7},{"damage":10,"enemies":"Red Slaver","floor":14,"turns":4},{"damage":43,"enemies":"The Guardian","floor":16,"turns":9},{"damage":7,"enemies":"3 Byrds","floor":18,"turns":4},{"damage":4,"enemies":"Shell Parasite","floor":19,"turns":5},{"damage":13,"enemies":"Centurion and Healer","floor":21,"turns":6},{"damage":31,"enemies":"Book of Stabbing","floor":23,"turns":4},{"damage":18,"enemies":"Sentry and Sphere","floor":24,"turns":5},{"damage":24,"enemies":"Gremlin Leader","floor":25,"turns":6},{"damage":33,"enemies":"Slavers","floor":27,"turns":5},{"damage":24,"enemies":"Snake Plant","floor":31,"turns":4},{"damage":33,"enemies":"Collector","floor":33,"turns":6},{"damage":53,"enemies":"3 Darklings","floor":35,"turns":6},{"damage":22,"enemies":"3 Shapes","floor":37,"turns":7},{"damage":38,"enemies":"Transient","floor":38,"turns":5},{"damage":42,"enemies":"Reptomancer","floor":42,"turns":4},{"damage":36,"enemies":"Giant Head","floor":44,"turns":7},{"damage":62,"enemies":"3 Darklings","floor":45,"turns":5},{"damage":18,"enemies":"Maw","floor":46,"turns":6},{"damage":35,"enemies":"Nemesis","floor":47,"turns":2}],"seed_played":"3419150359389825887","potions_obtained":[{"floor":1.0,"key":"CultistPotion"},{"floor":7,"key":"AttackPotion"},{"floor":14,"key":"BlessingOfTheForge"},{"floor":18,"key":"LiquidBronze"},{"floor":24,"key":"Strength Potion"},{"floor":27,"key":"Energy Potion"},{"floor":33,"key":"Regen Potion"},{"floor":42,"key":"SmokeBomb"},{"floor":45,"key":"FearPotion"}],"is_trial":false,"path_per_floor":["M","M","?","$","M","R","E","T","T","E","$","E","R","M","R","B",null,"M","M","$","M","$","E","M","E","T","E","?","R","$","M","R","B",null,"M","$","M","M","?","R","T","E","T","E","M","M","E"],"character_chosen":"IRONCLAD","items_purchased":["ClockworkSouvenir","Dropkick","Spot Weakness","Whirlwind"],"campfire_rested":2,"item_purchase_floors":[11,30,30,36],"current_hp_per_floor":[56,60,65,65,71,71,51,51,51,72,72,58,58,56,56,23,85,85,85,85,85,85,76,64,85,85,82,82,82,82,70,85,79,85,61,61,57,40,40,80,80,44,44,63,27,31,0,0],"gold":286,"neow_bonus":"THREE_RARE_CARDS","is_daily":false,"chose_seed":false,"campfire_upgraded":3,"win_rate":0.0,"timestamp":1609697591,"path_taken":["M","?","?","$","M","R","E","?","T","E","$","E","R","M","R","BOSS","M","M","$","M","$","E","M","E","T","E","?","R","$","M","R","BOSS","M","$","M","M","?","R","?","E","T","E","M","M","E"],"items_purchased_type":["Relic","Card","Card","Card"],"build_version":"2020-12-22","purchased_purges":3,"victory":false,"max_hp_per_floor":[80,80,85,85,85,85,85,85,85,85,85,85,85,85,85,85,85,85,85,85,85,85,85,85,85,85,85,85,85,85,85,85,85,85,85,85,85,85,85,85,85,85,85,85,85,85,85,85],"card_choices":[{"not_picked":["Double Tap","Juggernaut"],"picked":"Limit Break","floor":0.0},{"not_picked":["Blood for Blood","Reckless Charge"],"picked":"Spot Weakness","floor":1.0},{"not_picked":["Warcry","Dual Wield"],"picked":"Disarm","floor":2.0},{"not_picked":["Thunderclap","Anger"],"picked":"Dropkick","floor":5},{"not_picked":["Armaments","Battle Trance"],"picked":"Reaper","floor":7},{"not_picked":["Anger","Second Wind"],"picked":"Shrug It Off","floor":10},{"not_picked":["Combust","Fire Breathing"],"picked":"Carnage","floor":12},{"not_picked":["Thunderclap","Flex"],"picked":"Seeing Red","floor":14},{"not_picked":["Brutality","Berserk"],"picked":"Reaper","floor":16},{"not_picked":["Headbutt","Infernal Blade"],"picked":"Shockwave+1","floor":18},{"not_picked":["Clothesline","Whirlwind"],"picked":"Dual Wield+1","floor":19},{"not_picked":["Cleave","Fire Breathing+1"],"picked":"Pommel Strike","floor":21},{"not_picked":["Dark Embrace","Anger"],"picked":"Seeing Red","floor":23},{"not_picked":["Combust","Fire Breathing"],"picked":"Evolve+1","floor":24},{"not_picked":["Metallicize","Bludgeon"],"picked":"Seeing Red+1","floor":25},{"not_picked":["Body Slam","Flame Barrier"],"picked":"Shockwave+1","floor":27},{"not_picked":["Shockwave","Wild Strike"],"picked":"Headbutt+1","floor":31},{"not_picked":["Immolate","Juggernaut"],"picked":"Exhume","floor":33},{"not_picked":["Iron Wave+1","Cleave+1"],"picked":"Warcry+1","floor":35},{"not_picked":["Searing Blow","Thunderclap","Body Slam+1"],"picked":"SKIP","floor":37},{"not_picked":["Wild Strike+1","Clothesline"],"picked":"Rage+1","floor":38},{"not_picked":["Twin Strike+1","Thunderclap"],"picked":"Blood for Blood+1","floor":42},{"not_picked":["Hemokinesis","Reckless Charge"],"picked":"Carnage+1","floor":44},{"not_picked":["Heavy Blade","Evolve"],"picked":"Second Wind+1","floor":45},{"not_picked":["Perfected Strike+1","Heavy Blade+1"],"picked":"Pommel Strike+1","floor":46}],"player_experience":161694,"relics_obtained":[{"floor":7,"key":"Regal Pillow"},{"floor":9,"key":"War Paint"},{"floor":10,"key":"Orichalcum"},{"floor":12,"key":"Happy Flower"},{"floor":23,"key":"Nunchaku"},{"floor":25,"key":"Self Forming Clay"},{"floor":26,"key":"Art of War"},{"floor":27,"key":"Ancient Tea Set"},{"floor":41,"key":"MawBank"},{"floor":42,"key":"Pen Nib"},{"floor":43,"key":"PreservedInsect"},{"floor":44,"key":"StoneCalendar"}],"event_choices":[{"damage_healed":0,"gold_gain":0,"player_choice":"Donut","damage_taken":0,"max_hp_gain":5,"max_hp_loss":0,"event_name":"Big Fish","floor":3,"gold_loss":0},{"damage_healed":0,"gold_gain":0,"player_choice":"Ignored","damage_taken":0,"max_hp_gain":0,"max_hp_loss":0,"event_name":"Ghosts","floor":28,"gold_loss":0},{"cards_removed":["Pommel Strike"],"damage_healed":0,"gold_gain":0,"player_choice":"Removed Attack","damage_taken":0,"max_hp_gain":0,"max_hp_loss":0,"event_name":"Falling","floor":39,"gold_loss":0}],"is_beta":false,"boss_relics":[{"not_picked":["Busted Crown","Empty Cage"],"picked":"Fusion Hammer"},{"not_picked":["Cursed Key","Velvet Choker"],"picked":"SlaversCollar"}],"items_purged_floors":[4,20,22],"is_endless":false,"potions_floor_spawned":[1,7,14,18,24,27,33,42,45],"killed_by":"Nemesis","ascension_level":3}}