{"host":"359hz4210ybch7ku","time":1609634777,"event":{"mods":["BaseMod","Block Reminder","Colored Map","Colored Powertips","Highlight Path","Minty Spire (QoL Compilation)","Slay the Relics Exporter","StSLib"],"gold_per_floor":[117,134,134,151,1,1,32,32,32,42,75,25,25,25,25,145,145,165,190,640,665,44,79,79,119,146,146,162,17,35,78,78,204,204,225,288,288,621,641,641,674,674,674,702,702,754,140,156,156,156],"floor_reached":51,"playtime":6821,"items_purged":["Pain","Defend_P","Strike_P"],"score":918,"play_id":"898fa020-3da3-464b-b358-d77f95dc0fc0","local_time":"20210102164616","is_ascension_mode":true,"campfire_choices":[{"data":"Sanctity","floor":6,"key":"SMITH"},{"data":"Eruption","floor":15,"key":"SMITH"},{"data":"Study","floor":24,"key":"SMITH"},{"floor":27,"key":"REST"},{"floor":32,"key":"REST"},{"floor":40,"key":"REST"},{"floor":42,"key":"REST"},{"data":"CutThroughFate","floor":45,"key":"SMITH"},{"data":"1","floor":49,"key":"LIFT"}],"circlet_count":0,"master_deck":["Strike_P","Strike_P","Defend_P","Defend_P","Defend_P","Eruption+1","Vigilance","Sanctity+1","Prostrate","Prostrate","SandsOfTime+1","CutThroughFate+1","FollowUp+1","Devotion","MentalFortress","SandsOfTime","Prostrate+1","Study+1","Judgement+1","ForeignInfluence+1","Prostrate+1","DeusExMachina+1","CurseOfTheBell","ForeignInfluence+1","Prostrate+1","Brilliance+1","Bandage Up+1","Brilliance+1"],"relics":["PureWater","NeowsBlessing","Damaru","CaptainsWheel","WarpedTongs","Matryoshka","Smiling Mask","Philosopher\u0027s Stone","Toxic Egg 2","Melange","Molten Egg 2","Bronze Scales","Centennial Puzzle","Boot","Membership Card","Strawberry","Calling Bell","PreservedInsect","TeardropLocket","Girya","CloakClasp","Whetstone","Anchor","Ice Cream","Potion Belt","StoneCalendar","Pantograph","GoldenEye","DollysMirror"],"acts_visited":["Exordium","TheCity","TheBeyond"],"potions_floor_usage":[11,16,18,18,18,21,23,23,23,25,31,31,33,39,39,39,44,46,50,50,50,50],"damage_taken":[{"damage":0,"enemies":"Cultist","floor":1,"turns":1},{"damage":0,"enemies":"Jaw Worm","floor":2,"turns":1},{"damage":0,"enemies":"2 Louse","floor":4,"turns":2},{"damage":20,"enemies":"Lagavulin","floor":7,"turns":12},{"damage":3,"enemies":"Looter","floor":10,"turns":3},{"damage":10,"enemies":"Gremlin Nob","floor":11,"turns":4},{"damage":4,"enemies":"Slime Boss","floor":16,"turns":9},{"damage":0,"enemies":"2 Thieves","floor":18,"turns":4},{"damage":0,"enemies":"Chosen","floor":19,"turns":4},{"damage":0,"enemies":"Centurion and Healer","floor":21,"turns":4},{"damage":5,"enemies":"Gremlin Leader","floor":23,"turns":4},{"damage":10,"enemies":"Book of Stabbing","floor":25,"turns":3},{"damage":2,"enemies":"Snecko","floor":28,"turns":3},{"damage":10,"enemies":"Chosen and Byrds","floor":30,"turns":3},{"damage":1,"enemies":"Slavers","floor":31,"turns":3},{"damage":10,"enemies":"Collector","floor":33,"turns":5},{"damage":7,"enemies":"Orb Walker","floor":35,"turns":3},{"damage":38,"enemies":"Mind Bloom Boss Battle","floor":36,"turns":4},{"damage":10,"enemies":"3 Shapes","floor":39,"turns":3},{"damage":8,"enemies":"Giant Head","floor":41,"turns":3},{"damage":14,"enemies":"Nemesis","floor":44,"turns":5},{"damage":2,"enemies":"2 Orb Walkers","floor":46,"turns":3},{"damage":0,"enemies":"Jaw Worm Horde","floor":48,"turns":2},{"damage":48,"enemies":"Awakened One","floor":50,"turns":8}],"seed_played":"469949048037557327","potions_obtained":[{"floor":1,"key":"BlessingOfTheForge"},{"floor":2,"key":"Energy Potion"},{"floor":4,"key":"Explosive Potion"},{"floor":10,"key":"Fire Potion"},{"floor":14,"key":"EntropicBrew"},{"floor":21,"key":"SkillPotion"},{"floor":23,"key":"ColorlessPotion"},{"floor":28,"key":"Dexterity Potion"},{"floor":30,"key":"ColorlessPotion"},{"floor":31,"key":"SteroidPotion"},{"floor":33,"key":"Dexterity Potion"},{"floor":35,"key":"SmokeBomb"},{"floor":36,"key":"EntropicBrew"},{"floor":41,"key":"AttackPotion"},{"floor":46,"key":"StancePotion"}],"is_trial":false,"path_per_floor":["M","M","?","M","$","R","E","?","T","M","E","$","?","?","R","B",null,"M","M","?","M","$","E","R","E","T","R","M","$","M","E","R","B",null,"M","?","?","?","M","R","E","R","T","E","R","?","$","M","R","B",null],"character_chosen":"WATCHER","items_purchased":["Damaru","Toxic Egg 2","Prostrate+1","Study","Melange","SpeedPotion","Membership Card","Pantograph","Brilliance+1","SpeedPotion","Swift Potion","LiquidBronze","Bandage Up+1","GoldenEye","DollysMirror"],"campfire_rested":4,"item_purchase_floors":[5,22,22,22,22,22,29,47,47,47,47,47,47,47,47],"current_hp_per_floor":[72,72,72,72,72,72,52,52,52,49,39,39,39,39,39,35,67,67,67,21,21,21,16,16,6,6,26,24,24,14,20,42,32,74,67,29,29,29,19,41,33,55,55,41,41,39,39,39,39,22],"gold":156,"neow_bonus":"THREE_ENEMY_KILL","is_daily":false,"chose_seed":false,"campfire_upgraded":4,"win_rate":0.0,"timestamp":1609634776,"path_taken":["M","M","?","M","$","R","E","?","T","?","E","$","?","?","R","BOSS","M","M","?","?","$","E","R","E","T","R","M","$","M","E","R","BOSS","M","?","?","?","M","R","E","R","T","E","R","?","$","M","R","BOSS"],"items_purchased_type":["Relic","Relic","Card","Card","Relic","Potion","Relic","Relic","Card","Potion","Potion","Potion","Card","Relic","Relic"],"build_version":"2020-12-22","purchased_purges":3,"victory":true,"max_hp_per_floor":[72,72,72,72,72,72,72,72,72,72,72,72,67,67,67,67,67,67,67,67,67,67,67,67,67,67,67,67,67,67,74,74,74,74,74,74,74,74,74,74,74,74,74,74,74,74,74,74,74,74],"card_choices":[{"not_picked":["CarveReality","Study"],"picked":"Sanctity","floor":1},{"not_picked":["Indignation","Weave"],"picked":"Prostrate","floor":2},{"not_picked":["Study","FlurryOfBlows"],"picked":"Prostrate","floor":4},{"not_picked":["Meditate","Vengeance"],"picked":"SandsOfTime","floor":7},{"not_picked":["CrushJoints","FlyingSleeves"],"picked":"CutThroughFate","floor":10},{"not_picked":["EmptyFist","PathToVictory"],"picked":"FollowUp","floor":11},{"not_picked":["DevaForm","Brilliance"],"picked":"Devotion","floor":16},{"not_picked":["Conclude+1","EmptyFist"],"picked":"MentalFortress","floor":18},{"not_picked":["Nirvana","MentalFortress"],"picked":"SandsOfTime","floor":19},{"not_picked":["FlurryOfBlows","ClearTheMind","Crescendo"],"picked":"SKIP","floor":21},{"not_picked":["FlurryOfBlows+1","EmptyBody+1","Halt+1"],"picked":"SKIP","floor":23},{"not_picked":["Indignation+1","Halt+1"],"picked":"Judgement+1","floor":25},{"not_picked":["JustLucky+1","BowlingBash+1"],"picked":"ForeignInfluence+1","floor":28},{"not_picked":["CarveReality+1","ReachHeaven+1"],"picked":"Prostrate+1","floor":30},{"not_picked":["CrushJoints+1","FlyingSleeves+1","Fasting2"],"picked":"SKIP","floor":31},{"not_picked":["MasterReality","Scrawl+1"],"picked":"DeusExMachina+1","floor":33},{"not_picked":["Halt+1","Nirvana+1","EmptyFist+1"],"picked":"SKIP","floor":35},{"not_picked":["LikeWater+1","FlurryOfBlows+1","FlyingSleeves+1"],"picked":"SKIP","floor":39},{"not_picked":["CutThroughFate+1","ClearTheMind+1"],"picked":"ForeignInfluence+1","floor":41},{"not_picked":["ReachHeaven+1","Vengeance+1","DeusExMachina+1"],"picked":"SKIP","floor":44},{"not_picked":["Vengeance+1","Meditate+1"],"picked":"Prostrate+1","floor":46},{"not_picked":["DeceiveReality+1","Indignation+1","CutThroughFate+1"],"picked":"SKIP","floor":48}],"player_experience":124822,"relics_obtained":[{"floor":7,"key":"CaptainsWheel"},{"floor":9,"key":"Matryoshka"},{"floor":11,"key":"Smiling Mask"},{"floor":23,"key":"Molten Egg 2"},{"floor":25,"key":"Bronze Scales"},{"floor":26,"key":"Centennial Puzzle"},{"floor":26,"key":"Boot"},{"floor":31,"key":"Strawberry"},{"floor":34,"key":"PreservedInsect"},{"floor":34,"key":"TeardropLocket"},{"floor":34,"key":"Girya"},{"floor":36,"key":"CloakClasp"},{"floor":41,"key":"Whetstone"},{"floor":43,"key":"Anchor"},{"floor":43,"key":"Ice Cream"},{"floor":44,"key":"Potion Belt"},{"floor":46,"key":"StoneCalendar"}],"event_choices":[{"cards_removed":["Strike_P"],"damage_healed":0,"gold_gain":0,"player_choice":"Forget","damage_taken":0,"max_hp_gain":0,"max_hp_loss":0,"event_name":"Living Wall","floor":3,"gold_loss":0},{"damage_healed":0,"gold_gain":0,"player_choice":"Rummage","damage_taken":0,"relics_obtained":["WarpedTongs"],"max_hp_gain":0,"max_hp_loss":0,"event_name":"Accursed Blacksmith","floor":8,"gold_loss":0,"cards_obtained":["Pain"]},{"damage_healed":0,"gold_gain":0,"player_choice":"Lose Max HP","damage_taken":0,"relics_obtained":["Golden Idol"],"max_hp_gain":0,"max_hp_loss":5,"event_name":"Golden Idol","floor":13,"gold_loss":0},{"damage_healed":0,"gold_gain":0,"player_choice":"Got Potions","damage_taken":0,"max_hp_gain":0,"max_hp_loss":0,"event_name":"Lab","floor":14,"gold_loss":0},{"damage_healed":0,"gold_gain":450,"player_choice":"GOLD GOLD GOLD GOLD GOLD ","damage_taken":46,"max_hp_gain":0,"max_hp_loss":0,"event_name":"Knowing Skull","floor":20,"potions_obtained":[],"gold_loss":0,"cards_obtained":[]},{"damage_healed":0,"gold_gain":0,"player_choice":"Fight","damage_taken":0,"max_hp_gain":0,"max_hp_loss":0,"event_name":"MindBloom","floor":36,"gold_loss":0},{"damage_healed":0,"gold_gain":0,"player_choice":"Ignored","damage_taken":0,"max_hp_gain":0,"max_hp_loss":0,"event_name":"Tomb of Lord Red Mask","floor":37,"gold_loss":0},{"damage_healed":0,"gold_gain":333,"player_choice":"Gave Idol","damage_taken":0,"max_hp_gain":0,"max_hp_loss":0,"event_name":"The Moai Head","floor":38,"relics_lost":["Golden Idol"],"gold_loss":0},{"damage_healed":0,"gold_gain":0,"player_choice":"Fight","damage_taken":0,"max_hp_gain":0,"max_hp_loss":0,"event_name":"Mysterious Sphere","floor":46,"gold_loss":0}],"is_beta":false,"boss_relics":[{"not_picked":["SacredBark","Coffee Dripper"],"picked":"Philosopher\u0027s Stone"},{"not_picked":["Snecko Eye","Cursed Key"],"picked":"Calling Bell"}],"items_purged_floors":[12,22,47],"is_endless":false,"potions_floor_spawned":[1,2,4,10,21,23,28,30,31,33,35,36,41,46],"ascension_level":2}}