{"host":"oy4pyvr762z5n0bb","time":1609698065,"event":{"mods":["AchievementEnabler","BaseMod","Colored Map","Colored Powertips","Googly Eyes","Key Reminder","Minty Spire (QoL Compilation)","Quick Restart","Relic Sorter","StSLib","SuperFastMode","Unceasing Turn Reminder","slay the spire mod where everything is the same but ironclad has a cowboy hat"],"gold_per_floor":[118,118,33,33,33,77,101,101,101,145,168,168,1,1,1,120,120,141,240,279,279,296,329,341,367,379,409,421,445,457,469,481,493,493],"floor_reached":33,"playtime":630,"items_purged":["Strike_R"],"score":410,"play_id":"61aec5d8-9f7c-4023-af15-3e394b0b10e6","local_time":"20210103102105","is_ascension_mode":true,"campfire_choices":[{"data":"Uppercut","floor":8,"key":"SMITH"},{"data":"Immolate","floor":12,"key":"SMITH"},{"data":"Fire Breathing","floor":15,"key":"SMITH"},{"data":"True Grit","floor":24,"key":"SMITH"},{"data":"True Grit","floor":28,"key":"SMITH"},{"data":"True Grit","floor":30,"key":"SMITH"},{"data":"Burning Pact","floor":32,"key":"SMITH"}],"circlet_count":0,"master_deck":["Strike_R","Strike_R","Strike_R","Strike_R","Defend_R","Defend_R","Defend_R","Defend_R","Bash","Wild Strike+1","Burning Pact+1","Warcry","Uppercut+1","True Grit+1","Immolate+1","Headbutt","Fire Breathing+1","Wild Strike","Bludgeon","True Grit+1","True Grit+1","Shrug It Off+1","True Grit+1","Armaments+1"],"relics":["Burning Blood","NeowsBlessing","Turnip","Bloody Idol","Smiling Mask","Pear","Bag of Marbles","Snecko Eye","Red Mask","MawBank","Molten Egg 2"],"acts_visited":["Exordium","TheCity"],"potions_floor_usage":[23,23,33],"damage_taken":[{"damage":0,"enemies":"Cultist","floor":1,"turns":1},{"damage":0,"enemies":"3 Sentries","floor":6,"turns":1},{"damage":0,"enemies":"2 Louse","floor":7,"turns":1},{"damage":26,"enemies":"Gremlin Nob","floor":10,"turns":4},{"damage":0,"enemies":"Jaw Worm","floor":11,"turns":1},{"damage":30,"enemies":"Hexaghost","floor":16,"turns":9},{"damage":0,"enemies":"3 Byrds","floor":18,"turns":2},{"damage":22,"enemies":"Masked Bandits","floor":20,"turns":4},{"damage":0,"enemies":"Shell Parasite","floor":22,"turns":2},{"damage":21,"enemies":"Gremlin Leader","floor":23,"turns":4},{"damage":0,"enemies":"Snake Plant","floor":25,"turns":2},{"damage":13,"enemies":"Shelled Parasite and Fungi","floor":27,"turns":3},{"damage":21,"enemies":"Chosen and Byrds","floor":29,"turns":5},{"damage":102,"enemies":"Automaton","floor":33,"turns":6}],"seed_played":"-114453783184887536","potions_obtained":[{"floor":1,"key":"ColorlessPotion"},{"floor":16,"key":"LiquidBronze"},{"floor":22,"key":"ElixirPotion"},{"floor":29,"key":"BlessingOfTheForge"}],"is_trial":false,"path_per_floor":["M","?","$","?","?","E","M","R","T","E","M","R","$","$","R","B",null,"M","?","?","?","M","E","R","M","T","M","R","M","R","?","R","B"],"character_chosen":"IRONCLAD","items_purchased":["Burning Pact","Warcry","Fire Breathing","Wild Strike"],"campfire_rested":0,"item_purchase_floors":[3,3,13,13],"current_hp_per_floor":[78,71,71,71,51,57,63,63,73,53,59,59,59,59,59,35,76,82,82,66,66,77,67,72,88,90,88,90,80,85,90,90,0,0],"gold":493,"neow_bonus":"THREE_ENEMY_KILL","is_daily":false,"chose_seed":false,"campfire_upgraded":7,"win_rate":0.0,"timestamp":1609698065,"path_taken":["M","?","$","?","?","E","?","R","T","E","M","R","?","$","R","BOSS","M","?","?","?","?","E","R","M","T","M","R","M","R","?","R","BOSS"],"items_purchased_type":["Card","Card","Card","Card"],"build_version":"2020-12-22","purchased_purges":1,"victory":false,"max_hp_per_floor":[80,80,80,80,80,80,80,80,90,90,90,90,90,90,90,90,90,90,90,90,90,90,90,90,90,90,90,90,90,90,90,90,90,90],"card_choices":[{"not_picked":["Rampage","Body Slam"],"picked":"Wild Strike","floor":1},{"not_picked":["Rage","Clothesline"],"picked":"Uppercut","floor":6},{"not_picked":["Bloodletting","Iron Wave"],"picked":"True Grit","floor":7},{"not_picked":["Shrug It Off","Sword Boomerang"],"picked":"Immolate","floor":10},{"not_picked":["Infernal Blade","Perfected Strike"],"picked":"Headbutt","floor":11},{"not_picked":["Juggernaut","Brutality"],"picked":"Bludgeon","floor":16},{"not_picked":["Perfected Strike","Uppercut"],"picked":"True Grit","floor":18},{"not_picked":["Spot Weakness","Flex"],"picked":"True Grit","floor":22},{"not_picked":["Sword Boomerang","Perfected Strike"],"picked":"Shrug It Off+1","floor":23},{"not_picked":["Pommel Strike","Iron Wave"],"picked":"True Grit+1","floor":25},{"not_picked":["Blood for Blood+1","Whirlwind+1"],"picked":"Armaments+1","floor":27},{"not_picked":["Whirlwind+1","Sword Boomerang+1","Body Slam+1"],"picked":"SKIP","floor":29}],"player_experience":630872,"relics_obtained":[{"floor":6,"key":"Smiling Mask"},{"floor":9,"key":"Pear"},{"floor":10,"key":"Bag of Marbles"},{"floor":20,"key":"Red Mask"},{"floor":23,"key":"MawBank"},{"floor":26,"key":"Molten Egg 2"}],"event_choices":[{"damage_healed":0,"gold_gain":0,"player_choice":"Success","damage_taken":7,"relics_obtained":["Turnip"],"max_hp_gain":0,"max_hp_loss":0,"event_name":"Scrap Ooze","floor":2,"gold_loss":0},{"damage_healed":0,"gold_gain":0,"player_choice":"Grow","damage_taken":0,"max_hp_gain":0,"max_hp_loss":0,"event_name":"Living Wall","floor":4,"gold_loss":0,"cards_upgraded":["Wild Strike"]},{"damage_healed":0,"gold_gain":0,"player_choice":"Take Damage","damage_taken":20,"relics_obtained":["Golden Idol"],"max_hp_gain":0,"max_hp_loss":0,"event_name":"Golden Idol","floor":5,"gold_loss":0},{"damage_healed":0,"gold_gain":99,"player_choice":"Stole From Cult","damage_taken":0,"max_hp_gain":0,"max_hp_loss":0,"event_name":"Nest","floor":19,"gold_loss":0},{"damage_healed":0,"gold_gain":0,"player_choice":"Fought Bandits","damage_taken":0,"max_hp_gain":0,"max_hp_loss":0,"event_name":"Masked Bandits","floor":20,"gold_loss":0},{"damage_healed":0,"gold_gain":0,"player_choice":"Gave Idol","damage_taken":0,"relics_obtained":["Bloody Idol"],"max_hp_gain":0,"max_hp_loss":0,"event_name":"Forgotten Altar","floor":21,"relics_lost":["Golden Idol"],"gold_loss":0},{"damage_healed":0,"gold_gain":0,"player_choice":"0 cards matched","damage_taken":0,"max_hp_gain":0,"max_hp_loss":0,"event_name":"Match and Keep!","floor":31,"gold_loss":0,"cards_obtained":[]}],"is_beta":false,"boss_relics":[{"not_picked":["Busted Crown","Sozu"],"picked":"Snecko Eye"}],"items_purged_floors":[13],"is_endless":false,"potions_floor_spawned":[1,16,22,29],"killed_by":"Automaton","ascension_level":6}}