{"host":"baymyijz6sxaqj5s","time":1609659938,"event":{"mods":["AchievementEnabler","BaseMod","Colored Map","Colored Powertips","DeckTracker","Highlight Path","KOR Keyword Fix","Keyboard Shortcuts","Minty Spire (QoL Compilation)","Quick Restart","StSLib","SuperFastMode"],"gold_per_floor":[109,125,125,141,152,162,192,210,210,210,229,229,76,94,94,194,194,204,119,219,230,240,240,240,240],"floor_reached":24,"playtime":749,"items_purged":[],"score":237,"play_id":"a50b9310-cea5-4d25-8eac-c3237bb90964","local_time":"20210103164538","is_ascension_mode":true,"campfire_choices":[{"floor":10,"key":"REST"},{"data":"Dualcast","floor":12,"key":"SMITH"},{"floor":15,"key":"REST"},{"floor":23,"key":"REST"}],"circlet_count":0,"master_deck":["Strike_B","Strike_B","Strike_B","Strike_B","Defend_B","Defend_B","Defend_B","Defend_B","Zap","Dualcast+1","Leap","Compile Driver","Sweeping Beam","Echo Form","Cold Snap","Doom and Gloom","Conserve Battery","Amplify","Darkness"],"relics":["Cracked Core","Regal Pillow","Unceasing Top","Pear","Strawberry","Runic Pyramid","Toy Ornithopter"],"acts_visited":["Exordium","TheCity"],"potions_floor_usage":[7,8,11,16,22],"damage_taken":[{"damage":0,"enemies":"Cultist","floor":1,"turns":4},{"damage":5,"enemies":"Jaw Worm","floor":2,"turns":5},{"damage":0,"enemies":"Small Slimes","floor":4,"turns":3},{"damage":0,"enemies":"3 Louse","floor":5,"turns":3},{"damage":23,"enemies":"Exordium Thugs","floor":6,"turns":6},{"damage":42,"enemies":"3 Sentries","floor":7,"turns":10},{"damage":0,"enemies":"Lots of Slimes","floor":8,"turns":2},{"damage":8,"enemies":"Gremlin Gang","floor":11,"turns":3},{"damage":2,"enemies":"Blue Slaver","floor":14,"turns":4},{"damage":93,"enemies":"Hexaghost","floor":16,"turns":12},{"damage":25,"enemies":"Chosen","floor":18,"turns":7},{"damage":19,"enemies":"3 Byrds","floor":21,"turns":5},{"damage":40,"enemies":"3 Cultists","floor":22,"turns":6},{"damage":64,"enemies":"Book of Stabbing","floor":24,"turns":7}],"seed_played":"3421669091135604734","potions_obtained":[{"floor":6,"key":"AttackPotion"},{"floor":7,"key":"AttackPotion"},{"floor":8,"key":"DuplicationPotion"},{"floor":11,"key":"SkillPotion"},{"floor":16,"key":"BlessingOfTheForge"}],"is_trial":false,"path_per_floor":["M","M","?","M","M","M","E","M","T","R","M","R","$","M","R","B",null,"M","?","?","M","M","R","E"],"character_chosen":"DEFECT","items_purchased":["Strawberry"],"campfire_rested":3,"item_purchase_floors":[13],"current_hp_per_floor":[82,77,77,77,77,54,12,12,22,64,56,56,63,61,99,6,99,74,74,74,55,20,64,0,0],"gold":240,"neow_bonus":"TEN_PERCENT_HP_BONUS","is_daily":false,"chose_seed":false,"campfire_upgraded":1,"win_rate":0.0,"timestamp":1609659938,"path_taken":["M","?","?","M","M","?","E","M","T","R","M","R","$","M","R","BOSS","M","?","?","?","M","R","E"],"items_purchased_type":["Relic"],"build_version":"2020-12-22","purchased_purges":0,"victory":false,"max_hp_per_floor":[82,82,82,82,82,82,82,82,92,92,92,92,99,99,99,99,99,99,99,99,99,99,99,99,99],"card_choices":[{"not_picked":["Compile Driver","Storm"],"picked":"Stack","floor":1},{"not_picked":["Hello World","Double Energy"],"picked":"Leap","floor":2},{"not_picked":["Hello World","Chill"],"picked":"Compile Driver","floor":4},{"not_picked":["Hologram","Fusion"],"picked":"Sweeping Beam","floor":5},{"not_picked":["Rebound","Beam Cell"],"picked":"Echo Form","floor":6},{"not_picked":["Consume","Compile Driver","Fusion"],"picked":"SKIP","floor":7},{"not_picked":["Hologram","Sunder"],"picked":"Cold Snap","floor":8},{"not_picked":["Loop","Tempest"],"picked":"Doom and Gloom","floor":11},{"not_picked":["Reinforced Body","Turbo"],"picked":"Conserve Battery","floor":14},{"not_picked":["Buffer","Multi-Cast"],"picked":"Amplify","floor":16},{"not_picked":["Streamline","Cold Snap"],"picked":"Darkness","floor":18},{"not_picked":["Streamline","Hologram","Beam Cell"],"picked":"SKIP","floor":21},{"not_picked":["Sweeping Beam","Blizzard","Chill"],"picked":"SKIP","floor":22}],"player_experience":305622,"relics_obtained":[{"floor":7,"key":"Unceasing Top"},{"floor":9,"key":"Pear"}],"event_choices":[{"cards_removed":["Stack"],"damage_healed":0,"gold_gain":0,"player_choice":"Gave Card","damage_taken":0,"relics_obtained":["Regal Pillow"],"max_hp_gain":0,"max_hp_loss":0,"event_name":"WeMeetAgain","floor":3,"gold_loss":0},{"damage_healed":0,"gold_gain":0,"player_choice":"Obtained Relic","damage_taken":0,"relics_obtained":["Toy Ornithopter"],"max_hp_gain":0,"max_hp_loss":0,"event_name":"Addict","floor":19,"gold_loss":85},{"damage_healed":0,"gold_gain":100,"player_choice":"Pray","damage_taken":0,"max_hp_gain":0,"max_hp_loss":0,"event_name":"Golden Shrine","floor":20,"gold_loss":0}],"is_beta":false,"boss_relics":[{"not_picked":["Black Star","Fusion Hammer"],"picked":"Runic Pyramid"}],"items_purged_floors":[],"is_endless":false,"potions_floor_spawned":[6,7,8,11,16],"killed_by":"Book of Stabbing","ascension_level":1}}