{"host":"a4s27ghlnr83kbqz","time":1609667274,"event":{"mods":["AchievementEnabler","BaseMod","Colored Map","Minty Spire (QoL Compilation)","Permanent Neow","SuperFastMode"],"gold_per_floor":[114,129,144,154,174,174,188,218,298,316,316,152,185,204,204,204,204],"floor_reached":16,"playtime":301,"items_purged":["Strike_R"],"score":232,"play_id":"a62a9ea9-f0c0-497a-a6e3-4570c4a74c01","local_time":"20210103174754","is_ascension_mode":true,"campfire_choices":[{"data":"Immolate","floor":6,"key":"SMITH"},{"floor":11,"key":"REST"},{"data":"Evolve","floor":15,"key":"SMITH"}],"circlet_count":0,"master_deck":["AscendersBane","Strike_R","Strike_R","Strike_R","Strike_R","Defend_R","Defend_R","Defend_R","Defend_R","Bash","Injury","Fiend Fire","Anger","Immolate+1","Bloodletting","Second Wind","Feel No Pain","Evolve+1","Offering"],"relics":["Burning Blood","Ancient Tea Set","Shuriken","Dream Catcher"],"acts_visited":["Exordium"],"potions_floor_usage":[8],"damage_taken":[{"damage":0,"enemies":"2 Louse","floor":1,"turns":4},{"damage":1,"enemies":"Cultist","floor":2,"turns":3},{"damage":0,"enemies":"Small Slimes","floor":3,"turns":2},{"damage":25,"enemies":"Red Slaver","floor":4,"turns":4},{"damage":16,"enemies":"2 Fungi Beasts","floor":5,"turns":3},{"damage":10,"enemies":"Exordium Wildlife","floor":7,"turns":3},{"damage":35,"enemies":"Lagavulin","floor":8,"turns":4},{"damage":8,"enemies":"Blue Slaver","floor":10,"turns":2},{"damage":8,"enemies":"3 Sentries","floor":13,"turns":8},{"damage":9,"enemies":"3 Louse","floor":14,"turns":2},{"damage":38,"enemies":"Slime Boss","floor":16,"turns":3}],"seed_played":"625556396919422808","potions_obtained":[{"floor":1,"key":"LiquidMemories"},{"floor":2,"key":"SmokeBomb"},{"floor":7,"key":"Ancient Potion"},{"floor":8,"key":"SteroidPotion"}],"is_trial":false,"path_per_floor":["M","M","M","M","M","R","M","E","T","M","R","$","E","M","R","B"],"character_chosen":"IRONCLAD","items_purchased":["Feel No Pain"],"campfire_rested":1,"item_purchase_floors":[12],"current_hp_per_floor":[74,75,75,56,46,46,42,13,13,11,33,33,31,28,28,0,0],"gold":204,"neow_bonus":"THREE_RARE_CARDS","is_daily":false,"chose_seed":false,"campfire_upgraded":2,"win_rate":0.0,"timestamp":1609667274,"path_taken":["M","M","M","M","M","R","M","E","T","M","R","$","E","M","R","BOSS"],"items_purchased_type":["Card"],"build_version":"2020-12-22","purchased_purges":1,"victory":false,"max_hp_per_floor":[75,75,75,75,75,75,75,75,75,75,75,75,75,75,75,75,75],"card_choices":[{"not_picked":["Juggernaut","Brutality"],"picked":"Fiend Fire","floor":0},{"not_picked":["Warcry","Iron Wave"],"picked":"Anger","floor":1},{"not_picked":["Havoc","Clothesline"],"picked":"Immolate","floor":2},{"not_picked":["Havoc","Clash","Rampage"],"picked":"SKIP","floor":3},{"not_picked":["Whirlwind","Blood for Blood","Rupture"],"picked":"SKIP","floor":4},{"not_picked":["Iron Wave","Clothesline"],"picked":"Bloodletting","floor":5},{"not_picked":["Perfected Strike","Infernal Blade","Armaments"],"picked":"SKIP","floor":7},{"not_picked":["Anger","Iron Wave"],"picked":"Second Wind","floor":8},{"not_picked":["Infernal Blade","Iron Wave","Searing Blow"],"picked":"SKIP","floor":10},{"not_picked":["Ghostly Armor","Combust"],"picked":"Evolve","floor":13},{"not_picked":["Wild Strike","Inflame"],"picked":"Offering","floor":14}],"player_experience":1082655,"relics_obtained":[{"floor":8,"key":"Ancient Tea Set"},{"floor":9,"key":"Shuriken"},{"floor":13,"key":"Dream Catcher"}],"event_choices":[],"is_beta":false,"boss_relics":[],"items_purged_floors":[12],"is_endless":false,"potions_floor_spawned":[1,2,7,8,10],"killed_by":"Slime Boss","ascension_level":20}}