{"host":"7c402rm0fqc13zvz","time":1609694377,"event":{"mods":["BaseMod","Hermit","Minty Spire (QoL Compilation)","StSLib","[功能]功能增强和修复MOD"],"gold_per_floor":[117,129,129,149,166,166,86,86,86,121,131,65,96,96,96,354,354,334,334,334,295,295,295,295,210,255,255,271,370,387,407,407,663,663,682,639,639,652,652,652,663,693,693,743,743,754,765,735,735,735],"floor_reached":51,"playtime":1915,"items_purged":["Regret","hermit:Defend_Hermit","hermit:Defend_Hermit","hermit:Snapshot","hermit:Defend_Hermit","hermit:Defend_Hermit","hermit:Strike_Hermit+1","hermit:Strike_Hermit+1"],"score":1237,"play_id":"36996e68-d86e-4a20-b7f6-f296b1c002bf","local_time":"20210104011937","is_ascension_mode":true,"campfire_choices":[{"data":"hermit:FullyLoaded","floor":6.0,"key":"SMITH"},{"data":"hermit:HighCaliber","floor":8.0,"key":"SMITH"},{"data":"hermit:BodyArmor","floor":15.0,"key":"SMITH"},{"data":"hermit:Covet","floor":23.0,"key":"SMITH"},{"data":"hermit:Strike_Hermit","floor":27.0,"key":"SMITH"},{"data":"hermit:Shortfuse","floor":32.0,"key":"SMITH"},{"data":"hermit:HighNoon","floor":40.0,"key":"SMITH"},{"data":"hermit:Strike_Hermit","floor":45.0,"key":"SMITH"},{"data":"Bandage Up","floor":49.0,"key":"SMITH"}],"circlet_count":0,"master_deck":["hermit:Strike_Hermit+1","hermit:Strike_Hermit+1","hermit:Covet+1","hermit:HighCaliber+1","hermit:FullyLoaded+1","hermit:BodyArmor+1","hermit:HighCaliber+1","hermit:Shortfuse+1","hermit:HighCaliber+1","hermit:HighNoon+1","Bandage Up","Bandage Up+1","hermit:HighCaliber+1","hermit:BodyArmor+1"],"relics":["hermit:Momento","NeowsBlessing","PreservedInsect","Vajra","Lee\u0027s Waffle","Lizard Tail","InkBottle","Kunai","DollysMirror","Strawberry","FossilizedHelix","Pear","Dream Catcher","hermit:BartenderGlass","Toy Ornithopter","Letter Opener","MutagenicStrength","Pantograph","MealTicket","Bottled Lightning","Coffee Dripper","Orichalcum","hermit:PetGhost","Whetstone","Mummified Hand","Thread and Needle","Orrery"],"acts_visited":["Exordium","TheCity","TheBeyond"],"potions_floor_usage":[50,50,50],"damage_taken":[{"damage":0.0,"enemies":"Cultist","floor":1.0,"turns":1.0},{"damage":0.0,"enemies":"Small Slimes","floor":2.0,"turns":1.0},{"damage":0.0,"enemies":"Jaw Worm","floor":4.0,"turns":1.0},{"damage":11.0,"enemies":"3 Louse","floor":5.0,"turns":3.0},{"damage":18.0,"enemies":"Gremlin Nob","floor":10.0,"turns":3.0},{"damage":1.0,"enemies":"Large Slime","floor":11.0,"turns":5.0},{"damage":0.0,"enemies":"3 Sentries","floor":13.0,"turns":4.0},{"damage":28.0,"enemies":"Slime Boss","floor":16.0,"turns":12.0},{"damage":11.0,"enemies":"2 Thieves","floor":18.0,"turns":4.0},{"damage":0.0,"enemies":"3 Byrds","floor":24.0,"turns":5.0},{"damage":34.0,"enemies":"Snake Plant","floor":28.0,"turns":4.0},{"damage":0.0,"enemies":"3 Cultists","floor":30.0,"turns":4.0},{"damage":0.0,"enemies":"Snecko","floor":31.0,"turns":3.0},{"damage":158.0,"enemies":"Automaton","floor":33.0,"turns":11.0},{"damage":19.0,"enemies":"3 Shapes","floor":35.0,"turns":4.0},{"damage":15.0,"enemies":"3 Darklings","floor":38.0,"turns":4.0},{"damage":12.0,"enemies":"Transient","floor":41.0,"turns":5.0},{"damage":0.0,"enemies":"Reptomancer","floor":42.0,"turns":2.0},{"damage":27.0,"enemies":"Mind Bloom Boss Battle","floor":44.0,"turns":5.0},{"damage":8.0,"enemies":"Spire Growth","floor":46.0,"turns":3.0},{"damage":8.0,"enemies":"Maw","floor":47.0,"turns":7.0},{"damage":116,"enemies":"Awakened One","floor":50,"turns":15}],"seed_played":"-1047833537990399608","potions_obtained":[{"floor":1.0,"key":"CultistPotion"},{"floor":2.0,"key":"Block Potion"},{"floor":5.0,"key":"SpeedPotion"},{"floor":10.0,"key":"hermit:Tonic"},{"floor":11.0,"key":"hermit:Tonic"},{"floor":18.0,"key":"Energy Potion"},{"floor":28.0,"key":"hermit:BlackBile"},{"floor":28.0,"key":"Weak Potion"},{"floor":31.0,"key":"SpeedPotion"},{"floor":33.0,"key":"Strength Potion"}],"is_trial":false,"path_per_floor":["M","M","?","M","M","R","$","R","T","E","M","$","E","?","R","B",null,"M","?","?","$","?","R","M","?","T","R","M","?","M","M","R","B",null,"M","$","?","M","$","R","M","E","T","?","R","M","M","$","R","B",null],"character_chosen":"HERMIT","items_purchased":["Vajra","Lee\u0027s Waffle","Lizard Tail","DollysMirror","Strawberry","FossilizedHelix","Toy Ornithopter","Letter Opener","Orichalcum","hermit:PetGhost","Bandage Up","Strength Potion","Orrery"],"campfire_rested":0,"item_purchase_floors":[7,7,7,12,12,12,21,21,36,36,36,36,48],"current_hp_per_floor":[75,75,75,75,64,64,82,82,82,64,63,70,80,80,80,52,99,88,88,72,72,72,72,82,82,82,82,58,58,68,83,83,12,104,85,100,90,83,98,98,92,104,104,90,90,95,96,104,104,3],"gold":735,"neow_bonus":"THREE_ENEMY_KILL","is_daily":false,"chose_seed":false,"campfire_upgraded":9,"win_rate":0.0,"timestamp":1609694377,"path_taken":["M","M","?","M","M","R","$","R","T","E","M","$","E","?","R","BOSS","M","?","?","$","?","R","M","?","T","R","M","?","M","M","R","BOSS","M","$","?","M","$","R","M","E","T","?","R","M","M","$","R","BOSS"],"items_purchased_type":["Relic","Relic","Relic","Relic","Relic","Relic","Relic","Relic","Relic","Relic","Card","Potion","Relic"],"build_version":"2020-12-22","purchased_purges":8,"victory":true,"max_hp_per_floor":[75,75,75,75,75,75,82,82,82,82,82,89,99,99,99,99,99,99,99,99,99,99,99,99,99,99,99,99,99,99,104,104,104,104,104,104,104,104,104,104,104,104,104,104,104,104,104,104,104,104],"card_choices":[{"not_picked":["hermit:CalledShot","hermit:DeadMansHand"],"picked":"hermit:HighCaliber","floor":1.0},{"not_picked":["hermit:GhostlyPresence","hermit:Coalescence","hermit:LoneWolf"],"picked":"SKIP","floor":2.0},{"not_picked":["hermit:Roulette","hermit:LowProfile","hermit:Desperado"],"picked":"SKIP","floor":4.0},{"not_picked":["hermit:TrackingShot","hermit:SprayPray"],"picked":"hermit:FullyLoaded","floor":5.0},{"not_picked":["hermit:FromBeyond","hermit:Spite"],"picked":"hermit:BodyArmor","floor":10.0},{"not_picked":["hermit:GoldenBullet","hermit:HoleUp","hermit:BigShot"],"picked":"SKIP","floor":11.0},{"not_picked":["hermit:Spite","hermit:DeadMansHand","hermit:Cheat"],"picked":"SKIP","floor":13.0},{"not_picked":["hermit:LowProfile+1","hermit:TakeAim","hermit:Glare"],"picked":"SKIP","floor":18.0},{"not_picked":["hermit:Desperado","hermit:LuckOfTheDraw","hermit:EyeOfTheStorm+1"],"picked":"SKIP","floor":24.0},{"not_picked":["hermit:Brawl","hermit:HoleUp"],"picked":"hermit:Shortfuse","floor":28.0},{"not_picked":["hermit:Misfire","hermit:CursedWeapon"],"picked":"hermit:HighCaliber+1","floor":30.0},{"not_picked":["hermit:Grudge","hermit:Desperado","hermit:Enervate"],"picked":"SKIP","floor":31.0},{"not_picked":["hermit:HeroicBravado","hermit:EternalForm"],"picked":"hermit:HighNoon","floor":33.0},{"not_picked":["hermit:LowProfile+1","hermit:Ricochet+1","hermit:Headshot"],"picked":"SKIP","floor":35.0},{"not_picked":["Dramatic Entrance","Deep Breath"],"picked":"Bandage Up","floor":37.0},{"not_picked":["hermit:TrackingShot","hermit:Desperado+1","hermit:Manifest"],"picked":"SKIP","floor":38.0},{"not_picked":["hermit:SprayPray+1","hermit:Cheat"],"picked":"hermit:HighCaliber+1","floor":41.0},{"not_picked":["hermit:HoleUp+1","hermit:Misfire+1","hermit:Desperado+1"],"picked":"SKIP","floor":42.0},{"not_picked":["hermit:ItchyTrigger","hermit:Grudge","hermit:Feint+1"],"picked":"SKIP","floor":46.0},{"not_picked":["hermit:BodyArmor+1","hermit:GhostlyPresence","hermit:ShadowCloak+1"],"picked":"SKIP","floor":47.0},{"not_picked":["hermit:GhostlyPresence","hermit:ShadowCloak+1"],"picked":"hermit:BodyArmor+1","floor":47.0}],"player_experience":13952,"relics_obtained":[{"floor":9.0,"key":"InkBottle"},{"floor":10.0,"key":"Kunai"},{"floor":13.0,"key":"Pear"},{"floor":16.0,"key":"Dream Catcher"},{"floor":26.0,"key":"MealTicket"},{"floor":33.0,"key":"Bottled Lightning"},{"floor":42.0,"key":"Whetstone"},{"floor":43.0,"key":"Mummified Hand"},{"floor":44.0,"key":"Thread and Needle"}],"event_choices":[{"damage_healed":0.0,"max_hp_gain":0.0,"max_hp_loss":0.0,"gold_gain":0.0,"event_name":"Big Fish","player_choice":"Box","floor":3.0,"gold_loss":0.0,"damage_taken":0.0,"relics_obtained":["PreservedInsect"],"cards_obtained":["Regret"]},{"damage_healed":0.0,"max_hp_gain":0.0,"max_hp_loss":0.0,"gold_gain":0.0,"event_name":"Golden Idol","player_choice":"Ignored","floor":14.0,"gold_loss":0.0,"damage_taken":0.0},{"damage_healed":0.0,"max_hp_gain":0.0,"max_hp_loss":0.0,"gold_gain":0.0,"event_name":"Ghosts","player_choice":"Ignored","floor":19.0,"gold_loss":0.0,"damage_taken":0.0},{"damage_healed":0.0,"max_hp_gain":0.0,"max_hp_loss":0.0,"gold_gain":0.0,"event_name":"Cursed Tome","player_choice":"Obtained Book","floor":20.0,"gold_loss":0.0,"damage_taken":16.0},{"damage_healed":0.0,"max_hp_gain":0.0,"max_hp_loss":0.0,"gold_gain":0.0,"event_name":"Drug Dealer","player_choice":"Inject Mutagens","floor":22.0,"gold_loss":0.0,"damage_taken":0.0,"relics_obtained":["MutagenicStrength"]},{"damage_healed":0.0,"max_hp_gain":0.0,"max_hp_loss":0.0,"gold_gain":0.0,"event_name":"Addict","player_choice":"Obtained Relic","floor":25.0,"gold_loss":85.0,"damage_taken":0.0,"relics_obtained":["Pantograph"]},{"damage_healed":0.0,"max_hp_gain":0.0,"max_hp_loss":0.0,"gold_gain":99.0,"event_name":"Nest","player_choice":"Stole From Cult","floor":29.0,"gold_loss":0.0,"damage_taken":0.0},{"damage_healed":0.0,"max_hp_gain":0.0,"max_hp_loss":0.0,"gold_gain":0.0,"event_name":"SensoryStone","player_choice":"Memory 3","floor":37.0,"gold_loss":0.0,"damage_taken":10.0},{"damage_healed":0.0,"max_hp_gain":0.0,"max_hp_loss":0.0,"gold_gain":0.0,"event_name":"MindBloom","player_choice":"Fight","floor":44.0,"gold_loss":0.0,"damage_taken":0.0}],"is_beta":false,"boss_relics":[{"not_picked":["SlaversCollar","hermit:DentedPlate"],"picked":"hermit:BartenderGlass"},{"not_picked":["Black Star","Runic Dome"],"picked":"Coffee Dripper"}],"items_purged_floors":[7,7,7,7,12,48,48,48],"is_endless":false,"potions_floor_spawned":[1,2,5,10,11,18,28,28,31,31,33,41,41,42,44,47],"ascension_level":4}}