{"host":"os9owiyb0rak6c8n","time":1609697153,"event":{"mods":["AchievementEnabler","Astrologer","BaseMod","Beaked The Cultist","Better Third Choice","Block Reminder","Colored Map","Colored Powertips","Dio Mod","Minty Spire (QoL Compilation)","Robot Space Explorer","Spicy Shops","StSLib","The Death Knight","The Necromancer"],"gold_per_floor":[119,44,44,55,71,98,98,129,129,142,142,142,157,192,192,288,288,300,317,330,330,13,13,13],"floor_reached":23,"playtime":647,"items_purged":["Pain"],"score":327,"play_id":"56db60d9-3a5a-46f4-8f47-af5366d61f41","local_time":"20210103190553","is_ascension_mode":true,"campfire_choices":[{"data":"Defragment","floor":7,"key":"SMITH"},{"floor":12,"key":"REST"},{"floor":15,"key":"REST"}],"circlet_count":0,"master_deck":["AscendersBane","Strike_B","Defend_B","Defend_B","Defend_B","Zap+1","Dualcast","Biased Cognition","Ball Lightning","Barrage","Defragment+1","Coolheaded","Cold Snap","Ball Lightning+1","Electrodynamics","Blizzard+1","Blizzard+1","Compile Driver+1","Defragment","Scrape+1","Gash+1"],"relics":["Cracked Core","Emotion Chip","Kunai","Bottled Lightning","Molten Egg 2","Astrolabe","Ornamental Fan","Bird Faced Urn"],"acts_visited":["Exordium","TheCity"],"potions_floor_usage":[8,10,14,23],"damage_taken":[{"damage":4,"enemies":"2 Louse","floor":1,"turns":2},{"damage":0,"enemies":"Cultist","floor":4,"turns":3},{"damage":12,"enemies":"Jaw Worm","floor":5,"turns":2},{"damage":30,"enemies":"3 Sentries","floor":6,"turns":7},{"damage":13,"enemies":"Gremlin Nob","floor":8,"turns":3},{"damage":7,"enemies":"Exordium Thugs","floor":10,"turns":2},{"damage":5,"enemies":"Gremlin Gang","floor":13,"turns":3},{"damage":6,"enemies":"Lagavulin","floor":14,"turns":5},{"damage":25,"enemies":"Hexaghost","floor":16,"turns":7},{"damage":13,"enemies":"3 Byrds","floor":18,"turns":3},{"damage":22,"enemies":"2 Thieves","floor":19,"turns":2},{"damage":0,"enemies":"Snecko","floor":20,"turns":3},{"damage":34,"enemies":"Slavers","floor":23,"turns":1}],"seed_played":"2988753106975603831","potions_obtained":[{"floor":1,"key":"DuplicationPotion"},{"floor":5,"key":"FearPotion"},{"floor":13,"key":"PowerPotion"},{"floor":16,"key":"Fire Potion"},{"floor":18,"key":"CultistPotion"},{"floor":20,"key":"PowerPotion"}],"is_trial":false,"path_per_floor":["M","$","?","M","M","E","R","E","T","M","?","R","M","E","R","B",null,"M","M","M","?","$","E"],"character_chosen":"DEFECT","items_purchased":["Ornamental Fan","Bird Faced Urn"],"campfire_rested":2,"item_purchase_floors":[22,22],"current_hp_per_floor":[64,64,64,64,52,22,22,9,9,2,7,29,24,18,40,15,60,47,25,25,25,25,0,0],"gold":13,"neow_bonus":"THREE_RARE_CARDS","is_daily":false,"chose_seed":false,"campfire_upgraded":1,"win_rate":0.0,"timestamp":1609697153,"path_taken":["M","$","?","M","?","E","R","E","T","M","?","R","M","E","R","BOSS","M","M","M","?","$","E"],"items_purchased_type":["Relic","Relic"],"build_version":"2020-12-22","purchased_purges":1,"victory":false,"max_hp_per_floor":[75,75,75,75,75,75,75,75,75,75,75,75,75,75,75,75,75,75,75,75,75,75,75,75],"card_choices":[{"not_picked":["Reboot","Rainbow"],"picked":"Biased Cognition","floor":0},{"not_picked":["Beam Cell","Compile Driver"],"picked":"Ball Lightning","floor":1},{"not_picked":["Rebound","Scrape"],"picked":"Barrage","floor":4},{"not_picked":["Rebound","Redo"],"picked":"Gash","floor":5},{"not_picked":["Hologram","Conserve Battery"],"picked":"Defragment","floor":6},{"not_picked":["Skim","Reboot"],"picked":"Coolheaded","floor":8},{"not_picked":["Rebound","Gash","Loop"],"picked":"SKIP","floor":10},{"not_picked":["Rip and Tear","Conserve Battery"],"picked":"Cold Snap","floor":13},{"not_picked":["Beam Cell+1","Gash+1"],"picked":"Ball Lightning+1","floor":14},{"not_picked":["Fission","Echo Form"],"picked":"Electrodynamics","floor":16},{"not_picked":["Rebound+1","Gash+1"],"picked":"Defragment","floor":18},{"not_picked":["Hello World","Steam+1"],"picked":"Scrape+1","floor":19},{"not_picked":["Barrage+1","Leap"],"picked":"Gash+1","floor":20}],"player_experience":580844,"relics_obtained":[{"floor":6,"key":"Emotion Chip"},{"floor":8,"key":"Kunai"},{"floor":9,"key":"Bottled Lightning"},{"floor":14,"key":"Molten Egg 2"}],"event_choices":[{"damage_healed":0,"gold_gain":0,"player_choice":"Forge","damage_taken":0,"max_hp_gain":0,"max_hp_loss":0,"event_name":"Accursed Blacksmith","floor":3,"gold_loss":0,"cards_upgraded":["Zap"]},{"cards_removed":["Gash"],"damage_healed":5,"gold_gain":0,"player_choice":"Offered Common","damage_taken":0,"max_hp_gain":0,"max_hp_loss":0,"event_name":"Bonfire Elementals","floor":11,"gold_loss":0},{"cards_removed":["Gash"],"damage_healed":5,"gold_gain":0,"player_choice":"Offered Special","damage_taken":0,"max_hp_gain":0,"max_hp_loss":0,"event_name":"Bonfire Elementals","floor":11,"gold_loss":0},{"cards_removed":["Defend_B"],"damage_healed":0,"gold_gain":0,"player_choice":"Purged","damage_taken":0,"max_hp_gain":0,"max_hp_loss":0,"event_name":"Purifier","floor":21,"gold_loss":0}],"is_beta":false,"boss_relics":[{"not_picked":["Ectoplasm","SacredBark"],"picked":"Astrolabe"}],"items_purged_floors":[2],"is_endless":false,"potions_floor_spawned":[1,5,13,16,18,20],"killed_by":"Slavers","ascension_level":11}}