{"host":"xwqwvmlzre68xjvm","time":1609677011,"event":{"mods":["AchievementEnabler","BaseMod","Colored Map","Colored Powertips","Hermit","Marisa£¨Ùöéë¡¡Øª×âÞÞ£©","Minty Spire (QoL Compilation)","Replay The Spire","StSLib","SuperFastMode","The Bug Knight","The Cursed","The Hierophant","The Runesmith"],"gold_per_floor":[113,38,58,72,72,107,107,136,136,136,136,167,67,17,17,119,119,137,137,137,147,147,176,191,204,230,230,241,259,270,270,270,371,371,386,386,396,91,108,108,108],"floor_reached":40,"playtime":1789,"items_purged":["Pain","Strike_B"],"score":634,"play_id":"51b18016-c1d6-458a-966a-c07216cde854","local_time":"20210103213011","is_ascension_mode":true,"campfire_choices":[{"floor":7,"key":"REST"},{"data":"Electrodynamics","floor":11,"key":"SMITH"},{"floor":15,"key":"REST"},{"floor":27,"key":"REST"},{"floor":32,"key":"DIG"}],"circlet_count":0,"master_deck":["Defend_B","Defend_B","Defend_B","Zap+1","Dualcast","Electrodynamics+1","Crystallizer+1","Chill","BootSequence","Coolheaded","Seek","CurseOfTheBell","Shame","Gash","Echo Form","Pot Of Greed","Pot Of Greed","Doom and Gloom+1","Ball Lightning+1","Heatsinks","ReplayTheSpireMod:Calculation Training+1","Thunder Strike","All For One","Pot Of Greed","Skim","Redo","Self Repair+1"],"relics":["Cracked Core","Replay:Mystery Machine","Mummified Hand","Gambling Chip","Calling Bell","Pet Ghost","Eternal Feather","Du-Vu Doll","Matryoshka","Grinning Jar","Replay:Antivirus Software","Ancient Tea Set","Unceasing Top","Ring of Chaos","Cables"],"acts_visited":["Exordium","TheCity","TheBeyond"],"potions_floor_usage":[16,16,16,23,23,29,39,40],"damage_taken":[{"damage":10,"enemies":"Small Slimes","floor":1,"turns":3},{"damage":3,"enemies":"2 Louse","floor":3,"turns":2},{"damage":1,"enemies":"Cultist","floor":4,"turns":3},{"damage":27,"enemies":"Lagavulin","floor":6,"turns":6},{"damage":3,"enemies":"3 Sentries","floor":8,"turns":4},{"damage":23,"enemies":"Gremlin Nob","floor":12,"turns":4},{"damage":28,"enemies":"The Guardian","floor":16,"turns":16},{"damage":25,"enemies":"Chosen","floor":18,"turns":6},{"damage":0,"enemies":"Spheric Guardian","floor":21,"turns":3},{"damage":22,"enemies":"Book of Stabbing","floor":23,"turns":5},{"damage":12,"enemies":"Snake Plant","floor":24,"turns":5},{"damage":18,"enemies":"Centurion and Healer","floor":25,"turns":3},{"damage":7,"enemies":"3 Cultists","floor":28,"turns":3},{"damage":0,"enemies":"Snake Plant","floor":29,"turns":2},{"damage":8,"enemies":"Snecko","floor":30,"turns":3},{"damage":26,"enemies":"Pondfish","floor":33,"turns":9},{"damage":14,"enemies":"3 Shapes","floor":35,"turns":2},{"damage":18,"enemies":"Orb Walker","floor":37,"turns":3},{"damage":17,"enemies":"Jaw Worm Horde","floor":39,"turns":3},{"damage":47,"enemies":"Reptomancer","floor":40,"turns":6}],"seed_played":"-8163973688793478655","potions_obtained":[{"floor":1,"key":"BlessingOfTheForge"},{"floor":8,"key":"Dexterity Potion"},{"floor":12,"key":"Flashbang"},{"floor":20,"key":"Death Potion"},{"floor":20,"key":"LifebloodPotion"},{"floor":20,"key":"SneckoOil"},{"floor":21,"key":"Cursed Concoction"},{"floor":23,"key":"Energy Potion"},{"floor":25,"key":"Milkshake"},{"floor":33,"key":"Weak Potion"},{"floor":39,"key":"Elixir"}],"is_trial":false,"path_per_floor":["M","$","M","M","?","E","R","E","T","?","R","E","$","?","R","B",null,"M","?","?","M","?","E","M","M","T","R","M","M","M","?","R_BF","B",null,"M","?","M","$","M","E"],"character_chosen":"DEFECT","items_purchased":["Self Repair+1","Cables"],"campfire_rested":3,"item_purchase_floors":[38,38],"current_hp_per_floor":[65,65,62,61,46,19,41,38,38,43,43,20,20,20,44,16,80,55,55,55,55,55,33,21,3,3,39,32,32,24,24,36,10,80,66,66,48,48,41,0,0],"gold":108,"neow_bonus":"THREE_RARE_CARDS","is_daily":false,"chose_seed":false,"campfire_upgraded":1,"win_rate":0.0,"timestamp":1609677011,"path_taken":["M","$","M","M","?","E","R","E","T","?","R","E","$","?","R","BOSS","M","?","?","?","?","E","M","M","T","R","M","M","M","?","R_BF","BOSS","M","?","M","?","M","E"],"items_purchased_type":["Card","Relic"],"build_version":"2020-12-22","purchased_purges":2,"victory":false,"max_hp_per_floor":[75,75,75,75,75,75,75,75,75,80,80,80,80,80,80,80,80,80,80,80,80,80,80,80,80,80,80,80,80,80,80,80,80,80,80,80,80,80,80,80,80],"card_choices":[{"not_picked":["Thunder Strike","Creative AI"],"picked":"Electrodynamics","floor":0},{"not_picked":["Melter","Stack","Undo"],"picked":"SKIP","floor":1},{"not_picked":["Auto Shields","BootSequence"],"picked":"Crystallizer","floor":3},{"not_picked":["BasicCrystalCard","Beam Cell","Go for the Eyes"],"picked":"SKIP","floor":4},{"not_picked":["Rebound","BootSequence"],"picked":"Chill","floor":6},{"not_picked":["ReplayTheSpireMod:Omega Cannon","Barrage"],"picked":"BootSequence","floor":8},{"not_picked":["Gash","Steam"],"picked":"Coolheaded","floor":12},{"not_picked":["Amplify","Biased Cognition"],"picked":"Seek","floor":16},{"not_picked":["Lockon+1","Barrage","Panic Button"],"picked":"SKIP","floor":18},{"not_picked":["Lockon","Turbo"],"picked":"Gash","floor":21},{"not_picked":["BasicCrystalCard","Gash"],"picked":"Echo Form","floor":23},{"not_picked":["Blizzard","Stack","Barrage"],"picked":"SKIP","floor":24},{"not_picked":["Steam","Leap"],"picked":"Doom and Gloom+1","floor":25},{"not_picked":["Cold Snap+1","Tempest"],"picked":"Ball Lightning+1","floor":28},{"not_picked":["Conserve Battery","ReplaySolidLightProjector"],"picked":"Heatsinks","floor":29},{"not_picked":["FTL","BasicCrystalCard"],"picked":"ReplayTheSpireMod:Calculation Training+1","floor":30},{"not_picked":["Core Surge","Multi-Cast"],"picked":"All For One","floor":33},{"not_picked":["ReplaySolidLightProjector","Recycle"],"picked":"Skim","floor":35},{"not_picked":["Coolheaded","Sweeping Beam"],"picked":"Redo","floor":37},{"not_picked":["Sweeping Beam","Coolheaded","ReplayGash+1"],"picked":"SKIP","floor":39}],"player_experience":58246,"relics_obtained":[{"floor":6,"key":"Replay:Mystery Machine"},{"floor":8,"key":"Mummified Hand"},{"floor":12,"key":"Gambling Chip"},{"floor":17,"key":"Pet Ghost"},{"floor":17,"key":"Eternal Feather"},{"floor":17,"key":"Du-Vu Doll"},{"floor":23,"key":"Grinning Jar"},{"floor":26,"key":"Replay:Antivirus Software"},{"floor":26,"key":"Ancient Tea Set"},{"floor":32,"key":"Unceasing Top"}],"event_choices":[{"damage_healed":0,"gold_gain":0,"player_choice":"Entered Light","damage_taken":15,"max_hp_gain":0,"max_hp_loss":0,"event_name":"Shining Light","floor":5,"gold_loss":0,"cards_upgraded":["Zap","Crystallizer"]},{"damage_healed":0,"gold_gain":0,"player_choice":"Donut","damage_taken":0,"max_hp_gain":5,"max_hp_loss":0,"event_name":"Big Fish","floor":10,"gold_loss":0},{"cards_removed":["Strike_B"],"damage_healed":0,"gold_gain":0,"player_choice":"Card Removal","damage_taken":0,"max_hp_gain":0,"max_hp_loss":0,"event_name":"The Cleric","floor":14,"gold_loss":50},{"damage_healed":0,"gold_gain":0,"player_choice":"Stole Relic","damage_taken":0,"relics_obtained":["Matryoshka"],"max_hp_gain":0,"max_hp_loss":0,"event_name":"Addict","floor":19,"gold_loss":0,"cards_obtained":["Shame"]},{"damage_healed":0,"gold_gain":0,"player_choice":"Got Potions","damage_taken":0,"max_hp_gain":0,"max_hp_loss":0,"event_name":"Lab","floor":20,"gold_loss":0},{"cards_removed":["Strike_B"],"damage_healed":0,"gold_gain":0,"player_choice":"Elegance","damage_taken":0,"max_hp_gain":0,"max_hp_loss":0,"event_name":"Back to Basics","floor":22,"gold_loss":0},{"damage_healed":0,"gold_gain":0,"cards_transformed":["Strike_B","Defend_B"],"player_choice":"Became Test Subject","damage_taken":0,"max_hp_gain":0,"max_hp_loss":0,"event_name":"Drug Dealer","floor":31,"gold_loss":0,"cards_obtained":["Genetic Algorithm","Thunder Strike"]},{"cards_removed":["Genetic Algorithm"],"damage_healed":0,"gold_gain":0,"player_choice":"Purged","damage_taken":0,"max_hp_gain":0,"max_hp_loss":0,"event_name":"Purifier","floor":36,"gold_loss":0}],"is_beta":false,"boss_relics":[{"not_picked":["Sozu","Tiny House"],"picked":"Calling Bell"},{"not_picked":["FrozenCore","Abe\u0027s Treasure"],"picked":"Ring of Chaos"}],"items_purged_floors":[2,13],"is_endless":false,"potions_floor_spawned":[1,8,12,21,23,25,33,39],"killed_by":"Reptomancer","ascension_level":2}}