{"host":"xwqwvmlzre68xjvm","time":1609666477,"event":{"mods":["AchievementEnabler","BaseMod","Colored Map","Colored Powertips","Hermit","Marisa£¨Ùöéë¡¡Øª×âÞÞ£©","Minty Spire (QoL Compilation)","Replay The Spire","StSLib","SuperFastMode","The Bug Knight","The Cursed","The Hierophant","The Runesmith"],"gold_per_floor":[109,128,128,140,140,169,184,202,255,255,255,274,274,274,288,301,301,404,404,423,423,506,506,536,536,578,578,578,608,339,376,396,428,428,536,536,560,560,594,594,616,616,6,51,76,123,123,194,223,74,74,92,92,92,17,75,91],"floor_reached":58,"playtime":2988,"items_purged":["Strike_R+1","CommonCold"],"score":1434,"play_id":"1c343072-81c3-4aa1-9d0c-3b70f2b84648","local_time":"20210103183437","is_ascension_mode":true,"campfire_choices":[{"data":"Rampage","floor":11,"key":"SMITH"},{"floor":17,"key":"DIG"},{"floor":25,"key":"RECALL"},{"floor":34,"key":"DIG"},{"data":"Demon Form","floor":42,"key":"SMITH"},{"data":"Madness","floor":47,"key":"SMITH"},{"floor":51,"key":"REST"},{"data":"Disarm","floor":54,"key":"SMITH"}],"circlet_count":0,"master_deck":["Strike_R+1","Strike_R+1","Strike_R+1","Strike_R+1","Defend_R+1","Defend_R+1","Defend_R+1","Defend_R+1","Dark Shackles","Disarm+1","Heavy Blade","Rampage+1","ReplayTheSpireMod:Stacked","Replay:Undeath\u0027s Touch","Spot Weakness","Demon Form+1","ReplayTheSpireMod:Corrosion Curse+1","Infernal Blade+1","Inflame","Shockwave","Reaper","Poisoned Strike","Double Tap","Berserk","AbeCurse","Clash","Clash+1","Madness+1","Inflame","Master of Strategy","Flex+1","Brutality","Battle Trance+1","Replay:Undeath\u0027s Touch+1","Life Link","Rupture"],"relics":["Black Blood","Ring of Peace","Ring of Searing","NlothsMask","Omamori","Iron Hammer","Orichalcum","Replay:Bandana","Paper Frog","Centennial Puzzle","Replay:Bottled Steam","Replay:Ancient Bell","Strawberry","Snack Pack","Du-Vu Doll","Mummified Hand","Replay:Bottled Flurry","Bag of Marbles","Ornamental Fan","ReplayFunnel","Pear","CatCart","Bronze Scales","Replay:Accelerometer"],"acts_visited":["Exordium","TheCity","TheBeyond","TheEnding"],"potions_floor_usage":[12,18,18,18,31,35,48,48,52,52,57],"damage_taken":[{"damage":3,"enemies":"Small Slimes","floor":1,"turns":5},{"damage":10,"enemies":"Jaw Worm","floor":2,"turns":5},{"damage":10,"enemies":"Cultist","floor":4,"turns":4},{"damage":23,"enemies":"Gremlin Nob","floor":6,"turns":5},{"damage":0,"enemies":"2 Fungi Beasts","floor":7,"turns":4},{"damage":13,"enemies":"Exordium Thugs","floor":8,"turns":7},{"damage":0,"enemies":"Lots of Slimes","floor":12,"turns":2},{"damage":13,"enemies":"2 Fungi Beasts","floor":15,"turns":4},{"damage":4,"enemies":"Exordium Wildlife","floor":16,"turns":4},{"damage":0,"enemies":"Hexaghost","floor":18,"turns":7},{"damage":23,"enemies":"Shell Parasite","floor":20,"turns":5},{"damage":4,"enemies":"Chosen","floor":24,"turns":6},{"damage":16,"enemies":"Book of Stabbing","floor":26,"turns":7},{"damage":23,"enemies":"Shelled Parasite and Fungi","floor":29,"turns":6},{"damage":26,"enemies":"Slavers","floor":31,"turns":5},{"damage":3,"enemies":"Snake Plant","floor":32,"turns":5},{"damage":31,"enemies":"Cultist and Chosen","floor":33,"turns":5},{"damage":40,"enemies":"Automaton","floor":35,"turns":11},{"damage":20,"enemies":"Orb Walker","floor":37,"turns":3},{"damage":15,"enemies":"3 Darklings","floor":39,"turns":3},{"damage":36,"enemies":"Jaw Worm Horde","floor":41,"turns":5},{"damage":31,"enemies":"Giant Head","floor":44,"turns":7},{"damage":14,"enemies":"Nemesis","floor":46,"turns":5},{"damage":98,"enemies":"Orin","floor":48,"turns":8},{"damage":11,"enemies":"Writhing Mass","floor":49,"turns":4},{"damage":35,"enemies":"Time Eater","floor":52,"turns":7},{"damage":33,"enemies":"Shield and Spear","floor":56,"turns":4},{"damage":62,"enemies":"The Heart","floor":57,"turns":6}],"seed_played":"-1091889742061554279","potions_obtained":[{"floor":1,"key":"PowerPotion"},{"floor":4,"key":"EssenceOfSteel"},{"floor":10,"key":"Toxic Potion"},{"floor":16,"key":"LifebloodPotion"},{"floor":20,"key":"Cursed Concoction"},{"floor":24,"key":"BloodPotion"},{"floor":29,"key":"LiquidMemories"},{"floor":33,"key":"ColorlessPotion"},{"floor":41,"key":"BlessingOfTheForge"},{"floor":44,"key":"LiquidBronze"},{"floor":48,"key":"Block Potion"},{"floor":49,"key":"AttackPotion"}],"is_trial":false,"path_per_floor":["M","M","?","M","?","E","M","M","T","?","R","M","PTL","PTL","M","M","R_BF","B",null,"M","?","?","?","M","R","E","?","T","M","$","E","M","M","R_BF","B",null,"M","?","M","T","M","R","$","E","T","E","R","?","M","$","R","B",null,"R","$","E","B",null],"character_chosen":"IRONCLAD","items_purchased":["Poisoned Strike","Bag of Marbles","Madness","Inflame","Master of Strategy","Bronze Scales","Life Link"],"campfire_rested":1,"item_purchase_floors":[30,43,43,43,43,50,55],"current_hp_per_floor":[80,76,76,72,72,55,61,54,54,54,54,60,60,60,53,55,55,61,80,69,69,49,49,57,57,53,53,53,47,47,51,62,54,54,45,87,81,81,87,87,68,68,68,68,68,88,88,37,40,40,69,50,97,97,97,83,67],"gold":91,"neow_bonus":"RANDOM_COLORLESS","is_daily":false,"chose_seed":false,"campfire_upgraded":4,"win_rate":0.0,"timestamp":1609666477,"path_taken":["M","M","?","M","?","E","?","M","T","?","R","?","PTL","PTL","M","?","R_BF","BOSS","M","?","?","?","?","R","E","?","T","M","$","E","M","?","R_BF","BOSS","M","?","?","?","?","R","$","E","T","E","R","?","M","$","R","BOSS","R","$","E","BOSS"],"items_purchased_type":["Card","Relic","Card","Card","Card","Relic","Card"],"build_version":"2020-12-22","purchased_purges":2,"victory":true,"max_hp_per_floor":[80,80,80,80,80,80,80,80,80,80,80,80,80,80,80,80,80,80,80,80,80,80,80,80,80,80,80,80,80,80,80,80,80,80,80,87,87,87,87,87,87,87,87,87,87,97,97,97,97,97,97,97,97,97,97,97,97],"card_choices":[{"not_picked":["Impatience","Panacea"],"picked":"Dark Shackles","floor":0},{"not_picked":["Wild Strike","Flame Barrier"],"picked":"Disarm","floor":1},{"not_picked":["Cleave","Iron Wave"],"picked":"Heavy Blade","floor":2},{"not_picked":["Thunderclap","ReplayTheSpireMod:Strike From Hell","Hemokinesis"],"picked":"SKIP","floor":4},{"not_picked":["Whirlwind","Run Through","Eclipse"],"picked":"SKIP","floor":6},{"not_picked":["Power Through","Reckless Charge"],"picked":"Rampage","floor":7},{"not_picked":["Pummel","Replay:Undeath\u0027s Touch"],"picked":"ReplayTheSpireMod:Stacked","floor":8},{"not_picked":["Metallicize","Twin Strike"],"picked":"Replay:Undeath\u0027s Touch","floor":12},{"not_picked":["Dropkick","ReplayTheSpireMod:Limb From Limb","Armaments"],"picked":"SKIP","floor":15},{"not_picked":["Anger","Thunderclap"],"picked":"Spot Weakness","floor":16},{"not_picked":["Feed","Brutality"],"picked":"Demon Form","floor":18},{"not_picked":["Body Slam","Cleave"],"picked":"ReplayTheSpireMod:Corrosion Curse+1","floor":20},{"not_picked":["Defy Death","Headbutt"],"picked":"Infernal Blade+1","floor":22},{"not_picked":["ReplayTheSpireMod:Strike From Hell","Thunderclap+1"],"picked":"Inflame","floor":22},{"not_picked":["Dark Embrace","Second Wind","Rampage"],"picked":"SKIP","floor":24},{"not_picked":["Sword Boomerang+1","ReplayTheSpireMod:Strike From Hell"],"picked":"Shockwave","floor":26},{"not_picked":["Fire Breathing","Clothesline+1","Sever Soul"],"picked":"SKIP","floor":29},{"not_picked":["Shrug It Off","True Grit","Dark Embrace"],"picked":"SKIP","floor":31},{"not_picked":["Flame Barrier","Life Link"],"picked":"Double Tap","floor":32},{"not_picked":["Ghostly Armor","Pommel Strike","Uppercut+1"],"picked":"SKIP","floor":33},{"not_picked":["Juggernaut","Brutality"],"picked":"Berserk","floor":35},{"not_picked":["ReplayTheSpireMod:IOU","CurseOfTheBell"],"picked":"Writhe","floor":36},{"not_picked":["Replay:Sluggish","ReplayTheSpireMod:IOU"],"picked":"CommonCold","floor":36},{"not_picked":["Regret","Delirium"],"picked":"AbeCurse","floor":36},{"not_picked":["Body Slam","Cleave"],"picked":"Clash","floor":37},{"not_picked":["Run Through+1","Uppercut","Clothesline"],"picked":"SKIP","floor":39},{"not_picked":["Armaments","Abandon+1"],"picked":"Clash+1","floor":41},{"not_picked":["Warcry+1","Headbutt"],"picked":"Flex+1","floor":44},{"not_picked":["Eclipse","ReplayTheSpireMod:Strike From Hell"],"picked":"Brutality","floor":46},{"not_picked":["Twin Strike","Infernal Blade+1"],"picked":"Battle Trance+1","floor":48},{"not_picked":["Iron Wave","Shrug It Off+1"],"picked":"Replay:Undeath\u0027s Touch+1","floor":49},{"not_picked":["True Grit+1","Cleave"],"picked":"Rupture","floor":56}],"player_experience":46892,"relics_obtained":[{"floor":3,"key":"Ring of Peace"},{"floor":3,"key":"Ring of Searing"},{"floor":6,"key":"Omamori"},{"floor":17,"key":"Iron Hammer"},{"floor":22,"key":"Replay:Bandana"},{"floor":26,"key":"Paper Frog"},{"floor":31,"key":"Centennial Puzzle"},{"floor":34,"key":"Replay:Bottled Steam"},{"floor":40,"key":"Replay:Bottled Flurry"},{"floor":44,"key":"Ornamental Fan"},{"floor":45,"key":"ReplayFunnel"},{"floor":46,"key":"Pear"},{"floor":48,"key":"CatCart"},{"floor":56,"key":"Replay:Accelerometer"}],"event_choices":[{"damage_healed":0,"gold_gain":0,"player_choice":"Trade","damage_taken":0,"relics_obtained":["NlothsMask"],"max_hp_gain":0,"max_hp_loss":0,"event_name":"FaceTrader","floor":5,"gold_loss":0},{"damage_healed":0,"gold_gain":0,"player_choice":"Got Potions","damage_taken":0,"max_hp_gain":0,"max_hp_loss":0,"event_name":"Lab","floor":10,"gold_loss":0},{"damage_healed":0,"gold_gain":0,"player_choice":"Stole Relic","damage_taken":0,"relics_obtained":["Orichalcum"],"max_hp_gain":0,"max_hp_loss":0,"event_name":"Addict","floor":21,"gold_loss":0,"cards_obtained":["Shame"]},{"damage_healed":0,"gold_gain":0,"player_choice":"Simplicity","damage_taken":0,"max_hp_gain":0,"max_hp_loss":0,"event_name":"Back to Basics","floor":23,"gold_loss":0,"cards_upgraded":["Strike_R","Strike_R","Strike_R","Strike_R","Strike_R","Defend_R","Defend_R","Defend_R","Defend_R"]},{"damage_healed":0,"gold_gain":0,"cards_transformed":["Bash"],"player_choice":"Transformed","damage_taken":0,"max_hp_gain":0,"max_hp_loss":0,"event_name":"Transmorgrifier","floor":27,"gold_loss":0,"cards_obtained":["Reaper"]},{"damage_healed":0,"gold_gain":0,"player_choice":"Gave Potion","damage_taken":0,"relics_obtained":["Mummified Hand"],"max_hp_gain":0,"max_hp_loss":0,"event_name":"WeMeetAgain","floor":38,"gold_loss":0},{"damage_healed":0,"gold_gain":0,"player_choice":"Fight","damage_taken":0,"max_hp_gain":0,"max_hp_loss":0,"event_name":"OrinTheCat","floor":48,"gold_loss":0}],"is_beta":false,"boss_relics":[{"not_picked":["Runic Dome","Replay:Wanted Poster"],"picked":"Black Blood"},{"not_picked":["Kintsugi","Runesmith:UraniumAnvil"],"picked":"Replay:Ancient Bell"},{"not_picked":["Pet Ghost","Regal Pillow"],"picked":"Strawberry"},{"not_picked":["Meat on the Bone","Sundial"],"picked":"Snack Pack"},{"not_picked":["Durian","Prayer Wheel"],"picked":"Du-Vu Doll"}],"items_purged_floors":[30,43],"is_endless":false,"potions_floor_spawned":[1,4,16,20,24,29,33,41,44,48,49],"ascension_level":1}}