{"host":"h5pmktbc0hzjipqc","time":1609657106,"event":{"mods":["2.2 Compatiblity","AchievementEnabler","BaseMod","Better Altar","Better Match","Better Note","Better Sensory Stone","Better Skull","Better Third Choice","Better Vampires","BetterRewards","Block Reminder","Clawfect","Colored Powertips","Conspire","Curses Come First","Energized Spire","GifTheSpireLib","Halation","Hubris","Jedi Mod","Minty Spire (QoL Compilation)","Permanent Neow","Quick Restart","Rare Cards Sparkle","Relic Sorter","Relic Stats","Replay The Spire","Spicy Shops","Spikes Relics","StSLib","Synergy Search","The Jungle","Trackpad","Unceasing Turn Reminder","everything is the same but u backflip on backflip","vexMod"],"gold_per_floor":[112,187,187,198,233,233,282,282,306,306,306,340,353,50,50,148,148,162,162,162,9,21,54,54,174,174,224,224,265,337,337,337,113,113,254,254,290,290,374,122,122,122,49,49,49,91,91,91,91,91,139,182,182,220,220],"floor_reached":54,"playtime":2042,"items_purged":["Normality","Spreading Infection","Pain"],"score":696,"play_id":"b9ff68aa-10c3-4dc3-89b4-8e3f776f1235","local_time":"20210103005826","is_ascension_mode":true,"campfire_choices":[{"data":"Iron Wave","floor":6,"key":"SMITH"},{"data":"Strike_R","floor":8,"key":"SMITH"},{"data":"Intimidate","floor":10,"key":"SMITH"},{"data":"Anger","floor":15,"key":"SMITH"},{"data":"Anger","floor":24,"key":"SMITH"},{"floor":34,"key":"REST"},{"data":"Anger","floor":42,"key":"SMITH"},{"data":"Anger","floor":44,"key":"SMITH"},{"data":"Anger","floor":53,"key":"SMITH"}],"circlet_count":0,"master_deck":["Strike_R+1","Strike_R+1","Strike_R+1","Strike_R","Strike_R+1","Defend_R+1","Defend_R+1","Defend_R+1","Defend_R+1","Bash+1","Pommel Strike+1","Iron Wave+1","Intimidate+1","Disarm+1","Anger+1","Anger+1","Spot Weakness+1","Thunderclap","Anger+1","Anger+1","Anger+1","Anger+1","Anger+1","Anger+1","Anger+1","Anger+1","Anger+1","hubris:Disease","Anger+1","Anger+1","Anger+1","Replay:Hysterical Blindness","Decay","conspire:Blindness","Anger+1","Anger+1","Anger+1"],"relics":["Burning Blood","jedi:matchstick","halation:PinkSoulGem","hubris:Icosahedron","halation:LoveArrow","PreservedInsect","Juzu Bracelet","halation:LostSnail","Lantern","Mango","trackpad:BottledAnger","vexMod:FocusSash","conspire:DecoderRing","conspire:Dentures","Dream Catcher","halation:NonexistentMirror","hubris:DisguiseKit","Replay:Accelerometer","Ring of Greed","Replay:Bandana","MealTicket","ReplayTheSpireMod:Ring of Challenge","Blue Doll","Blood Vial","halation:HeavySnake","Whetstone","halation:StarCompass","ReplayTheSpireMod:CursedCoin","RetroEgg","Bag of Marbles"],"acts_visited":["Exordium","Exordium","TheBeyond"],"potions_floor_usage":[4,16,18,35,35,35,54,54],"damage_taken":[{"damage":15.0,"enemies":"Cultist","floor":1.0,"turns":4.0},{"damage":0.0,"enemies":"2 Louse","floor":4.0,"turns":2.0},{"damage":35,"enemies":"conspire:MimicChest","floor":5,"turns":6},{"damage":14,"enemies":"Gremlin Nob","floor":12,"turns":4},{"damage":9,"enemies":"Jaw Worm","floor":13,"turns":2},{"damage":24,"enemies":"Fading Forest","floor":16,"turns":11},{"damage":7,"enemies":"Shell Parasite","floor":18,"turns":2},{"damage":26,"enemies":"theJungle:GiantWrat","floor":22,"turns":4},{"damage":29,"enemies":"theJungle:2_Phrogs","floor":23,"turns":4},{"damage":5,"enemies":"theJungle:2_Snecko_Cultists","floor":29,"turns":3},{"damage":75,"enemies":"theJungle:FunGuy","floor":35,"turns":11},{"damage":0,"enemies":"Orb Walker","floor":37,"turns":1},{"damage":0,"enemies":"2 Orb Walkers","floor":39,"turns":1},{"damage":15,"enemies":"3 Shapes","floor":46,"turns":1},{"damage":0,"enemies":"3 Darklings","floor":51,"turns":1},{"damage":0,"enemies":"Spire Growth","floor":52,"turns":1},{"damage":98,"enemies":"conspire:OrnateMirror","floor":54,"turns":1}],"seed_played":"-5161522323158233837","potions_obtained":[{"floor":12,"key":"BlessingOfTheForge"},{"floor":16,"key":"AttackPotion"},{"floor":22,"key":"BlessingOfTheForge"},{"floor":30,"key":"Explosive Potion"},{"floor":30,"key":"Languid Potion"},{"floor":35,"key":"Death Potion"},{"floor":46,"key":"Weak Potion"},{"floor":51,"key":"Doom Potion"}],"is_trial":false,"path_per_floor":["M","?","?","M","?","R","T","R","T","R","T","E","M","$","R","B",null,"M","?","?","$","M","E","R","?","T","?","?","M","?","PTL","PTL","$","R","B",null,"M","?","?","$","?","R","$","R","T","M","?","PTL","PTL","?","M","M","R","B"],"character_chosen":"IRONCLAD","items_purchased":["PreservedInsect","Juzu Bracelet","halation:LostSnail","jedi:hoardpotion","Lantern","Spot Weakness","Dream Catcher","Elixir","Thunderclap","halation:NonexistentMirror","Blood Vial","Whetstone","jedi:wingpotion","ReplayTheSpireMod:CursedCoin","RetroEgg"],"campfire_rested":1,"item_purchase_floors":[0,0,0,0,0,14,14,14,14,21,33,40,40,43,43],"current_hp_per_floor":[55,44,44,50,83,83,83,83,83,83,83,75,72,72,72,60,94,93,93,93,93,73,50,50,36,36,36,36,37,37,37,37,52,80,13,94,94,94,94,94,94,94,94,94,94,85,85,85,85,85,93,94,94,0,0],"gold":220,"neow_bonus":"","is_daily":false,"chose_seed":false,"campfire_upgraded":8,"win_rate":0.0,"timestamp":1609657106,"path_taken":["M","?","?","M","?","R","?","R","T","R","?","E","M","$","R","BOSS","M","?","?","$","M","E","R","?","T","?","?","M","?","PTL","PTL","$","R","BOSS","M","?","?","$","?","R","?","R","T","M","?","PTL","PTL","?","M","M","R","BOSS"],"items_purchased_type":["Relic","Relic","Relic","Potion","Relic","Card","Relic","Potion","Card","Relic","Relic","Relic","Potion","Relic","Relic"],"build_version":"2020-12-22","purchased_purges":3,"victory":false,"max_hp_per_floor":[80,80,80,80,94,94,94,94,94,94,94,94,94,94,94,94,94,94,94,94,94,94,94,94,94,94,94,94,94,94,94,94,94,94,94,94,94,94,94,94,94,94,94,94,94,94,94,94,94,94,94,94,94,94,94],"relic_stats":{"Blood Vial":5,"Dream Catcher":1,"counters":[17,59],"MealTicket":15,"PreservedInsect":73,"Juzu Bracelet":5,"Whetstone":["Bash","Pommel Strike"],"obtain_stats":[{"Replay:Accelerometer":26,"Lantern":0,"RetroEgg":43,"Mango":5,"Blue Doll":30,"Juzu Bracelet":0,"Whetstone":40,"halation:StarCompass":41,"Burning Blood":0,"halation:HeavySnake":36,"Blood Vial":33,"Dream Catcher":14,"Replay:Bandana":27,"hubris:Icosahedron":3,"conspire:DecoderRing":11,"MealTicket":27,"jedi:matchstick":39,"trackpad:BottledAnger":7,"conspire:Dentures":12,"hubris:DisguiseKit":23,"ReplayTheSpireMod:CursedCoin":43,"PreservedInsect":0,"vexMod:FocusSash":9,"Ring of Greed":27,"halation:LoveArrow":17,"halation:NonexistentMirror":21,"Bag of Marbles":45,"halation:LostSnail":0,"ReplayTheSpireMod:Ring of Challenge":27,"halation:PinkSoulGem":20},{"Replay:Accelerometer":9,"Lantern":0,"RetroEgg":13,"Mango":3,"Blue Doll":10,"Juzu Bracelet":0,"Whetstone":13,"halation:StarCompass":13,"Burning Blood":0,"halation:HeavySnake":11,"Blood Vial":10,"Dream Catcher":5,"Replay:Bandana":9,"hubris:Icosahedron":1,"conspire:DecoderRing":3,"MealTicket":9,"jedi:matchstick":13,"trackpad:BottledAnger":3,"conspire:Dentures":4,"hubris:DisguiseKit":9,"ReplayTheSpireMod:CursedCoin":13,"PreservedInsect":0,"vexMod:FocusSash":3,"Ring of Greed":9,"halation:LoveArrow":6,"halation:NonexistentMirror":7,"Bag of Marbles":13,"halation:LostSnail":0,"ReplayTheSpireMod:Ring of Challenge":9,"halation:PinkSoulGem":7},{"Replay:Accelerometer":39,"Lantern":0,"RetroEgg":55,"Mango":12,"Blue Doll":42,"Juzu Bracelet":0,"Whetstone":55,"halation:StarCompass":55,"Burning Blood":0,"halation:HeavySnake":53,"Blood Vial":42,"Dream Catcher":18,"Replay:Bandana":39,"hubris:Icosahedron":4,"conspire:DecoderRing":12,"MealTicket":39,"jedi:matchstick":55,"trackpad:BottledAnger":12,"conspire:Dentures":16,"hubris:DisguiseKit":39,"ReplayTheSpireMod:CursedCoin":55,"PreservedInsect":0,"vexMod:FocusSash":12,"Ring of Greed":39,"halation:LoveArrow":29,"halation:NonexistentMirror":31,"Bag of Marbles":55,"halation:LostSnail":0,"ReplayTheSpireMod:Ring of Challenge":39,"halation:PinkSoulGem":31}],"Burning Blood":78},"card_choices":[{"not_picked":["Dropkick","Wild Strike"],"picked":"Pommel Strike","floor":1.0},{"not_picked":["Replay:Undeath\u0027s Touch","Havoc","ReplayTheSpireMod:Limb From Limb"],"picked":"Anger","floor":12},{"not_picked":["conspire:ExplosiveBarrier","Warcry","Anger"],"picked":"Anger","floor":13},{"not_picked":["hubris:StunningStrike","Exhume","Hemogenesis"],"picked":"Anger","floor":16},{"not_picked":["Anger","Havoc","Disarm"],"picked":"Anger+1","floor":18},{"not_picked":["Dropkick","Sword Boomerang","jedi:fear+1"],"picked":"Anger","floor":22},{"not_picked":["Warcry","Dark Embrace","Demon Form"],"picked":"Anger+1","floor":23},{"not_picked":["ReplayTheSpireMod:Strike From Hell","hubris:CleavingFinish","Feel No Pain","BowlingBash"],"picked":"Anger","floor":29},{"not_picked":["Shrug It Off+1","Body Slam","Thunderclap+1","Replay:ManipulateFuture"],"picked":"Anger","floor":30},{"not_picked":["Havoc","Whirlwind","Power Through","JustLucky"],"picked":"Anger+1","floor":34},{"not_picked":["Feed","Brutality","Bludgeon","Brilliance"],"picked":"Anger+1","floor":35},{"not_picked":["ReplayTheSpireMod:Strike From Hell","Clothesline+1","Wild Strike","FlurryOfBlows"],"picked":"Anger+1","floor":37},{"not_picked":["Iron Wave+1","Rampage+1","Clash+1","Crescendo"],"picked":"Anger+1","floor":39},{"not_picked":["Dropkick+1","Entrench+1","jedi:hate+1","ClearTheMind"],"picked":"Anger","floor":46},{"not_picked":["Clothesline+1","Whirlwind","Wild Strike+1","CutThroughFate"],"picked":"Anger+1","floor":51},{"not_picked":["Iron Wave","Absolvement+1","ReplayTheSpireMod:Muscle Training","Protect"],"picked":"Anger+1","floor":52}],"player_experience":24274,"relics_obtained":[{"floor":5,"key":"Mango"},{"floor":7,"key":"trackpad:BottledAnger"},{"floor":9,"key":"vexMod:FocusSash"},{"floor":11,"key":"conspire:DecoderRing"},{"floor":12,"key":"conspire:Dentures"},{"floor":23,"key":"hubris:DisguiseKit"},{"floor":26,"key":"Replay:Accelerometer"},{"floor":27,"key":"Ring of Greed"},{"floor":27,"key":"Replay:Bandana"},{"floor":27,"key":"MealTicket"},{"floor":27,"key":"ReplayTheSpireMod:Ring of Challenge"},{"floor":30,"key":"Blue Doll"},{"floor":39,"key":"jedi:matchstick"},{"floor":45,"key":"Bag of Marbles"}],"event_choices":[{"damage_healed":0.0,"max_hp_gain":0.0,"max_hp_loss":0.0,"gold_gain":75.0,"event_name":"betterThird:BetterGoop","player_choice":"Gold","floor":2.0,"gold_loss":0.0,"damage_taken":11.0},{"damage_healed":0,"gold_gain":0,"player_choice":"Upgraded","damage_taken":0,"max_hp_gain":0,"max_hp_loss":0,"event_name":"Upgrade Shrine","floor":19,"gold_loss":0,"cards_upgraded":["Anger"]},{"damage_healed":0,"gold_gain":0,"player_choice":"Fight","damage_taken":0,"max_hp_gain":0,"max_hp_loss":0,"event_name":"Mysterious Sphere","floor":39,"gold_loss":0},{"damage_healed":0,"gold_gain":0,"player_choice":"Ignored","damage_taken":0,"max_hp_gain":0,"max_hp_loss":0,"event_name":"Tomb of Lord Red Mask","floor":47,"gold_loss":0}],"is_beta":false,"boss_relics":[{"not_picked":["Philosopher\u0027s Stone","halation:Yufonium"],"picked":"halation:LoveArrow"},{"not_picked":["hubris:RunicObelisk","jedi:battlestandard"],"picked":"halation:HeavySnake"}],"items_purged_floors":[33,40,43],"is_endless":false,"potions_floor_spawned":[12,16,22,35,46,51],"killed_by":"conspire:OrnateMirror","ascension_level":1}}