{"host":"y7sd46uq4xlni546","time":1609704399,"event":{"mods":["AchievementEnabler","BaseMod","Colored Map","Colored Powertips","Curses Come First","Filter the Spire","Minty Spire (QoL Compilation)","Quick Restart","Random Character Button","Rare Cards Sparkle","StSLib"],"gold_per_floor":[115,215,165,165,165,179,205,155,155,165,115,115,115,146,146,146,146],"floor_reached":16,"playtime":443,"items_purged":["Strike_R","Strike_R"],"score":106,"play_id":"881de27d-b5b9-4ef6-abb1-b37af993c067","local_time":"20210103210639","is_ascension_mode":false,"campfire_choices":[{"floor":12.0,"key":"REST"},{"floor":13.0,"key":"REST"},{"floor":15,"key":"REST"}],"circlet_count":0,"master_deck":["Strike_R","Strike_R","Defend_R","Defend_R","Defend_R","Bash","CurseOfTheBell","Body Slam","Body Slam"],"relics":["Calling Bell","Smiling Mask","The Courier","WingedGreaves","Red Skull","Oddly Smooth Stone","Shuriken","Ginger"],"acts_visited":["Exordium"],"potions_floor_usage":[14,16],"damage_taken":[{"damage":2.0,"enemies":"Small Slimes","floor":1.0,"turns":4.0},{"damage":5.0,"enemies":"Cultist","floor":6.0,"turns":4.0},{"damage":64.0,"enemies":"Lagavulin","floor":7.0,"turns":7.0},{"damage":0.0,"enemies":"Jaw Worm","floor":10.0,"turns":4.0},{"damage":27,"enemies":"3 Sentries","floor":14,"turns":10},{"damage":53,"enemies":"Slime Boss","floor":16,"turns":6}],"seed_played":"2586344370561589741","potions_obtained":[{"floor":7.0,"key":"ColorlessPotion"},{"floor":14,"key":"Dexterity Potion"}],"is_trial":false,"path_per_floor":["M","?","$","?","T","M","E","$","T","M","?","R","R","E","R","B"],"character_chosen":"IRONCLAD","items_purchased":[],"campfire_rested":3,"item_purchase_floors":[],"current_hp_per_floor":[78,78,78,71,71,66,2,2,2,2,2,26,50,23,47,0,0],"gold":146,"neow_bonus":"BOSS_RELIC","is_daily":false,"chose_seed":false,"campfire_upgraded":0,"win_rate":0.0,"timestamp":1609704399,"path_taken":["M","?","?","?","?","M","E","$","T","?","?","R","R","E","R","BOSS"],"items_purchased_type":[],"build_version":"2020-12-22","purchased_purges":2,"victory":false,"max_hp_per_floor":[80,80,80,80,80,80,80,80,80,80,80,80,80,80,80,80,80],"card_choices":[{"not_picked":["Flex","Havoc","Perfected Strike"],"picked":"SKIP","floor":1.0},{"not_picked":["Headbutt","Anger","Twin Strike"],"picked":"SKIP","floor":6.0},{"not_picked":["Cleave","Spot Weakness"],"picked":"Body Slam","floor":7.0},{"not_picked":["Warcry","Flex","Clash"],"picked":"SKIP","floor":10.0},{"not_picked":["Heavy Blade","Metallicize"],"picked":"Body Slam","floor":14}],"player_experience":592361,"relics_obtained":[{"floor":0.0,"key":"Smiling Mask"},{"floor":0.0,"key":"The Courier"},{"floor":0.0,"key":"WingedGreaves"},{"floor":5.0,"key":"Red Skull"},{"floor":7.0,"key":"Oddly Smooth Stone"},{"floor":9.0,"key":"Shuriken"},{"floor":14,"key":"Ginger"}],"event_choices":[{"damage_healed":0.0,"max_hp_gain":0.0,"max_hp_loss":0.0,"gold_gain":100.0,"event_name":"Wheel of Change","player_choice":"Gold","floor":2.0,"gold_loss":0.0,"damage_taken":0.0},{"cards_removed":["Defend_R"],"damage_healed":0.0,"max_hp_gain":0.0,"max_hp_loss":0.0,"gold_gain":0.0,"event_name":"Golden Wing","player_choice":"Card Removal","floor":4.0,"gold_loss":0.0,"damage_taken":7.0},{"cards_removed":["Strike_R"],"damage_healed":0.0,"max_hp_gain":0.0,"max_hp_loss":0.0,"gold_gain":0.0,"event_name":"The Cleric","player_choice":"Card Removal","floor":11.0,"gold_loss":50.0,"damage_taken":0.0}],"is_beta":false,"boss_relics":[],"items_purged_floors":[3,8],"is_endless":false,"potions_floor_spawned":[7,14],"killed_by":"Slime Boss","ascension_level":0}}