{"host":"ocllwaoi18j60ltd","time":1609682892,"event":{"mods":["BaseMod","DeckTracker","Minty Spire (QoL Compilation)","Permanent Neow","Quick Restart","StSLib","SuperFastMode"],"gold_per_floor":[119,131,141,159,234,234,249,249,249,249,276,345,371,296,296,296,296],"floor_reached":16,"playtime":533,"items_purged":[],"score":184,"play_id":"415d3a9b-531e-45da-adfd-eca420fb5f7a","local_time":"20210103230812","is_ascension_mode":true,"campfire_choices":[{"data":"Storm of Steel","floor":6.0,"key":"SMITH"},{"data":"Calculated Gamble","floor":15,"key":"SMITH"}],"circlet_count":0,"master_deck":["AscendersBane","Strike_G","Strike_G","Strike_G","Strike_G","Defend_G","Defend_G","Defend_G","Defend_G","Survivor","Neutralize","Storm of Steel+1","Dagger Throw","Cloak And Dagger","Cloak And Dagger","Finisher","Calculated Gamble+1","Crippling Poison","After Image"],"relics":["Ring of the Snake","Mercury Hourglass","PreservedInsect","CeramicFish","Singing Bowl"],"acts_visited":["Exordium"],"potions_floor_usage":[7,12,16],"damage_taken":[{"damage":0.0,"enemies":"2 Louse","floor":1.0,"turns":5.0},{"damage":0.0,"enemies":"Jaw Worm","floor":2.0,"turns":5.0},{"damage":4.0,"enemies":"Small Slimes","floor":3.0,"turns":2.0},{"damage":2.0,"enemies":"Looter","floor":4.0,"turns":4.0},{"damage":15,"enemies":"Large Slime","floor":7,"turns":7},{"damage":0,"enemies":"3 Sentries","floor":12,"turns":1},{"damage":3,"enemies":"3 Louse","floor":13,"turns":2},{"damage":20,"enemies":"Slime Boss","floor":16,"turns":5}],"seed_played":"1717861092990977680","potions_obtained":[{"floor":1.0,"key":"GamblersBrew"},{"floor":3.0,"key":"SkillPotion"},{"floor":12,"key":"SkillPotion"}],"is_trial":false,"path_per_floor":["M","M","M","M","?","R","M","?","T","?","T","?","M","?","R","B"],"character_chosen":"THE_SILENT","items_purchased":[],"campfire_rested":0,"item_purchase_floors":[],"current_hp_per_floor":[59,59,55,53,42,42,27,32,32,21,21,21,18,18,18,0,0],"gold":296,"neow_bonus":"TRANSFORM_CARD","is_daily":false,"chose_seed":false,"campfire_upgraded":2,"win_rate":0.0,"timestamp":1609682892,"path_taken":["M","M","M","M","?","R","M","?","T","?","?","?","M","?","R","BOSS"],"items_purchased_type":[],"build_version":"2020-12-22","purchased_purges":0,"victory":false,"max_hp_per_floor":[66,66,66,66,66,66,66,71,71,71,71,71,71,71,71,71,71],"card_choices":[{"not_picked":["Escape Plan","Reflex"],"picked":"Dagger Throw","floor":1.0},{"not_picked":["Outmaneuver","Sucker Punch"],"picked":"Cloak And Dagger","floor":2.0},{"not_picked":["Outmaneuver","Bane"],"picked":"Cloak And Dagger","floor":3.0},{"not_picked":["Blade Dance","Prepared"],"picked":"Finisher","floor":4.0},{"not_picked":["Predator","PiercingWail"],"picked":"Calculated Gamble","floor":7},{"not_picked":["Outmaneuver","Reflex"],"picked":"Crippling Poison","floor":12},{"not_picked":["Underhanded Strike","Crippling Poison"],"picked":"After Image","floor":13}],"player_experience":836786,"relics_obtained":[{"floor":9,"key":"Mercury Hourglass"},{"floor":11,"key":"CeramicFish"},{"floor":12,"key":"Singing Bowl"}],"event_choices":[{"damage_healed":0.0,"max_hp_gain":0.0,"max_hp_loss":0.0,"gold_gain":75.0,"event_name":"World of Goop","player_choice":"Gather Gold","floor":5.0,"gold_loss":0.0,"damage_taken":11.0},{"damage_healed":0,"gold_gain":0,"player_choice":"Donut","damage_taken":0,"max_hp_gain":5,"max_hp_loss":0,"event_name":"Big Fish","floor":8,"gold_loss":0},{"damage_healed":0,"gold_gain":0,"player_choice":"Success","damage_taken":11,"relics_obtained":["PreservedInsect"],"max_hp_gain":0,"max_hp_loss":0,"event_name":"Scrap Ooze","floor":10,"gold_loss":0},{"damage_healed":0,"gold_gain":0,"player_choice":"Searched \u00271\u0027 times","damage_taken":0,"max_hp_gain":0,"max_hp_loss":0,"event_name":"Dead Adventurer","floor":12,"gold_loss":0},{"cards_removed":["Defend_G"],"damage_healed":0,"gold_gain":0,"player_choice":"Card Removal","damage_taken":0,"max_hp_gain":0,"max_hp_loss":0,"event_name":"The Cleric","floor":14,"gold_loss":75}],"is_beta":false,"boss_relics":[],"items_purged_floors":[],"is_endless":false,"potions_floor_spawned":[1,3,4,12],"killed_by":"Slime Boss","ascension_level":20}}