{"host":"5fasz840ryq7obdf","time":1609706612,"event":{"mods":["2.2 Compatiblity","AchievementEnabler","BaseMod","Bestiary","Better Altar","Better Skull","Better Third Choice","BetterRewards","Block Reminder","Colored Powertips","Curses Come First","Downfall","Minty Spire (QoL Compilation)","Quick Restart","Relic Sorter","Relic Stats","Shop Mod","Spicy Shops","StSLib","SuperFastMode","ojb\u0027s Better Paths Mod","ojb\u0027s Info Mod"],"gold_per_floor":[99,113,123,139,314,331,331,431,465,482,495,523,536,563,574,671,671,596,609,629,647,660,694,694,127,127,141,176,187,206,241,253,350,350,350,665,665,685,697,726,726,726,759,770,801,651,670,704,718,718,718,748,9,9,9],"floor_reached":56,"playtime":9433,"items_purged":["Doubt","Slimebound:Defend_Slimebound","Doubt"],"score":1734,"play_id":"badd355a-163a-437e-9532-794e6b0a9a2e","local_time":"20210103204332","is_ascension_mode":true,"campfire_choices":[{"data":"Slimebound:Split","floor":1.0,"key":"SMITH"},{"data":"Slimebound:CorrosiveSpit","floor":18.0,"key":"SMITH"},{"floor":35.0,"key":"RECALL"},{"data":"Slimebound:DuplicatedForm","floor":46.0,"key":"SMITH"},{"data":"Apotheosis","floor":54.0,"key":"SMITH"}],"circlet_count":0,"master_deck":["Slimebound:Tackle","Slimebound:Defend_Slimebound","Slimebound:Defend_Slimebound","Slimebound:Split+1","Slimebound:CorrosiveSpit+1","Slimebound:RainOfGoop","Slimebound:Replication","Slimebound:LeechingTouch","Slimebound:GoopSpray","Slimebound:MegaLick","Slimebound:ServeAndProtect","Slimebound:LeechLife","Slimebound:GoopSpray","Slimebound:LeechingTouch","Slimebound:SamplingLick","Slimebound:MinionMaster","Slimebound:Gluttony","Slimebound:Teamwork","Slimebound:ViciousTackle+1","Slimebound:RainOfGoop+1","Slimebound:SplitMire+1","Slimebound:FinishingTackle+1","Slimebound:SlimeSlap+1","Slimebound:SplitSpecialist","Slimebound:TongueLash+1","Slimebound:FormOfPuddle+1","Slimebound:RejuvenatingLick","Slimebound:LeechingTouch+1","Slimebound:ViciousTackle+1","Slimebound:DuplicatedForm+1","Slimebound:MegaLick","Slimebound:Schlurp+1","Slimebound:Equalize+1","Slimebound:OozeBath","Slimebound:Schlurp+1","Slimebound:Gluttony","Slimebound:SplitSpecialist+1","Slimebound:DivideAndConquer+1","Slimebound:OneTwoCombo+1","Slimebound:WasteNot","Slimebound:LevelUp","Apotheosis+1"],"relics":["Slimebound:AbsorbEndCombatUpgraded","Mercury Hourglass","Du-Vu Doll","Dream Catcher","Molten Egg 2","expansioncontent:StudyCardRelic","downfall:HeartBlessingGreen","Lantern","Mummified Hand","Oddly Smooth Stone","Sling","Pear","Kunai","Mango","Centennial Puzzle","Singing Bowl","downfall:HeartBlessingRed","downfall:HeartBlessingBlue","Shuriken","Orichalcum","OrangePellets","HornCleat"],"acts_visited":["Exordium","TheCity","TheBeyond","TheEnding"],"potions_floor_usage":[55],"damage_taken":[{"damage":6.0,"enemies":"2 Louse","floor":2.0,"turns":1.0},{"damage":20.0,"enemies":"Jaw Worm","floor":3.0,"turns":4.0},{"damage":16.0,"enemies":"Cultist","floor":4.0,"turns":3.0},{"damage":19.0,"enemies":"Exordium Thugs","floor":6.0,"turns":3.0},{"damage":24.0,"enemies":"Lagavulin","floor":9.0,"turns":8.0},{"damage":25.0,"enemies":"Gremlin Gang","floor":10.0,"turns":3.0},{"damage":18.0,"enemies":"Red Slaver","floor":11.0,"turns":3.0},{"damage":10.0,"enemies":"3 Sentries","floor":12.0,"turns":6.0},{"damage":19.0,"enemies":"Blue Slaver","floor":13.0,"turns":3.0},{"damage":20.0,"enemies":"Gremlin Nob","floor":14.0,"turns":4.0},{"damage":27.0,"enemies":"Lots of Slimes","floor":15.0,"turns":4.0},{"damage":71.0,"enemies":"downfall:Ironclad","floor":16.0,"turns":9.0},{"damage":8.0,"enemies":"Spheric Guardian","floor":19.0,"turns":3.0},{"damage":22.0,"enemies":"Centurion and Healer","floor":20.0,"turns":6.0},{"damage":17.0,"enemies":"Cultist and Chosen","floor":21.0,"turns":6.0},{"damage":13.0,"enemies":"Shelled Parasite and Fungi","floor":22.0,"turns":3.0},{"damage":0.0,"enemies":"Slavers","floor":23.0,"turns":2.0},{"damage":14.0,"enemies":"downfall:FleeingMerchant","floor":25.0,"turns":4.0},{"damage":14.0,"enemies":"3 Cultists","floor":27.0,"turns":4.0},{"damage":19.0,"enemies":"Book of Stabbing","floor":28.0,"turns":3.0},{"damage":41.0,"enemies":"Snecko","floor":29.0,"turns":4.0},{"damage":15.0,"enemies":"Cultist and Chosen","floor":30.0,"turns":3.0},{"damage":3.0,"enemies":"Slavers","floor":31.0,"turns":2.0},{"damage":7.0,"enemies":"Shelled Parasite and Fungi","floor":32.0,"turns":2.0},{"damage":50.0,"enemies":"downfall:Watcher","floor":33.0,"turns":10.0},{"damage":26.0,"enemies":"downfall:FleeingMerchant","floor":36.0,"turns":4.0},{"damage":3.0,"enemies":"Orb Walker","floor":38.0,"turns":1.0},{"damage":16.0,"enemies":"3 Shapes","floor":39.0,"turns":3.0},{"damage":44.0,"enemies":"Nemesis","floor":40.0,"turns":5.0},{"damage":21.0,"enemies":"Reptomancer","floor":43.0,"turns":5.0},{"damage":37.0,"enemies":"Writhing Mass","floor":44.0,"turns":5.0},{"damage":35.0,"enemies":"Nemesis","floor":45.0,"turns":4.0},{"damage":39.0,"enemies":"Spire Growth","floor":47.0,"turns":4.0},{"damage":12.0,"enemies":"Reptomancer","floor":48.0,"turns":2.0},{"damage":55.0,"enemies":"Jaw Worm Horde","floor":49.0,"turns":7.0},{"damage":86.0,"enemies":"downfall:Silent","floor":50.0,"turns":9.0},{"damage":90.0,"enemies":"downfall:CharBossMerchant","floor":52.0,"turns":6.0},{"damage":100,"enemies":"downfall:NeowBoss","floor":55,"turns":23}],"seed_played":"2307844879448992662","potions_obtained":[{"floor":4.0,"key":"hexamod:EctoCoolerPotion"},{"floor":6.0,"key":"EssenceOfSteel"},{"floor":10.0,"key":"EssenceOfSteel"},{"floor":12.0,"key":"SkillPotion"},{"floor":14.0,"key":"Slimebound:SpawnSlimePotion"},{"floor":19.0,"key":"Swift Potion"},{"floor":22.0,"key":"Guardian:BlockOnCardUsePotion"},{"floor":23.0,"key":"Slimebound:SpawnSlimePotion"},{"floor":27.0,"key":"Slimebound:SlimedPotion"},{"floor":29.0,"key":"sneckomod:MuddlingPotion"},{"floor":33.0,"key":"SmokeBomb"},{"floor":42.0,"key":"Fruit Juice"},{"floor":42.0,"key":"Strength Potion"},{"floor":43.0,"key":"Fire Potion"},{"floor":44.0,"key":"Block Potion"}],"is_trial":false,"path_per_floor":["R","M","M","M","?","M","T","?","E","M","M","E","M","E","M","B",null,"R","M","M","M","M","E","T","$","?","M","E","M","M","E","M","B",null,"R","?","?","M","M","E","T","?","E","M","E","R","M","E","M","B",null,"E","$","R","B",null],"character_chosen":"SLIMEBOUND","items_purchased":["Oddly Smooth Stone","Sling","Slimebound:SplitSpecialist","OrangePellets","Slimebound:LevelUp","Apotheosis","HornCleat","SkillPotion"],"campfire_rested":0,"item_purchase_floors":[25,25,25,53,53,53,53,53],"current_hp_per_floor":[54,48,48,52,52,45,45,45,33,29,21,36,43,49,28,29,48,48,50,46,51,54,54,54,54,54,52,49,38,57,62,63,46,60,60,61,61,62,64,69,69,74,70,83,75,85,83,93,93,74,88,67,67,67,93],"gold":9,"neow_bonus":"TRANSFORM_TWO_CARDS","is_daily":false,"chose_seed":false,"campfire_upgraded":4,"win_rate":0.0,"timestamp":1609706612,"path_taken":["R","M","M","M","?","M","T","?","E","M","M","E","M","E","M","BOSS","R","M","M","M","M","E","T","?","?","?","E","M","M","E","M","BOSS","R","?","?","M","M","E","T","?","E","?","E","R","M","E","M","BOSS","E","$","R","BOSS"],"items_purchased_type":["Relic","Relic","Card","Relic","Card","Card","Relic","Potion"],"build_version":"2020-12-22","purchased_purges":3,"victory":true,"max_hp_per_floor":[54,54,54,54,54,54,54,54,54,54,54,54,54,54,54,54,54,54,54,54,54,54,54,54,54,54,54,64,64,64,64,64,64,64,64,64,64,64,64,78,78,83,83,83,83,93,93,93,93,93,93,93,93,93,93],"relic_stats":{"OrangePellets":[7],"Dream Catcher":0,"Centennial Puzzle":[24],"Singing Bowl":0,"counters":[38,174],"Mummified Hand":[93],"Shuriken":[9],"Kunai":[11],"Orichalcum":[6],"obtain_stats":[{"Lantern":23,"Pear":28,"Singing Bowl":45,"downfall:HeartBlessingRed":46,"Oddly Smooth Stone":25,"downfall:HeartBlessingGreen":18,"Mango":40,"expansioncontent:StudyCardRelic":17,"Orichalcum":52,"Sling":25,"Mercury Hourglass":7,"Du-Vu Doll":9,"OrangePellets":53,"Dream Catcher":12,"Centennial Puzzle":43,"HornCleat":53,"Mummified Hand":24,"downfall:HeartBlessingBlue":46,"Shuriken":48,"Molten Egg 2":14,"Slimebound:AbsorbEndCombat":0,"Kunai":31,"Slimebound:AbsorbEndCombatUpgraded":34},{"Lantern":17,"Pear":20,"Singing Bowl":32,"downfall:HeartBlessingRed":32,"Oddly Smooth Stone":18,"downfall:HeartBlessingGreen":12,"Mango":29,"expansioncontent:StudyCardRelic":12,"Orichalcum":37,"Sling":18,"Mercury Hourglass":4,"Du-Vu Doll":5,"OrangePellets":37,"Dream Catcher":8,"Centennial Puzzle":30,"HornCleat":37,"Mummified Hand":17,"downfall:HeartBlessingBlue":32,"Shuriken":34,"Molten Egg 2":10,"Slimebound:AbsorbEndCombat":0,"Kunai":23,"Slimebound:AbsorbEndCombatUpgraded":25},{"Lantern":68,"Pear":77,"Singing Bowl":123,"downfall:HeartBlessingRed":123,"Oddly Smooth Stone":72,"downfall:HeartBlessingGreen":49,"Mango":111,"expansioncontent:StudyCardRelic":49,"Orichalcum":151,"Sling":72,"Mercury Hourglass":11,"Du-Vu Doll":19,"OrangePellets":151,"Dream Catcher":30,"Centennial Puzzle":115,"HornCleat":151,"Mummified Hand":68,"downfall:HeartBlessingBlue":123,"Shuriken":129,"Molten Egg 2":37,"Slimebound:AbsorbEndCombat":0,"Kunai":86,"Slimebound:AbsorbEndCombatUpgraded":98}],"Mercury Hourglass":[526]},"card_choices":[{"not_picked":["Slimebound:SplitAcid","Slimebound:SplitBruiser"],"picked":"Slimebound:LeechingTouch","floor":2.0},{"not_picked":["Slimebound:LivingWall","Slimebound:RollThrough"],"picked":"Slimebound:GoopSpray","floor":3.0},{"not_picked":["Slimebound:SplitBruiser","Slimebound:Dissolve"],"picked":"Slimebound:MegaLick","floor":4.0},{"not_picked":["Slimebound:SplitAcid","Slimebound:GoopSpray"],"picked":"Slimebound:ServeAndProtect","floor":6.0},{"not_picked":["Slimebound:SplitMire","Slimebound:LeechEnergy"],"picked":"Slimebound:LeechLife","floor":9.0},{"not_picked":["Slimebound:SplitBruiser","Slimebound:RollThrough","Slimebound:Dissolve"],"picked":"SKIP","floor":10.0},{"not_picked":["Slimebound:GrowthPunch","Slimebound:Grow"],"picked":"Slimebound:GoopSpray","floor":11.0},{"not_picked":["Slimebound:ProtectTheBoss","Slimebound:BestDefense"],"picked":"Slimebound:LeechingTouch","floor":12.0},{"not_picked":["Slimebound:RollThrough","Slimebound:SplitLeeching"],"picked":"Slimebound:SamplingLick","floor":13.0},{"not_picked":["Slimebound:SlimeTap","Slimebound:FlameTackle+1"],"picked":"Slimebound:MinionMaster","floor":14.0},{"not_picked":["Slimebound:LeadByExample","Slimebound:SlimeSpikes"],"picked":"Slimebound:Gluttony","floor":15.0},{"not_picked":["Slimebound:OneTwoCombo+1","Slimebound:TagTeam+1"],"picked":"Slimebound:Teamwork","floor":16.0},{"not_picked":["Slimebound:LeechingTouch+1","Slimebound:SplitMire"],"picked":"Slimebound:ViciousTackle+1","floor":19.0},{"not_picked":["Slimebound:SplitBruiser","Slimebound:Schlurp+1"],"picked":"Slimebound:RainOfGoop+1","floor":20.0},{"not_picked":["Slimebound:ViciousTackle+1","Slimebound:HauntingLick"],"picked":"Slimebound:SplitMire+1","floor":21.0},{"not_picked":["Slimebound:Grow+1","Slimebound:Replication"],"picked":"Slimebound:FinishingTackle+1","floor":22.0},{"not_picked":["Slimebound:LeechingTouch+1","Slimebound:DisruptingSlam+1"],"picked":"Slimebound:SlimeSlap+1","floor":23.0},{"not_picked":["Slimebound:GoopTackle+1","Slimebound:Chomp+1","Slimebound:SlimeBrawl"],"picked":"SKIP","floor":25.0},{"not_picked":["Slimebound:SlimeBrawl","Slimebound:GoopSpray+1"],"picked":"Slimebound:TongueLash+1","floor":27.0},{"not_picked":["Slimebound:FinishingTackle+1","Slimebound:LeechEnergy+1"],"picked":"Slimebound:FormOfPuddle+1","floor":28.0},{"not_picked":["Slimebound:ComboTackle+1","Slimebound:LeechEnergy+1"],"picked":"Slimebound:RejuvenatingLick","floor":29.0},{"not_picked":["Slimebound:ComboTackle+1","Slimebound:SlimeSpikes+1"],"picked":"Slimebound:LeechingTouch+1","floor":30.0},{"not_picked":["Slimebound:LeechEnergy+1","Slimebound:ProtectTheBoss"],"picked":"Slimebound:LeechingTouch+1","floor":31.0},{"not_picked":["Slimebound:SelfFormingGoo","Slimebound:Schlurp"],"picked":"Slimebound:ViciousTackle+1","floor":32.0},{"not_picked":["Slimebound:OneTwoCombo+1","Slimebound:PrepareCrush"],"picked":"Slimebound:DuplicatedForm","floor":33.0},{"not_picked":["Slimebound:RollThrough+1","Slimebound:SplitBruiser"],"picked":"Slimebound:MegaLick","floor":38.0},{"not_picked":["Slimebound:GoopSpray","Slimebound:SlimeSpikes"],"picked":"Slimebound:Schlurp+1","floor":39.0},{"not_picked":["Slimebound:GrowthPunch+1","Slimebound:MegaLick"],"picked":"Slimebound:Equalize+1","floor":40.0},{"not_picked":["Slimebound:ServeAndProtect+1","Slimebound:ComboTackle+1"],"picked":"Slimebound:OozeBath","floor":43.0},{"not_picked":["Slimebound:ComboTackle+1","Slimebound:RollThrough+1"],"picked":"Slimebound:Schlurp+1","floor":44.0},{"not_picked":["Slimebound:Grow+1","Slimebound:SplitAcid+1"],"picked":"Slimebound:Gluttony","floor":45.0},{"not_picked":["Slimebound:GrowthPunch+1","Slimebound:ViciousTackle+1"],"picked":"Slimebound:SplitSpecialist+1","floor":47.0},{"not_picked":["Slimebound:SplitLeeching+1","Slimebound:RollThrough+1"],"picked":"Slimebound:DivideAndConquer+1","floor":48.0},{"not_picked":["Slimebound:SplitAcid+1","Slimebound:SplitMire"],"picked":"Slimebound:OneTwoCombo+1","floor":49.0},{"not_picked":["Slimebound:SlimeBarrage+1","Slimebound:ComboTackle+1"],"picked":"Slimebound:WasteNot","floor":52.0}],"player_experience":1443937,"relics_obtained":[{"floor":7.0,"key":"Mercury Hourglass"},{"floor":9.0,"key":"Du-Vu Doll"},{"floor":12.0,"key":"Dream Catcher"},{"floor":14.0,"key":"Molten Egg 2"},{"floor":23.0,"key":"Lantern"},{"floor":24.0,"key":"Mummified Hand"},{"floor":28.0,"key":"Pear"},{"floor":31.0,"key":"Kunai"},{"floor":40.0,"key":"Mango"},{"floor":43.0,"key":"Centennial Puzzle"},{"floor":45.0,"key":"Singing Bowl"},{"floor":48.0,"key":"Shuriken"},{"floor":52.0,"key":"Orichalcum"}],"event_choices":[{"damage_healed":0.0,"max_hp_gain":0.0,"max_hp_loss":0.0,"gold_gain":100.0,"event_name":"Wheel of Change","player_choice":"Gold","floor":8.0,"gold_loss":0.0,"damage_taken":0.0},{"cards_removed":["Slimebound:Defend_Slimebound"],"damage_healed":0.0,"max_hp_gain":0.0,"max_hp_loss":0.0,"gold_gain":0.0,"event_name":"Purifier","player_choice":"Purged","floor":26.0,"gold_loss":0.0,"damage_taken":0.0},{"cards_removed":["Slimebound:Strike_Slimebound"],"damage_healed":0.0,"max_hp_gain":0.0,"max_hp_loss":0.0,"gold_gain":0.0,"event_name":"Purifier","player_choice":"Purged","floor":36.0,"gold_loss":0.0,"damage_taken":0.0},{"cards_removed":["Slimebound:LeechingTouch"],"damage_healed":0.0,"max_hp_gain":0.0,"max_hp_loss":0.0,"gold_gain":0.0,"event_name":"Falling","player_choice":"Removed Attack","floor":37.0,"gold_loss":0.0,"damage_taken":0.0},{"damage_healed":0.0,"max_hp_gain":0.0,"max_hp_loss":0.0,"gold_gain":0.0,"event_name":"Lab","player_choice":"Got Potions","floor":42.0,"gold_loss":0.0,"damage_taken":0.0}],"is_beta":false,"boss_relics":[{"not_picked":["SacredBark","Velvet Choker"],"picked":"expansioncontent:StudyCardRelic"},{"not_picked":["Empty Cage","Pandora\u0027s Box"],"picked":"Slimebound:AbsorbEndCombatUpgraded"}],"items_purged_floors":[25,25,53],"is_endless":false,"potions_floor_spawned":[4,6,10,12,14,19,22,23,27,29,33,43,44,45,48],"ascension_level":5}}