{"host":"utqe55yv0jihe4d6","time":1609645821,"event":{"mods":["2.2 Compatiblity","AchievementEnabler","BaseMod","Block Reminder","Colored Map","Colored Powertips","Minty Spire (QoL Compilation)","Quick Restart","Rare Cards Sparkle","Relic Stats","SuperFastMode"],"gold_per_floor":[117,117,117,136,136,136,32,32,57,91,106,130,130,171,171,264,264,285,285,308,321,61,94,94,108,156,156,20,56,97,47,47,47,47],"floor_reached":33,"playtime":958,"items_purged":["Strike_R","Pain","Strike_R","Strike_R"],"score":732,"play_id":"a7276a0f-467e-4a32-aa0d-9d954184eb6f","local_time":"20210102225021","is_ascension_mode":true,"campfire_choices":[{"data":"Bash","floor":6.0,"key":"SMITH"},{"data":"Whirlwind","floor":13.0,"key":"SMITH"},{"data":"True Grit","floor":15.0,"key":"SMITH"},{"floor":24,"key":"REST"},{"floor":27,"key":"REST"},{"data":"Demon Form","floor":32,"key":"SMITH"}],"circlet_count":0,"master_deck":["AscendersBane","Strike_R+1","Defend_R+1","Defend_R","Defend_R","Defend_R","Bash+1","Perfected Strike+1","True Grit+1","Whirlwind+1","Uppercut","Thunderclap","Demon Form+1","Fire Breathing","Evolve+1","Inflame","Spot Weakness","Feel No Pain","Juggernaut","Spot Weakness"],"relics":["Snecko Eye","Golden Idol","Strawberry","Lantern","Paper Frog","Mark of Pain","WarpedTongs","Toy Ornithopter","Smiling Mask","Happy Flower","InkBottle","Red Mask"],"acts_visited":["Exordium","TheCity"],"potions_floor_usage":[23,25,29],"damage_taken":[{"damage":1.0,"enemies":"2 Louse","floor":1.0,"turns":3.0},{"damage":2.0,"enemies":"Jaw Worm","floor":4.0,"turns":2.0},{"damage":0.0,"enemies":"Gremlin Nob","floor":10.0,"turns":2.0},{"damage":7.0,"enemies":"Small Slimes","floor":11.0,"turns":2.0},{"damage":1.0,"enemies":"Looter","floor":12.0,"turns":3.0},{"damage":0.0,"enemies":"3 Sentries","floor":14.0,"turns":1.0},{"damage":15.0,"enemies":"Hexaghost","floor":16.0,"turns":7.0},{"damage":11,"enemies":"Shell Parasite","floor":18,"turns":4},{"damage":23,"enemies":"Spheric Guardian","floor":20,"turns":4},{"damage":18,"enemies":"Centurion and Healer","floor":21,"turns":4},{"damage":41,"enemies":"Slavers","floor":23,"turns":4},{"damage":30,"enemies":"Snake Plant","floor":25,"turns":4},{"damage":0,"enemies":"Gremlin Leader","floor":29,"turns":3},{"damage":0,"enemies":"Masked Bandits","floor":30,"turns":2},{"damage":67,"enemies":"Collector","floor":33,"turns":5}],"seed_played":"-5776172438372626299","potions_obtained":[{"floor":4.0,"key":"Fire Potion"},{"floor":10.0,"key":"SteroidPotion"},{"floor":14.0,"key":"FairyPotion"},{"floor":16.0,"key":"ColorlessPotion"},{"floor":21,"key":"LiquidBronze"},{"floor":23,"key":"Fire Potion"},{"floor":25,"key":"Swift Potion"},{"floor":30,"key":"FairyPotion"}],"is_trial":false,"path_per_floor":["M","?","?","M","?","R","$","?","T","E","M","M","R","E","R","B",null,"M","?","M","M","$","E","R","M","T","R","$","E","?","$","R","B"],"character_chosen":"IRONCLAD","items_purchased":["True Grit","Toy Ornithopter","Feel No Pain"],"campfire_rested":2,"item_purchase_floors":[7,22,28],"current_hp_per_floor":[67,44,44,42,42,42,42,35,42,42,35,34,34,34,34,19,61,50,50,27,9,9,4,26,1,1,23,23,28,28,28,28,0,0],"gold":47,"neow_bonus":"BOSS_RELIC","is_daily":false,"chose_seed":false,"campfire_upgraded":4,"win_rate":0.0,"timestamp":1609645821,"path_taken":["M","?","?","M","?","R","$","?","T","E","M","M","R","E","R","BOSS","M","?","M","M","$","E","R","?","T","R","$","E","?","$","R","BOSS"],"items_purchased_type":["Card","Relic","Card"],"build_version":"2020-12-22","purchased_purges":4,"victory":false,"max_hp_per_floor":[75,75,75,75,68,68,68,68,75,75,75,75,75,75,75,75,75,75,75,75,75,75,75,75,75,75,75,75,75,75,75,75,75,75],"relic_stats":{"Happy Flower":[3],"counters":[15,50],"Golden Idol":79,"Snecko Eye":[66,90,74,68],"Smiling Mask":175,"obtain_stats":[{"Lantern":10,"Happy Flower":26,"Golden Idol":5,"Smiling Mask":23,"Burning Blood":0,"WarpedTongs":19,"Strawberry":9,"Snecko Eye":0,"Mark of Pain":17,"Red Mask":30,"Toy Ornithopter":22,"InkBottle":29,"Paper Frog":14},{"Lantern":3,"Happy Flower":12,"Golden Idol":2,"Smiling Mask":11,"Burning Blood":0,"WarpedTongs":8,"Strawberry":2,"Snecko Eye":0,"Mark of Pain":7,"Red Mask":14,"Toy Ornithopter":10,"InkBottle":13,"Paper Frog":6},{"Lantern":7,"Happy Flower":40,"Golden Idol":5,"Smiling Mask":36,"Burning Blood":0,"WarpedTongs":24,"Strawberry":5,"Snecko Eye":0,"Mark of Pain":20,"Red Mask":45,"Toy Ornithopter":32,"InkBottle":43,"Paper Frog":13}],"Toy Ornithopter":15,"InkBottle":[2],"WarpedTongs":[26]},"card_choices":[{"not_picked":["Warcry","Hemokinesis"],"picked":"Perfected Strike","floor":1.0},{"not_picked":["Hemokinesis","True Grit","Heavy Blade"],"picked":"SKIP","floor":4.0},{"not_picked":["Flex","Brutality","Wild Strike"],"picked":"SKIP","floor":10.0},{"not_picked":["Dark Embrace","Clash"],"picked":"Whirlwind","floor":11.0},{"not_picked":["Fire Breathing","Dark Embrace"],"picked":"Uppercut","floor":12.0},{"not_picked":["Clash","Body Slam"],"picked":"Thunderclap","floor":14.0},{"not_picked":["Barricade","Immolate"],"picked":"Demon Form","floor":16.0},{"not_picked":["Thunderclap","Havoc"],"picked":"Fire Breathing","floor":18},{"not_picked":["Battle Trance","Intimidate"],"picked":"Evolve+1","floor":20},{"not_picked":["Flex","True Grit"],"picked":"Inflame","floor":21},{"not_picked":["Wild Strike","Pommel Strike","Body Slam+1"],"picked":"SKIP","floor":23},{"not_picked":["Rage","Anger"],"picked":"Spot Weakness","floor":25},{"not_picked":["Disarm","Clothesline"],"picked":"Juggernaut","floor":29},{"not_picked":["Sword Boomerang+1","Clash"],"picked":"Spot Weakness","floor":30}],"player_experience":2921719,"relics_obtained":[{"floor":9.0,"key":"Strawberry"},{"floor":10.0,"key":"Lantern"},{"floor":14.0,"key":"Paper Frog"},{"floor":23,"key":"Smiling Mask"},{"floor":26,"key":"Happy Flower"},{"floor":29,"key":"InkBottle"},{"floor":30,"key":"Red Mask"}],"event_choices":[{"damage_healed":0.0,"max_hp_gain":0.0,"max_hp_loss":0.0,"gold_gain":0.0,"event_name":"Shining Light","player_choice":"Entered Light","floor":2.0,"gold_loss":0.0,"damage_taken":23.0,"cards_upgraded":["Strike_R","Defend_R"]},{"damage_healed":0.0,"max_hp_gain":0.0,"max_hp_loss":0.0,"gold_gain":0.0,"event_name":"Living Wall","player_choice":"Grow","floor":3.0,"gold_loss":0.0,"damage_taken":0.0,"cards_upgraded":["Perfected Strike"]},{"damage_healed":0.0,"max_hp_gain":0.0,"max_hp_loss":7.0,"gold_gain":0.0,"event_name":"Golden Idol","player_choice":"Lose Max HP","floor":5.0,"gold_loss":0.0,"damage_taken":0.0,"relics_obtained":["Golden Idol"]},{"cards_removed":["Strike_R"],"damage_healed":0.0,"max_hp_gain":0.0,"max_hp_loss":0.0,"gold_gain":0.0,"event_name":"Golden Wing","player_choice":"Card Removal","floor":8.0,"gold_loss":0.0,"damage_taken":7.0},{"damage_healed":0,"gold_gain":0,"player_choice":"Rummage","damage_taken":0,"relics_obtained":["WarpedTongs"],"max_hp_gain":0,"max_hp_loss":0,"event_name":"Accursed Blacksmith","floor":19,"gold_loss":0,"cards_obtained":["Pain"]},{"damage_healed":0,"gold_gain":0,"player_choice":"Fought Bandits","damage_taken":0,"max_hp_gain":0,"max_hp_loss":0,"event_name":"Masked Bandits","floor":30,"gold_loss":0}],"is_beta":false,"boss_relics":[{"not_picked":["Busted Crown","Calling Bell"],"picked":"Mark of Pain"}],"items_purged_floors":[7,22,28,31],"is_endless":false,"potions_floor_spawned":[4,10,14,16,21,23,25,30],"killed_by":"Collector","ascension_level":20}}