{"host":"cdnletu4ypo40ld3","time":1609664795,"event":{"mods":["BaseMod","Colored Map","Downfall","Googly Eyes","Hermit","Highlight Path","Infinite Spire","Marisa????????","Minty Spire (QoL Compilation)","Rare Cards Sparkle","Replay The Spire","StSLib","The Animator","The Cursed","The Disciple","The Runesmith","The Servant 0.9.4"],"gold_per_floor":[116,116,131,131,141,141,141],"floor_reached":6,"playtime":364,"items_purged":[],"score":36,"play_id":"57fe40da-1942-4e90-8736-772a9981efef","local_time":"20210103160635","is_ascension_mode":false,"campfire_choices":[],"circlet_count":0,"master_deck":["Strike_Br","Strike_Br","Strike_Br","Strike_Br","Defend_Br","Defend_Br","Defend_Br","SecondHand","PatternShift","LockedBlood","BlueShift","ShortSighted","HandsUpB"],"relics":["Chronometer","NeowsBlessing"],"acts_visited":["Exordium"],"potions_floor_usage":[],"damage_taken":[{"damage":0,"enemies":"Jaw Worm","floor":1,"turns":1},{"damage":0,"enemies":"Small Slimes","floor":3,"turns":1},{"damage":0,"enemies":"Cultist","floor":5,"turns":1},{"damage":92,"enemies":"Lagavulin","floor":6,"turns":13}],"seed_played":"3910668957565946766","potions_obtained":[{"floor":1,"key":"Languid Potion"}],"is_trial":false,"path_per_floor":["M","?","M","?","M","E"],"character_chosen":"CHRONO_CLASS","items_purchased":[],"campfire_rested":0,"item_purchase_floors":[],"current_hp_per_floor":[65,70,70,70,70,0,0],"gold":141,"neow_bonus":"THREE_ENEMY_KILL","is_daily":false,"chose_seed":false,"campfire_upgraded":0,"win_rate":0.0,"timestamp":1609664795,"path_taken":["M","?","M","?","?","E"],"items_purchased_type":[],"build_version":"2020-12-22","purchased_purges":0,"victory":false,"max_hp_per_floor":[65,70,70,70,70,70,70],"card_choices":[{"not_picked":["LockedAnchor","BlueShift"],"picked":"LockedBlood","floor":1},{"not_picked":["WatchCommand","HandsUpC"],"picked":"BlueShift","floor":3},{"not_picked":["Goo","LockedTornado"],"picked":"HandsUpB","floor":5}],"player_experience":177363,"relics_obtained":[],"event_choices":[{"damage_healed":0,"gold_gain":0,"player_choice":"Donut","damage_taken":0,"max_hp_gain":5,"max_hp_loss":0,"event_name":"Big Fish","floor":2,"gold_loss":0},{"damage_healed":0,"gold_gain":0,"cards_transformed":["Defend_Br"],"player_choice":"Transformed","damage_taken":0,"max_hp_gain":0,"max_hp_loss":0,"event_name":"Transmorgrifier","floor":4,"gold_loss":0,"cards_obtained":["ShortSighted"]}],"is_beta":false,"boss_relics":[],"items_purged_floors":[],"is_endless":false,"potions_floor_spawned":[1],"killed_by":"Lagavulin","ascension_level":0}}