{"host":"novohdx135h0xyrr","time":1609692321,"event":{"mods":["BaseMod","Colored Map","Colored Powertips","Highlight Path","Minty Spire (QoL Compilation)"],"gold_per_floor":[114,126,137,137,151,179,179,213,289,306,306,326,354,366,366,471,471,488,413,413,431,443,472,482,482,482,509,525,544,544,91,91,91,91],"floor_reached":33,"playtime":1826,"items_purged":["Defend_R","Defend_R"],"score":403,"play_id":"f4c37edc-772f-46ff-8c2e-d37e47fcfcf5","local_time":"20210103084521","is_ascension_mode":true,"campfire_choices":[{"data":"Perfected Strike","floor":7,"key":"SMITH"},{"data":"Bash","floor":11,"key":"SMITH"},{"floor":15,"key":"REST"},{"data":"Wild Strike","floor":25,"key":"SMITH"},{"floor":30,"key":"REST"},{"floor":32,"key":"REST"}],"circlet_count":0,"master_deck":["Strike_R","Strike_R","Strike_R","Strike_R","Strike_R","Defend_R","Defend_R","Bash+1","Heavy Blade","Iron Wave","Perfected Strike+1","Perfected Strike+1","Wild Strike+1","Shrug It Off","Twin Strike+1","Pommel Strike","Iron Wave+1","Perfected Strike"],"relics":["Burning Blood","Blood Vial","Mango","Paper Frog","Oddly Smooth Stone","Velvet Choker","Calipers","Sundial","InkBottle","StrikeDummy"],"acts_visited":["Exordium","TheCity"],"potions_floor_usage":[6,6,8,8,13,16,23,27,29,33],"damage_taken":[{"damage":6,"enemies":"Cultist","floor":1,"turns":4},{"damage":5,"enemies":"Small Slimes","floor":2,"turns":3},{"damage":9,"enemies":"Jaw Worm","floor":3,"turns":4},{"damage":11,"enemies":"3 Louse","floor":5,"turns":3},{"damage":16,"enemies":"Gremlin Nob","floor":6,"turns":3},{"damage":20,"enemies":"3 Sentries","floor":8,"turns":5},{"damage":21,"enemies":"Lots of Slimes","floor":10,"turns":5},{"damage":7,"enemies":"Looter","floor":12,"turns":3},{"damage":34,"enemies":"Lagavulin","floor":13,"turns":4},{"damage":0,"enemies":"Exordium Wildlife","floor":14,"turns":2},{"damage":40,"enemies":"Hexaghost","floor":16,"turns":9},{"damage":0,"enemies":"Chosen","floor":18,"turns":3},{"damage":0,"enemies":"Spheric Guardian","floor":21,"turns":1},{"damage":18,"enemies":"Snecko","floor":22,"turns":3},{"damage":19,"enemies":"Book of Stabbing","floor":23,"turns":4},{"damage":38,"enemies":"Centurion and Healer","floor":24,"turns":5},{"damage":0,"enemies":"Gremlin Leader","floor":27,"turns":3},{"damage":12,"enemies":"Snake Plant","floor":28,"turns":3},{"damage":40,"enemies":"Shelled Parasite and Fungi","floor":29,"turns":4},{"damage":94,"enemies":"Automaton","floor":33,"turns":6}],"seed_played":"-5834407320025032616","potions_obtained":[{"floor":0,"key":"Energy Potion"},{"floor":0,"key":"DuplicationPotion"},{"floor":0,"key":"ElixirPotion"},{"floor":1,"key":"SteroidPotion"},{"floor":6,"key":"SkillPotion"},{"floor":8,"key":"LiquidMemories"},{"floor":13,"key":"Explosive Potion"},{"floor":14,"key":"Block Potion"},{"floor":22,"key":"Weak Potion"},{"floor":24,"key":"ElixirPotion"},{"floor":27,"key":"Fire Potion"}],"is_trial":false,"path_per_floor":["M","M","M","?","M","E","R","E","T","M","R","M","E","M","R","B",null,"M","$","?","M","M","E","M","R","T","E","M","M","R","$","R","B"],"character_chosen":"IRONCLAD","items_purchased":["Perfected Strike","StrikeDummy","Fire Potion"],"campfire_rested":3,"item_purchase_floors":[31,31,31],"current_hp_per_floor":[80,80,77,77,72,62,62,64,64,51,51,52,26,34,62,30,94,94,94,94,94,82,71,41,41,41,49,45,13,41,41,69,0,0],"gold":91,"neow_bonus":"THREE_SMALL_POTIONS","is_daily":false,"chose_seed":false,"campfire_upgraded":3,"win_rate":0.0,"timestamp":1609692321,"path_taken":["M","M","?","?","M","E","R","E","T","M","R","M","E","?","R","BOSS","M","$","?","M","M","E","M","R","T","E","?","M","R","$","R","BOSS"],"items_purchased_type":["Card","Relic","Potion"],"build_version":"2020-12-22","purchased_purges":2,"victory":false,"max_hp_per_floor":[80,80,80,80,80,80,80,94,94,94,94,94,94,94,94,94,94,94,94,94,94,94,94,94,94,94,94,94,94,94,94,94,94,94],"card_choices":[{"not_picked":["Anger","Shockwave"],"picked":"Heavy Blade","floor":1},{"not_picked":["Armaments","Hemokinesis"],"picked":"Iron Wave","floor":2},{"not_picked":["Sentinel","Cleave"],"picked":"Perfected Strike","floor":3},{"not_picked":["Cleave","Armaments"],"picked":"Perfected Strike","floor":5},{"not_picked":["Inflame","Armaments","Thunderclap"],"picked":"SKIP","floor":6},{"not_picked":["Inflame","Intimidate","Infernal Blade"],"picked":"SKIP","floor":8},{"not_picked":["Warcry","Battle Trance","Juggernaut"],"picked":"SKIP","floor":10},{"not_picked":["True Grit","Thunderclap","Searing Blow"],"picked":"SKIP","floor":12},{"not_picked":["Feel No Pain","Power Through"],"picked":"Wild Strike","floor":13},{"not_picked":["Pummel","Second Wind","Clash"],"picked":"SKIP","floor":14},{"not_picked":["Inflame","Sword Boomerang","Heavy Blade"],"picked":"SKIP","floor":18},{"not_picked":["Warcry","Cleave+1","Clothesline"],"picked":"SKIP","floor":21},{"not_picked":["Sword Boomerang","Iron Wave","Havoc"],"picked":"SKIP","floor":22},{"not_picked":["Exhume","Iron Wave"],"picked":"Shrug It Off","floor":23},{"not_picked":["Searing Blow","Clothesline"],"picked":"Twin Strike+1","floor":24},{"not_picked":["Barricade","Anger+1","Dropkick"],"picked":"SKIP","floor":27},{"not_picked":["Power Through","Heavy Blade"],"picked":"Pommel Strike","floor":28},{"not_picked":["Dual Wield","Body Slam"],"picked":"Iron Wave+1","floor":29}],"player_experience":188791,"relics_obtained":[{"floor":6,"key":"Blood Vial"},{"floor":8,"key":"Mango"},{"floor":9,"key":"Paper Frog"},{"floor":13,"key":"Oddly Smooth Stone"},{"floor":23,"key":"Calipers"},{"floor":26,"key":"Sundial"},{"floor":27,"key":"InkBottle"}],"event_choices":[{"damage_healed":0,"gold_gain":0,"player_choice":"Upgraded","damage_taken":0,"max_hp_gain":0,"max_hp_loss":0,"event_name":"Upgrade Shrine","floor":4,"gold_loss":0,"cards_upgraded":["Perfected Strike"]},{"damage_healed":0,"gold_gain":0,"player_choice":"Ignored","damage_taken":0,"max_hp_gain":0,"max_hp_loss":0,"event_name":"Transmorgrifier","floor":20,"gold_loss":0}],"is_beta":false,"boss_relics":[{"not_picked":["Coffee Dripper","Mark of Pain"],"picked":"Velvet Choker"}],"items_purged_floors":[19,31],"is_endless":false,"potions_floor_spawned":[1,6,8,13,14,22,24,27],"killed_by":"Automaton","ascension_level":4}}