{"host":"p9t7qd83igtcp2bh","time":1609706905,"event":{"mods":["2.2 Compatiblity","AchievementEnabler","BaseMod","Colored Map","Colored Powertips","Custom Start","DeckTracker","Keyboard Shortcuts","Minty Spire (QoL Compilation)","Permanent Neow","StSLib","SuperFastMode","everything is the same but u backflip on backflip"],"gold_per_floor":[12,29,44,55,71,71,146,163,188,188,113,113,113,129,129,202,202,221,50,50,0,0,0,15,26,26,26,26],"floor_reached":27,"playtime":757,"items_purged":["Parasite","Strike_G"],"score":534,"play_id":"a20da687-633a-4ecb-beec-8f99ce59a569","local_time":"20210104054825","is_ascension_mode":true,"campfire_choices":[{"data":"Noxious Fumes","floor":6.0,"key":"SMITH"},{"data":"Calculated Gamble","floor":12.0,"key":"SMITH"},{"data":"Leg Sweep","floor":15.0,"key":"SMITH"},{"data":"Acrobatics","floor":23,"key":"SMITH"}],"circlet_count":0,"master_deck":["AscendersBane","Strike_G","Strike_G","Defend_G","Defend_G+1","Defend_G+1","Survivor","Neutralize","Noxious Fumes+1","Leg Sweep+1","Calculated Gamble+1","Acrobatics+1","Grand Finale","Escape Plan","Tactician","Well Laid Plans","Blur","Pain"],"relics":["Ring of the Snake","Art of War","War Paint","Cursed Key"],"acts_visited":["TheCity"],"potions_floor_usage":[],"damage_taken":[{"damage":2.0,"enemies":"2 Louse","floor":1.0,"turns":4.0},{"damage":4.0,"enemies":"Jaw Worm","floor":2.0,"turns":5.0},{"damage":1.0,"enemies":"Cultist","floor":3.0,"turns":5.0},{"damage":6.0,"enemies":"Exordium Wildlife","floor":4.0,"turns":5.0},{"damage":19.0,"enemies":"Lots of Slimes","floor":5.0,"turns":4.0},{"damage":8.0,"enemies":"Gremlin Gang","floor":8.0,"turns":5.0},{"damage":2.0,"enemies":"Looter","floor":14.0,"turns":4.0},{"damage":17.0,"enemies":"The Guardian","floor":16.0,"turns":14.0},{"damage":0.0,"enemies":"Shell Parasite","floor":18.0,"turns":9.0},{"damage":0.0,"enemies":"2 Thieves","floor":21.0,"turns":4.0},{"damage":0,"enemies":"Cultist and Chosen","floor":24,"turns":3},{"damage":11,"enemies":"Chosen and Byrds","floor":25,"turns":7},{"damage":21,"enemies":"Centurion and Healer","floor":27,"turns":5}],"seed_played":"4186280916210984248","potions_obtained":[{"floor":1.0,"key":"CunningPotion"},{"floor":2.0,"key":"Energy Potion"},{"floor":5.0,"key":"Dexterity Potion"},{"floor":18.0,"key":"Fruit Juice"}],"is_trial":false,"path_per_floor":["M","M","M","M","M","R","?","M","T","?","$","R","?","M","R","B",null,"M","$","?","M","?","R","M","M","T","M"],"character_chosen":"THE_SILENT","items_purchased":["Tactician"],"campfire_rested":0,"item_purchase_floors":[19],"current_hp_per_floor":[57,53,52,46,27,27,16,8,8,24,24,24,24,22,22,5,49,49,49,49,49,49,49,49,38,38,17,17],"gold":26,"neow_bonus":"REMOVE_TWO","is_daily":false,"chose_seed":false,"campfire_upgraded":4,"win_rate":0.0,"timestamp":1609706905,"path_taken":["M","M","M","M","M","R","?","M","T","?","?","R","?","M","R","BOSS","M","$","?","M","?","R","?","M","T","M"],"items_purchased_type":["Card"],"build_version":"2020-12-22","purchased_purges":2,"victory":false,"max_hp_per_floor":[66,66,66,66,66,66,66,66,66,66,63,63,63,63,63,63,63,63,63,63,63,63,63,63,63,63,63,63],"card_choices":[{"not_picked":["Leg Sweep","Blur"],"picked":"Noxious Fumes","floor":1.0},{"not_picked":["Deadly Poison","Poisoned Stab"],"picked":"Leg Sweep","floor":2.0},{"not_picked":["Distraction","Cloak And Dagger","Backflip"],"picked":"SKIP","floor":3.0},{"not_picked":["Dagger Spray","Riddle With Holes"],"picked":"Calculated Gamble","floor":4.0},{"not_picked":["Unload","Crippling Poison","Dodge and Roll"],"picked":"SKIP","floor":5.0},{"not_picked":["Dagger Spray","Outmaneuver","Deflect"],"picked":"SKIP","floor":8.0},{"not_picked":["Dagger Spray","Outmaneuver"],"picked":"Acrobatics","floor":14.0},{"not_picked":["Unload","Doppelganger"],"picked":"Grand Finale","floor":16.0},{"not_picked":["Dagger Throw","Terror"],"picked":"Escape Plan","floor":18.0},{"not_picked":["Escape Plan","Blade Dance"],"picked":"Well Laid Plans","floor":21.0},{"not_picked":["Heel Hook","Quick Slash"],"picked":"Blur","floor":24},{"not_picked":["Heel Hook","Backflip","Distraction"],"picked":"SKIP","floor":25}],"player_experience":592023,"relics_obtained":[{"floor":9.0,"key":"Art of War"}],"event_choices":[{"damage_healed":0.0,"max_hp_gain":0.0,"max_hp_loss":0.0,"gold_gain":75.0,"event_name":"World of Goop","player_choice":"Gather Gold","floor":7.0,"gold_loss":0.0,"damage_taken":11.0},{"damage_healed":16.0,"max_hp_gain":0.0,"max_hp_loss":0.0,"gold_gain":0.0,"event_name":"Mushrooms","player_choice":"Healed and dodged fight","floor":10.0,"gold_loss":0.0,"damage_taken":0.0,"cards_obtained":["Parasite"]},{"damage_healed":0.0,"max_hp_gain":0.0,"max_hp_loss":0.0,"gold_gain":0.0,"event_name":"WeMeetAgain","player_choice":"Gave Potion","floor":13.0,"gold_loss":0.0,"damage_taken":0.0,"relics_obtained":["War Paint"]},{"damage_healed":0.0,"max_hp_gain":0.0,"max_hp_loss":0.0,"gold_gain":0.0,"event_name":"Ghosts","player_choice":"Ignored","floor":20.0,"gold_loss":0.0,"damage_taken":0.0},{"damage_healed":0,"gold_gain":0,"player_choice":"0 cards matched","damage_taken":0,"max_hp_gain":0,"max_hp_loss":0,"event_name":"Match and Keep!","floor":22,"gold_loss":0,"cards_obtained":[]}],"is_beta":false,"boss_relics":[{"not_picked":["Fusion Hammer","Tiny House"],"picked":"Cursed Key"}],"items_purged_floors":[11,19],"is_endless":false,"potions_floor_spawned":[1,2,4,5,18],"killed_by":"Centurion and Healer","ascension_level":15}}