{"host":"zjc1tzo4ovig5lll","time":1609675846,"event":{"mods":["AchievementEnabler","Aspiration","BaseMod","Beaked The Cultist","Better Altar","Better Match","Better Note","Better Sensory Stone","Colored Map","Colored Powertips","Conspire","Energized Spire","Friendly Minions","GifTheSpireLib","Halation","Hermit","Hubris","Minty Spire (QoL Compilation)","Rare Cards Sparkle","Replay The Spire","StSLib","The Blue Laboratory","The Bug Knight","The Construct","The Jungle","everything is the same but u backflip on backflip","vexMod"],"gold_per_floor":[110,126,140,215,225,258,184,194,194,211,129,104,117,148,148,245,245,259,184,184,201,201,201,220,220,245,245,257,288,288,303,303,406,406,422,472,472,66,83,95,120,47,97,19,19,19],"floor_reached":45,"playtime":2526,"items_purged":["ReplayTheSpireMod:Shiv Toss"],"score":655,"play_id":"a1afe98f-6a63-4f14-9269-91f13b1869cd","local_time":"20210103141046","is_ascension_mode":true,"campfire_choices":[{"data":"Armaments","floor":15.0,"key":"SMITH"},{"data":"Shockwave","floor":23.0,"key":"SMITH"},{"data":"Feel No Pain","floor":25.0,"key":"SMITH"},{"data":"Sucker Punch","floor":27.0,"key":"SMITH"},{"floor":32.0,"key":"RECALL"}],"circlet_count":0,"master_deck":["Strike_R","Strike_R","Strike_R","Strike_R","Perfected Strike","Spot Weakness","Pommel Strike","Shrug It Off","ReplayTheSpireMod:LeadingStrike","Clothesline","Battle Trance","Armaments+1","Demon Form","Iron Wave+1","Feel No Pain+1","theJungle:Gourd","theJungle:Gourd","theJungle:Gourd","theJungle:Gourd","theJungle:Gourd","Shockwave+1","Slice","Sucker Punch+1","Feel No Pain+1","Evolve","Perfected Strike","Juggernaut","conspire:Banana","The Bomb","Apotheosis","Infernal Blade+1","Inflame","Metallicize"],"relics":["Burning Blood","Letter Opener","Pet Ghost","TungstenRod","energizedSpire:DeadBattery","Replay:Baseball","vexMod:TanglingVine","hubris:Zylophone","Bronze Scales","Potion Belt","Strawberry"],"acts_visited":["Exordium","Exordium","TheBeyond"],"potions_floor_usage":[],"damage_taken":[{"damage":6.0,"enemies":"Cultist","floor":1.0,"turns":3.0},{"damage":7.0,"enemies":"Jaw Worm","floor":2.0,"turns":3.0},{"damage":0.0,"enemies":"Small Slimes","floor":3.0,"turns":2.0},{"damage":5.0,"enemies":"2 Fungi Beasts","floor":5.0,"turns":4.0},{"damage":28.0,"enemies":"Gremlin Nob","floor":6.0,"turns":4.0},{"damage":4.0,"enemies":"Looter","floor":8.0,"turns":4.0},{"damage":4.0,"enemies":"Blue Slaver","floor":10.0,"turns":4.0},{"damage":12.0,"enemies":"Exordium Wildlife","floor":13.0,"turns":3.0},{"damage":30.0,"enemies":"3 Sentries","floor":14.0,"turns":8.0},{"damage":21.0,"enemies":"Fading Forest","floor":16.0,"turns":11.0},{"damage":0.0,"enemies":"theJungle:GiantWrat","floor":18.0,"turns":5.0},{"damage":3.0,"enemies":"Shell Parasite","floor":21.0,"turns":8.0},{"damage":16.0,"enemies":"theJungle:Lyon","floor":24.0,"turns":7.0},{"damage":0.0,"enemies":"theJungle:SlimyTreeVines","floor":28.0,"turns":9.0},{"damage":24.0,"enemies":"theJungle:MamaSnecko","floor":29.0,"turns":9.0},{"damage":15.0,"enemies":"theJungle:2_Snecko_Cultists","floor":31.0,"turns":5.0},{"damage":0.0,"enemies":"theJungle:QueenSpyder","floor":33.0,"turns":13.0},{"damage":0.0,"enemies":"3 Shapes","floor":35.0,"turns":4.0},{"damage":36.0,"enemies":"Mind Bloom Boss Battle","floor":36.0,"turns":6.0},{"damage":25.0,"enemies":"3 Darklings","floor":39.0,"turns":4.0},{"damage":25,"enemies":"Writhing Mass","floor":40,"turns":6},{"damage":0,"enemies":"HollowMod:StalkingDevout","floor":41,"turns":5},{"damage":42,"enemies":"Spire Growth","floor":45,"turns":4}],"seed_played":"-1197500963025603133","potions_obtained":[{"floor":10.0,"key":"Explosive Potion"},{"floor":13.0,"key":"Fire Potion"},{"floor":33.0,"key":"Block Potion"},{"floor":41,"key":"AttackPotion"}],"is_trial":false,"path_per_floor":["M","M","M","?","M","E","$","M","T","M","$","?","M","E","R","B",null,"M","?","?","M","?","R","M","R","T","R","M","E","?","M","R","B",null,"M","?","?","$","M","M","E","$","T","$","M"],"character_chosen":"IRONCLAD","items_purchased":["ReplayTheSpireMod:LeadingStrike","Battle Trance","Apotheosis","Bronze Scales","Inflame","Metallicize"],"campfire_rested":0,"item_purchase_floors":[7,11,38,38,42,44],"current_hp_per_floor":[88,87,88,80,81,59,59,61,61,63,63,63,57,33,33,34,88,88,88,88,88,88,88,78,78,78,78,88,70,70,61,61,67,88,88,58,58,58,40,22,30,30,37,37,0,0],"gold":19,"neow_bonus":"TEN_PERCENT_HP_BONUS","is_daily":false,"chose_seed":false,"campfire_upgraded":4,"win_rate":0.0,"timestamp":1609675846,"path_taken":["M","?","M","?","M","E","$","?","T","M","$","?","M","E","R","BOSS","M","?","?","M","?","R","M","R","T","R","M","E","?","M","R","BOSS","M","?","?","$","M","M","E","?","T","$","M"],"items_purchased_type":["Card","Card","Card","Relic","Card","Card"],"build_version":"2020-12-22","purchased_purges":1,"victory":false,"max_hp_per_floor":[88,88,88,88,88,88,88,88,88,88,88,88,88,88,88,88,88,88,88,88,88,88,88,88,88,88,88,88,88,88,88,88,88,88,88,88,88,88,89,90,92,92,99,99,99,99],"card_choices":[{"not_picked":["ReplayTheSpireMod:Strike From Hell","Cleave"],"picked":"Perfected Strike","floor":1.0},{"not_picked":["Rampage","True Grit"],"picked":"Spot Weakness","floor":2.0},{"not_picked":["Anger","ReplayReversal"],"picked":"Pommel Strike","floor":3.0},{"not_picked":["Body Slam","Massacre"],"picked":"Armaments","floor":5.0},{"not_picked":["Clothesline","Flex"],"picked":"Shrug It Off","floor":6.0},{"not_picked":["Infernal Blade","Power Through"],"picked":"Clothesline","floor":8.0},{"not_picked":["Headbutt","Spot Weakness","Sword Boomerang"],"picked":"SKIP","floor":10.0},{"not_picked":["Heavy Blade","True Grit","Intimidate"],"picked":"SKIP","floor":13.0},{"not_picked":["Sword Boomerang","Fiend Fire"],"picked":"Armaments","floor":14.0},{"not_picked":["conspire:HitWhereItHurts","conspire:Purge"],"picked":"Demon Form","floor":16.0},{"not_picked":["Second Wind","Reckless Charge+1"],"picked":"Iron Wave+1","floor":18.0},{"not_picked":["Rage+1","Second Wind+1"],"picked":"Feel No Pain+1","floor":19.0},{"not_picked":["Havoc","Carnage"],"picked":"Shockwave","floor":21.0},{"not_picked":["conspire:HitWhereItHurts","Warcry"],"picked":"Feel No Pain","floor":24.0},{"not_picked":["Blood for Blood","Anger","Burning Pact+1"],"picked":"SKIP","floor":28.0},{"not_picked":["Cleave","Havoc"],"picked":"Evolve","floor":29.0},{"not_picked":["Clash","Run Through+1"],"picked":"Perfected Strike","floor":31.0},{"not_picked":["Fiend Fire","Limit Break"],"picked":"Juggernaut","floor":33.0},{"not_picked":["Iron Wave","Life Link","Hemokinesis+1"],"picked":"SKIP","floor":35.0},{"not_picked":["Mind Blast","Magnetism"],"picked":"conspire:Banana","floor":37.0},{"not_picked":["ReplayTheSpireMod:Private Reserves","ReplayTheSpireMod:Brewmster"],"picked":"The Bomb","floor":37.0},{"not_picked":["Pommel Strike+1","Havoc","Perfected Strike"],"picked":"SKIP","floor":39.0},{"not_picked":["Twin Strike+1","Wild Strike+1","Clash"],"picked":"SKIP","floor":40},{"not_picked":["ReplayTheSpireMod:Strike From Hell+1","Demonic Infusion"],"picked":"Infernal Blade+1","floor":41}],"player_experience":598539,"relics_obtained":[{"floor":6.0,"key":"Letter Opener"},{"floor":9.0,"key":"Pet Ghost"},{"floor":14.0,"key":"TungstenRod"},{"floor":29.0,"key":"Replay:Baseball"},{"floor":36.0,"key":"hubris:Zylophone"},{"floor":41,"key":"Potion Belt"},{"floor":43,"key":"Strawberry"}],"event_choices":[{"damage_healed":0.0,"max_hp_gain":0.0,"max_hp_loss":0.0,"gold_gain":75.0,"event_name":"FaceTrader","player_choice":"Touch","floor":4.0,"gold_loss":0.0,"damage_taken":8.0},{"damage_healed":0.0,"max_hp_gain":0.0,"max_hp_loss":0.0,"gold_gain":0.0,"event_name":"betterMatch:BetterMatch","player_choice":"2","floor":19.0,"gold_loss":0.0,"damage_taken":0.0,"cards_obtained":["betterMatch:UncommonCard"]},{"damage_healed":0.0,"max_hp_gain":0.0,"max_hp_loss":0.0,"gold_gain":0.0,"event_name":"MindBloom","player_choice":"Fight","floor":36.0,"gold_loss":0.0,"damage_taken":0.0},{"damage_healed":0.0,"max_hp_gain":0.0,"max_hp_loss":0.0,"gold_gain":3.0,"event_name":"betterStone:BetterStone","player_choice":"1","floor":37.0,"gold_loss":0.0,"damage_taken":0.0}],"is_beta":false,"boss_relics":[{"not_picked":["halation:Risk","conspire:RoyalGoblet"],"picked":"energizedSpire:DeadBattery"},{"not_picked":["vexMod:EndlessSickness","Fusion Hammer"],"picked":"vexMod:TanglingVine"}],"items_purged_floors":[38],"is_endless":false,"potions_floor_spawned":[5,6,10,13,14,24,28,33,39,41],"killed_by":"Spire Growth","ascension_level":2}}