{"host":"csp9nt53rootlkah","time":1609685818,"event":{"mods":["Act Like it!","BaseMod","Colored Powertips","Friendly Minions","Gensokyo","Highlight Path","Minty Spire (QoL Compilation)","Quick Restart","Replay The Spire","StSLib","TestMod","The Factory","The Jungle","UnlockEverythingMod","Yakumo Yukari mod","【遗物卡牌】REMEMod"],"gold_per_floor":[131,141,141,241,241,274,302,317,317,317,336,371,384,397,397,492,492,510,510,522,554,573,608,608,131,157,157,206,233,233,260,260,358,358,378,210,255,655,673,673,686,705,705,705,705,739,739,770,770,770],"floor_reached":51,"playtime":4165,"items_purged":["AT_purpleEX","RuptureOfTimeAndSpace_purple"],"score":925,"play_id":"f28aa42d-4fdb-4cb3-b7b1-78e5415320a3","local_time":"20210103225658","is_ascension_mode":false,"campfire_choices":[{"data":"MeetDecomposer_purple","floor":10.0,"key":"SMITH"},{"data":"Venomology","floor":15.0,"key":"SMITH"},{"data":"ContainerChange_purple","floor":24.0,"key":"SMITH"},{"data":"Shallow_ocean_purpleEX","floor":27.0,"key":"SMITH"},{"data":"Monsters_DoubleDeathButterfly_purple","floor":32.0,"key":"SMITH"},{"data":"Mirror_TwoAndThreeElementRealm_purple","floor":40.0,"key":"SMITH"},{"data":"DimensionStaggered_purple","floor":44,"key":"SMITH"},{"data":"CommonSense_AntiCommonSense_purple","floor":49,"key":"SMITH"}],"circlet_count":0,"master_deck":["AT_purpleEX","AT_purpleEX","AT_purpleEX","Defend_purpleEX","Defend_purpleEX","Defend_purpleEX","Defend_purpleEX","Observe_purple_2","Venomology+1","MeetDecomposer_purple+1","Shallow_ocean_purpleEX+1","Monsters_DoubleDeathButterfly_purple+1","AdvanceAttack_purple","DimensionStaggered_purple+1","ContainerChange_purple+1","Charmbait_purple+1","MeetDecomposer_purple+1","SfantasyHide_purple+1","AdvanceAttack_purple","ButterflyHabitatTemple_purple+1","WangLiang_LineAndCurveDreams_purple","Mirror_TwoAndThreeElementRealm_purple+1","CommonSense_AntiCommonSense_purple+1"],"relics":["Boundary_crack","Memoryfragments_purpleEX","REME_ComplimentaryCards","testmod-BatchProcessingSystem","NeowsBlessing","Gensokyo:Mercy","Bronze Scales","testmod-Antiphasic","Bottled Lightning","Black Star","Red Mask","ReplayTheSpireMod:Lightbulb","testmod-Nyarlathotep","Letter Opener","testmod-IndustrialRevolution","Vajra","Anchor","PreservedInsect","testmod-ObsoleteBoomerang","Replay:Bottled Flurry","Seventeenyearold_girl_Forever","Gambling Chip","Ancient Tea Set","MealTicket","Replay:Mystery Machine","Lantern"],"acts_visited":["Gensokyo:Gensokyo","TheCity","TheBeyond"],"potions_floor_usage":[41,41,41,41,46,46,46,46,46,48,48,50,50,50,50,50],"damage_taken":[{"damage":0.0,"enemies":"Gensokyo:Gryphon","floor":1.0,"turns":1.0},{"damage":0.0,"enemies":"Gensokyo:3_Fairies","floor":2.0,"turns":2.0},{"damage":21.0,"enemies":"Gensokyo:Aya","floor":6.0,"turns":1.0},{"damage":0.0,"enemies":"Gensokyo:Python","floor":7.0,"turns":5.0},{"damage":0.0,"enemies":"Gensokyo:5_Fairies","floor":8.0,"turns":7.0},{"damage":4.0,"enemies":"Gensokyo:2_Rabbits","floor":11.0,"turns":4.0},{"damage":18.0,"enemies":"Gensokyo:Mamizou","floor":12.0,"turns":12.0},{"damage":7.0,"enemies":"Gensokyo:3_Kodama","floor":13.0,"turns":4.0},{"damage":0.0,"enemies":"Gensokyo:Gryphon_and_Rabbit","floor":14.0,"turns":4.0},{"damage":0.0,"enemies":"Gensokyo:Yukari","floor":16.0,"turns":8.0},{"damage":3.0,"enemies":"Chosen","floor":18.0,"turns":10.0},{"damage":5.0,"enemies":"3 Byrds","floor":20.0,"turns":3.0},{"damage":0.0,"enemies":"Masked Bandits","floor":21.0,"turns":3.0},{"damage":0.0,"enemies":"Snake Plant","floor":22.0,"turns":3.0},{"damage":21.0,"enemies":"Replay:Snechameleon","floor":23.0,"turns":4.0},{"damage":0.0,"enemies":"Snecko","floor":28.0,"turns":4.0},{"damage":16.0,"enemies":"Slavers","floor":29.0,"turns":3.0},{"damage":0.0,"enemies":"Gremlin Leader","floor":31.0,"turns":2.0},{"damage":0.0,"enemies":"Automaton","floor":33.0,"turns":4.0},{"damage":0.0,"enemies":"3 Darklings","floor":35.0,"turns":2.0},{"damage":0.0,"enemies":"2 Orb Walkers","floor":37.0,"turns":2.0},{"damage":0.0,"enemies":"3 Shapes","floor":39.0,"turns":2.0},{"damage":0,"enemies":"Transient","floor":41,"turns":5},{"damage":0,"enemies":"Writhing Mass","floor":42,"turns":2},{"damage":0,"enemies":"R_Hoarder","floor":46,"turns":3},{"damage":0,"enemies":"Nemesis","floor":48,"turns":5},{"damage":0,"enemies":"Replay:Hell Engine","floor":50,"turns":5}],"seed_played":"-4696556527395866350","potions_obtained":[{"floor":2.0,"key":"AttackPotion"},{"floor":8.0,"key":"BlessingOfTheForge"},{"floor":11.0,"key":"LifebloodPotion"},{"floor":13.0,"key":"Adrenaline Potion"},{"floor":14.0,"key":"Strength Potion"},{"floor":20.0,"key":"EssenceOfSteel"},{"floor":21.0,"key":"ColorlessPotion"},{"floor":23.0,"key":"SkillPotion"},{"floor":28.0,"key":"Swift Potion"},{"floor":35.0,"key":"Elixir"},{"floor":42,"key":"LiquidMemories"}],"is_trial":false,"path_per_floor":["M","M","?","?","?","E","M","M","T","R","M","E","M","M","R","B",null,"M","?","M","?","M","E","R","$","T","R","M","E","?","E","R","B",null,"M","$","?","?","M","R","M","M","T","R","?","E","?","E","R","B",null],"character_chosen":"Youkari","items_purchased":["Letter Opener","testmod-IndustrialRevolution","CommonSense_AntiCommonSense_purple"],"campfire_rested":0,"item_purchase_floors":[25,25,36],"current_hp_per_floor":[70,70,70,70,70,49,49,49,49,49,45,37,34,40,40,46,70,70,70,67,70,70,52,52,52,52,52,53,41,41,42,42,44,70,70,70,70,70,72,72,74,74,74,74,74,74,70,72,72,74],"gold":770,"neow_bonus":"THREE_ENEMY_KILL","is_daily":false,"chose_seed":false,"campfire_upgraded":8,"win_rate":0.0,"timestamp":1609685818,"path_taken":["M","M","?","?","?","E","M","?","T","R","M","E","M","M","R","BOSS","M","?","M","?","M","E","R","$","T","R","M","E","?","E","R","BOSS","M","$","?","?","M","R","M","M","T","R","?","E","?","E","R","BOSS"],"items_purchased_type":["Relic","Relic","Card"],"build_version":"2020-12-22","purchased_purges":2,"victory":true,"max_hp_per_floor":[70,70,70,70,70,70,70,70,70,70,70,70,70,70,70,70,70,70,70,70,70,70,70,70,70,70,70,70,70,70,70,70,70,70,70,70,70,70,72,72,74,74,74,74,74,74,70,72,72,74],"card_choices":[{"not_picked":["AdvanceAttack_purple","Worldmountain_purple"],"picked":"MeetDecomposer_purple","floor":1.0},{"not_picked":["Anti_communist_purple","PositiveMatter_Antimatter_Universe_purple"],"picked":"Shallow_ocean_purpleEX","floor":2.0},{"not_picked":["Umbrella_purple","Bait_Toxicbait_purple","Line_surface_state_purple"],"picked":"SKIP","floor":6.0},{"not_picked":["DimensionStaggered_purple","AdvanceAttack_purple"],"picked":"Monsters_DoubleDeathButterfly_purple","floor":7.0},{"not_picked":["Umbrella_purple","SfantasyHide_purple"],"picked":"AdvanceAttack_purple","floor":8.0},{"not_picked":["StateErode_purple","Charmbait_purple"],"picked":"DimensionStaggered_purple","floor":11.0},{"not_picked":["SharpContractionReality_purple","RuleDissolution_purple"],"picked":"RuptureOfTimeAndSpace_purple","floor":12.0},{"not_picked":["EighthInstrument_OneDividesIntoTwo_purple","Mirror_WaveAndshot_purple","Worldmountain_purple"],"picked":"SKIP","floor":13.0},{"not_picked":["Erosivefilter_purple","Extrememeaning_purpleEX","Umbrella_purple"],"picked":"SKIP","floor":14.0},{"not_picked":["WasteWire_Metro_purple","WangLiang_OokamiKakushi_purple"],"picked":"ContainerChange_purple","floor":16.0},{"not_picked":["Shallow_ocean_purpleEX","Mirror_FormAndEmptin_purple"],"picked":"Charmbait_purple+1","floor":18.0},{"not_picked":["OmniscientAndOmnipotent_Monster_purple+1","Worldmountain_purple"],"picked":"MeetDecomposer_purple+1","floor":20.0},{"not_picked":["OmniscientAndOmnipotent_Monster_purple","Mirror_FormAndEmptin_purple"],"picked":"SfantasyHide_purple+1","floor":21.0},{"not_picked":["Fancifulhole_purple","Mirror_WaveAndshot_purple"],"picked":"AdvanceAttack_purple","floor":22.0},{"not_picked":["Charmbait_purple","Yakumo_Ran_purple","PurpleNeedle_purple+1"],"picked":"SKIP","floor":23.0},{"not_picked":["Mirror_FormAndEmptin_purple+1","Line_surface_state_purple","Mirror_FourBoundary_purple"],"picked":"SKIP","floor":28.0},{"not_picked":["Line_surface_state_purple","WeekHit_purple+1"],"picked":"ButterflyHabitatTemple_purple+1","floor":29.0},{"not_picked":["MagicEyes_LaplaceDemon_purple","Anti_communist_purple"],"picked":"WangLiang_LineAndCurveDreams_purple","floor":31.0},{"not_picked":["Know_ledgeAbilityRealm_purple","LoveAcrossDimensions_purple"],"picked":"Mirror_TwoAndThreeElementRealm_purple","floor":33.0},{"not_picked":["StateErode_purple+1","Boundary_of_Extermination_purpleEX+1","DimensionStaggered_purple"],"picked":"SKIP","floor":35.0},{"not_picked":["MeetDecomposer_purple","DimensionStaggered_purple+1","RuleDissolution_purple+1"],"picked":"SKIP","floor":39.0},{"not_picked":["SharpContractionReality_purple+1","Extrememeaning_purpleEX","OmniscientAndOmnipotent_Monster_purple"],"picked":"SKIP","floor":41},{"not_picked":["Mirror_FormAndEmptin_purple","Nest_LightFlightworm_purple+1","Shallow_ocean_purpleEX+1"],"picked":"SKIP","floor":42},{"not_picked":["Mirror_FormAndEmptin_purple","Mirror_WaveAndshot_purple","DimensionStaggered_purple"],"picked":"SKIP","floor":46},{"not_picked":["Worldmountain_purple+1","WangLiang_LineAndCurveDreams_purple","AdvanceAttack_purple"],"picked":"SKIP","floor":48}],"player_experience":115836,"relics_obtained":[{"floor":6.0,"key":"Bronze Scales"},{"floor":9.0,"key":"testmod-Antiphasic"},{"floor":12.0,"key":"Bottled Lightning"},{"floor":21.0,"key":"Red Mask"},{"floor":23.0,"key":"ReplayTheSpireMod:Lightbulb"},{"floor":23.0,"key":"testmod-Nyarlathotep"},{"floor":26.0,"key":"Vajra"},{"floor":29.0,"key":"Anchor"},{"floor":29.0,"key":"PreservedInsect"},{"floor":31.0,"key":"testmod-ObsoleteBoomerang"},{"floor":31.0,"key":"Replay:Bottled Flurry"},{"floor":37.0,"key":"Gambling Chip"},{"floor":46,"key":"Ancient Tea Set"},{"floor":46,"key":"MealTicket"},{"floor":48,"key":"Replay:Mystery Machine"},{"floor":48,"key":"Lantern"}],"event_choices":[{"damage_healed":0.0,"max_hp_gain":0.0,"max_hp_loss":0.0,"gold_gain":0.0,"event_name":"Masked Bandits","player_choice":"Fought Bandits","floor":21.0,"gold_loss":0.0,"damage_taken":0.0},{"damage_healed":0.0,"max_hp_gain":0.0,"max_hp_loss":0.0,"gold_gain":0.0,"event_name":"Vampires","player_choice":"Ignored","floor":30.0,"gold_loss":0.0,"damage_taken":0.0},{"damage_healed":0.0,"max_hp_gain":0.0,"max_hp_loss":0.0,"gold_gain":0.0,"event_name":"Mysterious Sphere","player_choice":"Fight","floor":37.0,"gold_loss":0.0,"damage_taken":0.0},{"damage_healed":0.0,"max_hp_gain":0.0,"max_hp_loss":0.0,"gold_gain":400.0,"event_name":"恩洛斯的盘子","player_choice":"Sell","floor":38.0,"relics_lost":["testmod-TestBox"],"gold_loss":0.0,"damage_taken":0.0},{"damage_healed":0,"gold_gain":0,"player_choice":"Memory 1","damage_taken":0,"max_hp_gain":0,"max_hp_loss":0,"event_name":"SensoryStone","floor":45,"gold_loss":0},{"damage_healed":0,"gold_gain":0,"player_choice":"Max HP","damage_taken":0,"max_hp_gain":0,"max_hp_loss":4,"event_name":"Winding Halls","floor":47,"gold_loss":0}],"is_beta":false,"boss_relics":[{"not_picked":["Ring of Chaos","Pandora\u0027s Box"],"picked":"Black Star"},{"not_picked":["Snecko Eye","Calling Bell"],"picked":"Seventeenyearold_girl_Forever"}],"items_purged_floors":[25,36],"is_endless":false,"potions_floor_spawned":[2,8,11,13,14,20,21,23,28,33,35,37,42],"ascension_level":0}}