{"host":"i9477i93mjcyimye","time":1609652628,"event":{"mods":["Aspiration","BaseMod","Bestiary","Colored Powertips","Downfall","Ironclad Rager","Minty Spire (QoL Compilation)","Quick Restart","Relic Stats","Replay The Spire","Spicy Shops","StSLib","The Jungle","Wandering Minibosses"],"gold_per_floor":[113,126,126,22,42,42,68,82,82,82,101,101,101,116,116,220,270,280,295,51,51,51,51,82,92,164,8,58,70,82,105,117,231,243,268,280,307,333,362,374,405,434,446,358,358],"floor_reached":44,"playtime":4473,"items_purged":[],"score":765,"play_id":"e4797581-af8b-487e-8d7c-de43ef8498ad","local_time":"20210103164348","is_ascension_mode":true,"campfire_choices":[{"data":"Hello World","floor":6.0,"key":"SMITH"},{"data":"Zap","floor":10.0,"key":"SMITH"},{"floor":13.0,"key":"RECALL"},{"floor":15.0,"key":"REST"},{"data":"Creative AI","floor":23.0,"key":"SMITH"},{"floor":29.0,"key":"REST"},{"floor":32.0,"key":"REST"},{"floor":40,"key":"REST"}],"circlet_count":0,"master_deck":["Zap+1","Dualcast","ICR:ProbingStrike","ICR:ProbingStrike","ICR:ProbingStrike","ICR:ProbingStrike","ICR:AutoDefend","ICR:AutoDefend","ICR:AutoDefend+1","ICR:AutoDefend","Conserve Battery","Coolheaded+1","Coolheaded+1","Hello World+1","Sweeping Beam","Melter","FIFO Queue","Creative AI+1","Ball Lightning","ReplayTheSpireMod:Omega Cannon","Streamline","FTL","Sunder","Loop","Steam","Aggregate","expansioncontent:Flail","ReplaySort+1","Storm+1","Voices","Turbo","Amnesia","Electrodynamics","Chaos","Voices","Darkness","Normality","ReplayTheSpireMod:Restless Dread","Parasite","Capacitor","Turbo+1","Streamline"],"relics":["FrozenCore","Geode","aspiration:DSix","Tiny House","Lee\u0027s Waffle","Replay:Wax Seal","Mummified Hand","Replay:Frozen Program","Ring of Greed","Ring of Misfortune","Blue Doll","MawBank","Nilry\u0027s Codex"],"acts_visited":["Exordium","TheCity","TheBeyond"],"potions_floor_usage":[39,42,42],"damage_taken":[{"damage":1.0,"enemies":"Small Slimes","floor":1.0,"turns":3.0},{"damage":6.0,"enemies":"Jaw Worm","floor":2.0,"turns":3.0},{"damage":0.0,"enemies":"Cultist","floor":5.0,"turns":3.0},{"damage":9.0,"enemies":"Lagavulin","floor":7.0,"turns":8.0},{"damage":0.0,"enemies":"Looter","floor":8.0,"turns":3.0},{"damage":0.0,"enemies":"Exordium Wildlife","floor":11.0,"turns":3.0},{"damage":10.0,"enemies":"Lots of Slimes","floor":14.0,"turns":4.0},{"damage":25.0,"enemies":"The Guardian","floor":16.0,"turns":10.0},{"damage":25.0,"enemies":"Chosen","floor":18.0,"turns":7.0},{"damage":32.0,"enemies":"2 Thieves","floor":19.0,"turns":3.0},{"damage":30.0,"enemies":"Book of Stabbing","floor":24.0,"turns":6.0},{"damage":30.0,"enemies":"Snake Plant","floor":25.0,"turns":6.0},{"damage":1.0,"enemies":"Snecko","floor":31.0,"turns":5.0},{"damage":47.0,"enemies":"Pondfish","floor":33.0,"turns":10.0},{"damage":26.0,"enemies":"3 Shapes","floor":35.0,"turns":5.0},{"damage":1.0,"enemies":"3 Darklings","floor":37.0,"turns":2.0},{"damage":18.0,"enemies":"Spire Growth","floor":38.0,"turns":4.0},{"damage":20,"enemies":"Writhing Mass","floor":39,"turns":4},{"damage":12,"enemies":"Jaw Worm Horde","floor":41,"turns":4},{"damage":21,"enemies":"Spire Growth","floor":42,"turns":4},{"damage":14,"enemies":"Maw","floor":44,"turns":6}],"seed_played":"-7508344897198749311","potions_obtained":[{"floor":1.0,"key":"Energy Potion"},{"floor":7.0,"key":"GamblersBrew"},{"floor":8.0,"key":"Dexterity Potion"},{"floor":14.0,"key":"AttackPotion"},{"floor":16.0,"key":"BlessingOfTheForge"},{"floor":17.0,"key":"Reflective Coating"},{"floor":19.0,"key":"ColorlessPotion"},{"floor":25.0,"key":"LiquidMemories"},{"floor":37.0,"key":"champ:CounterPotion"},{"floor":38.0,"key":"Elixir"},{"floor":39,"key":"champ:CounterPotion"},{"floor":41,"key":"SteroidPotion"}],"is_trial":false,"path_per_floor":["M","M","?","$","M","R","E","M","T","R","M","?","R","M","R","B",null,"M","M","$","?","?","R","E","M","T","$","?","R","?","M","R","B",null,"M","?","M","M","M","R","M","M","T","M"],"character_chosen":"DEFECT","items_purchased":["Coolheaded","Hello World","Loop","Lee\u0027s Waffle","Steam","Replay:Frozen Program"],"campfire_rested":4,"item_purchase_floors":[4,4,20,20,20,27],"current_hp_per_floor":[74,68,53,53,53,53,44,44,44,44,44,44,44,34,56,31,80,55,23,87,87,87,87,57,27,27,27,27,53,37,36,62,15,87,61,61,60,42,22,48,36,15,15,1,1],"gold":358,"neow_bonus":"DEFECT_WARDEN","is_daily":false,"chose_seed":false,"campfire_upgraded":3,"win_rate":0.0,"timestamp":1609652628,"path_taken":["M","M","?","$","M","R","E","M","T","R","M","?","R","?","R","BOSS","M","M","$","?","?","R","E","?","T","?","?","R","?","M","R","BOSS","M","?","M","M","?","R","M","M","T","M"],"items_purchased_type":["Card","Card","Card","Relic","Card","Relic"],"build_version":"2020-12-22","purchased_purges":0,"victory":false,"max_hp_per_floor":[75,75,75,75,75,75,75,75,75,75,75,75,75,75,75,75,80,80,80,87,87,87,87,87,87,87,87,87,87,87,87,87,87,87,87,87,87,87,87,87,87,87,87,87,87],"relic_stats":{"Lee\u0027s Waffle":64,"counters":[21,103],"Mummified Hand":[55],"MawBank":192,"obtain_stats":[{"Lee\u0027s Waffle":20,"Tiny House":17,"Nilry\u0027s Codex":30,"Blue Doll":28,"Geode":7,"Ring of Greed":28,"MawBank":28,"FrozenCore":34,"Replay:Frozen Program":27,"Mummified Hand":26,"Ring of Misfortune":28,"Replay:Wax Seal":24,"Cracked Core":0,"aspiration:DSix":9},{"Lee\u0027s Waffle":10,"Tiny House":8,"Nilry\u0027s Codex":12,"Blue Doll":12,"Geode":4,"Ring of Greed":12,"MawBank":12,"FrozenCore":14,"Replay:Frozen Program":12,"Mummified Hand":12,"Ring of Misfortune":12,"Replay:Wax Seal":11,"Cracked Core":0,"aspiration:DSix":5},{"Lee\u0027s Waffle":47,"Tiny House":37,"Nilry\u0027s Codex":59,"Blue Doll":59,"Geode":17,"Ring of Greed":59,"MawBank":59,"FrozenCore":74,"Replay:Frozen Program":59,"Mummified Hand":59,"Ring of Misfortune":59,"Replay:Wax Seal":53,"Cracked Core":0,"aspiration:DSix":20}],"FrozenCore":[12]},"card_choices":[{"not_picked":["Leap","ReplayTheSpireMod:GoodbyeWorld"],"picked":"Conserve Battery","floor":1.0},{"not_picked":["ReplaySort","Sweeping Beam"],"picked":"Coolheaded","floor":2.0},{"not_picked":["Hologram","Force Field"],"picked":"Sweeping Beam","floor":5.0},{"not_picked":["Coolheaded","Compile Driver"],"picked":"Leap","floor":7.0},{"not_picked":["Leap","ReplayGash"],"picked":"Melter","floor":8.0},{"not_picked":["Hologram","ReplayTheSpireMod:Reroute Power"],"picked":"FIFO Queue","floor":11.0},{"not_picked":["Hologram","Redo"],"picked":"Ball Lightning","floor":14.0},{"not_picked":["ReplayTheSpireMod:Fabricate Wheel","Thunder Strike"],"picked":"ReplayTheSpireMod:Omega Cannon","floor":16.0},{"not_picked":["Beam Cell","Sweeping Beam"],"picked":"Streamline","floor":17.0},{"not_picked":["Cold Snap","Beam Cell"],"picked":"FTL","floor":18.0},{"not_picked":["Coolheaded+1","Double Energy"],"picked":"Sunder","floor":19.0},{"not_picked":["Conserve Battery","Hologram"],"picked":"ReplaySort+1","floor":24.0},{"not_picked":["Barrage","Buffer"],"picked":"Storm","floor":25.0},{"not_picked":["Gash","Doom and Gloom+1"],"picked":"Turbo","floor":31.0},{"not_picked":["Biased Cognition","Creative AI"],"picked":"Electrodynamics","floor":33.0},{"not_picked":["Sweeping Beam+1","Rebound+1"],"picked":"Chaos","floor":35.0},{"not_picked":["Rebound","Leap+1","Steam"],"picked":"SKIP","floor":37.0},{"not_picked":["ReplayTheSpireMod:Reroute Power","Skim+1"],"picked":"Darkness","floor":38.0},{"not_picked":["Conserve Battery+1","Fusion"],"picked":"Capacitor","floor":39},{"not_picked":["BasicCrystalCard","Go for the Eyes+1"],"picked":"Turbo+1","floor":41},{"not_picked":["Coolheaded+1","Scrape"],"picked":"Streamline","floor":42}],"player_experience":216562,"relics_obtained":[{"floor":7.0,"key":"Geode"},{"floor":9.0,"key":"aspiration:DSix"},{"floor":24.0,"key":"Replay:Wax Seal"},{"floor":26.0,"key":"Mummified Hand"},{"floor":28.0,"key":"Ring of Greed"},{"floor":28.0,"key":"Ring of Misfortune"},{"floor":28.0,"key":"Blue Doll"},{"floor":28.0,"key":"MawBank"},{"floor":30.0,"key":"Nilry\u0027s Codex"}],"event_choices":[{"damage_healed":0.0,"max_hp_gain":0.0,"max_hp_loss":0.0,"gold_gain":0.0,"event_name":"Shining Light","player_choice":"Entered Light","floor":3.0,"gold_loss":0.0,"damage_taken":15.0,"cards_upgraded":["ICR:AutoDefend","Coolheaded"]},{"damage_healed":0.0,"max_hp_gain":0.0,"max_hp_loss":0.0,"gold_gain":0.0,"cards_transformed":["Leap"],"event_name":"Transmorgrifier","player_choice":"Transformed","floor":12.0,"gold_loss":0.0,"damage_taken":0.0,"cards_obtained":["Creative AI"]},{"damage_healed":0.0,"max_hp_gain":0.0,"max_hp_loss":0.0,"gold_gain":0.0,"event_name":"Match and Keep!","player_choice":"2 cards matched","floor":22.0,"gold_loss":0.0,"damage_taken":0.0,"cards_obtained":["Aggregate","expansioncontent:Flail"]},{"damage_healed":0.0,"max_hp_gain":0.0,"max_hp_loss":0.0,"gold_gain":0.0,"event_name":"Cursed Tome","player_choice":"Obtained Book","floor":30.0,"gold_loss":0.0,"damage_taken":16.0},{"damage_healed":0.0,"max_hp_gain":0.0,"max_hp_loss":0.0,"gold_gain":0.0,"event_name":"Upgrade Shrine","player_choice":"Upgraded","floor":36.0,"gold_loss":0.0,"damage_taken":0.0,"cards_upgraded":["Storm"]}],"is_beta":false,"boss_relics":[{"not_picked":["Coffee Dripper","Abe\u0027s Treasure"],"picked":"Tiny House"},{"not_picked":["Replay:Drink Me","Velvet Choker"],"picked":"FrozenCore"}],"items_purged_floors":[],"is_endless":false,"potions_floor_spawned":[1,7,8,14,16,19,25,37,38,39,41],"killed_by":"Maw","ascension_level":2}}