{"host":"cwp0xoxch9uxtnfk","time":1609696694,"event":{"mods":["AchievementEnabler","BaseMod","Bestiary","Colored Map","Colored Powertips","DeckTracker","Highlight Path","Minty Spire (QoL Compilation)","Rare Cards Sparkle","Relic Sorter","Relic Stats"],"gold_per_floor":[116,128,145,161,161,196,196,196,196,224,237,257,273,373,373,475,475,475,101,101,51,51,51,51,51,51,51,51,51,51,51,51,51,51],"floor_reached":33,"playtime":2202,"items_purged":["Strike_B","Strike_B"],"score":265,"play_id":"6a920220-a1d5-4863-ac55-82b1591fceb3","local_time":"20210103175814","is_ascension_mode":false,"campfire_choices":[{"floor":8,"key":"REST"},{"floor":15,"key":"REST"},{"floor":24,"key":"RECALL"},{"floor":27,"key":"REST"},{"data":"Seek","floor":32,"key":"SMITH"}],"circlet_count":0,"master_deck":["Strike_B","Defend_B","Defend_B","Defend_B","Defend_B","Zap","Dualcast","Electrodynamics","Leap","Melter","Darkness","Seek+1","Conserve Battery","Defragment","Sweeping Beam","Biased Cognition","Melter","Capacitor","Conserve Battery","Ball Lightning","Leap+1","Redo"],"relics":["Cracked Core","Smiling Mask","Question Card","Bottled Flame","Ectoplasm","Bottled Lightning","Frozen Egg 2","MutagenicStrength"],"acts_visited":["Exordium","TheCity"],"potions_floor_usage":[10,11,13,20,33,33,33],"damage_taken":[{"damage":0,"enemies":"2 Louse","floor":1,"turns":2},{"damage":1,"enemies":"Cultist","floor":2,"turns":3},{"damage":6,"enemies":"Jaw Worm","floor":3,"turns":3},{"damage":2,"enemies":"3 Louse","floor":4,"turns":2},{"damage":8,"enemies":"Lagavulin","floor":6,"turns":5},{"damage":49,"enemies":"Gremlin Nob","floor":10,"turns":5},{"damage":0,"enemies":"Large Slime","floor":11,"turns":4},{"damage":0,"enemies":"Looter","floor":12,"turns":3},{"damage":0,"enemies":"Exordium Thugs","floor":13,"turns":2},{"damage":33,"enemies":"Hexaghost","floor":16,"turns":11},{"damage":0,"enemies":"Spheric Guardian","floor":18,"turns":1},{"damage":0,"enemies":"3 Byrds","floor":20,"turns":1},{"damage":7,"enemies":"Snecko","floor":22,"turns":5},{"damage":16,"enemies":"Shelled Parasite and Fungi","floor":23,"turns":3},{"damage":4,"enemies":"Centurion and Healer","floor":25,"turns":4},{"damage":0,"enemies":"3 Cultists","floor":28,"turns":3},{"damage":5,"enemies":"Shelled Parasite and Fungi","floor":29,"turns":4},{"damage":0,"enemies":"Sentry and Sphere","floor":30,"turns":3},{"damage":75,"enemies":"Champ","floor":33,"turns":9}],"seed_played":"2454592941231042735","potions_obtained":[{"floor":3,"key":"Strength Potion"},{"floor":10,"key":"SpeedPotion"},{"floor":12,"key":"DuplicationPotion"},{"floor":13,"key":"Explosive Potion"},{"floor":18,"key":"Explosive Potion"},{"floor":20,"key":"PowerPotion"},{"floor":28,"key":"Dexterity Potion"},{"floor":30,"key":"BlessingOfTheForge"}],"is_trial":false,"path_per_floor":["M","M","M","M","?","E","?","R","T","E","M","M","M","?","R","B",null,"M","$","M","$","M","M","R","M","T","R","M","M","M","?","R","B"],"character_chosen":"DEFECT","items_purchased":["Bottled Lightning","Capacitor"],"campfire_rested":3,"item_purchase_floors":[19,19],"current_hp_per_floor":[75,74,68,66,59,51,39,61,61,12,12,12,12,12,34,1,75,75,75,75,75,68,52,52,48,48,70,70,65,65,65,65,0,0],"gold":51,"neow_bonus":"ONE_RANDOM_RARE_CARD","is_daily":false,"chose_seed":false,"campfire_upgraded":1,"win_rate":0.0,"timestamp":1609696694,"path_taken":["M","M","M","M","?","E","?","R","T","E","M","M","M","?","R","BOSS","M","$","M","?","M","?","R","?","T","R","M","M","?","?","R","BOSS"],"items_purchased_type":["Relic","Card"],"build_version":"2020-12-22","purchased_purges":2,"victory":false,"max_hp_per_floor":[75,75,75,75,75,75,75,75,75,75,75,75,75,75,75,75,75,75,75,75,75,75,75,75,75,75,75,75,75,75,75,75,75,75],"relic_stats":{"counters":[19,73],"Ectoplasm":123,"Smiling Mask":75,"Question Card":13,"obtain_stats":[{"Bottled Flame":10,"MutagenicStrength":31,"Ectoplasm":17,"Bottled Lightning":19,"Frozen Egg 2":26,"Cracked Core":0,"Smiling Mask":6,"Question Card":7},{"Bottled Flame":6,"MutagenicStrength":18,"Ectoplasm":10,"Bottled Lightning":11,"Frozen Egg 2":15,"Cracked Core":0,"Smiling Mask":5,"Question Card":5},{"Bottled Flame":20,"MutagenicStrength":64,"Ectoplasm":40,"Bottled Lightning":41,"Frozen Egg 2":54,"Cracked Core":0,"Smiling Mask":15,"Question Card":15}]},"card_choices":[{"not_picked":["Cold Snap","Beam Cell"],"picked":"Leap","floor":1},{"not_picked":["Rebound","Compile Driver"],"picked":"Melter","floor":2},{"not_picked":["Force Field","Stack"],"picked":"Darkness","floor":3},{"not_picked":["Coolheaded","Compile Driver"],"picked":"Seek","floor":4},{"not_picked":["Go for the Eyes","Aggregate","White Noise"],"picked":"SKIP","floor":6},{"not_picked":["Darkness","Meteor Strike","Scrape"],"picked":"Conserve Battery","floor":10},{"not_picked":["Coolheaded","Chaos","Turbo"],"picked":"Defragment","floor":11},{"not_picked":["Steam Power","Beam Cell","Cold Snap"],"picked":"Sweeping Beam","floor":12},{"not_picked":["Beam Cell","Darkness","Skim","Rip and Tear"],"picked":"SKIP","floor":13},{"not_picked":["Seek","Core Surge","Hyperbeam"],"picked":"Biased Cognition","floor":16},{"not_picked":["Genetic Algorithm","Go for the Eyes+1","Compile Driver"],"picked":"Melter","floor":18},{"not_picked":["Cold Snap","Static Discharge","Glacier"],"picked":"Conserve Battery","floor":20},{"not_picked":["Compile Driver+1","Darkness","Stack+1"],"picked":"Ball Lightning","floor":22},{"not_picked":["Recycle","Turbo","Double Energy+1"],"picked":"Leap+1","floor":23},{"not_picked":["Coolheaded","All For One","Rebound","Leap"],"picked":"SKIP","floor":25},{"not_picked":["Turbo","Gash","Hello World+1","Go for the Eyes"],"picked":"SKIP","floor":28},{"not_picked":["Melter","Streamline","Rebound+1","Steam"],"picked":"SKIP","floor":29},{"not_picked":["Streamline","Barrage","Aggregate+1"],"picked":"Redo","floor":30}],"player_experience":161402,"relics_obtained":[{"floor":6,"key":"Smiling Mask"},{"floor":10,"key":"Bottled Flame"},{"floor":26,"key":"Frozen Egg 2"}],"event_choices":[{"cards_removed":["Strike_B"],"damage_healed":0,"gold_gain":0,"player_choice":"Card Removal","damage_taken":7,"max_hp_gain":0,"max_hp_loss":0,"event_name":"Golden Wing","floor":5,"gold_loss":0},{"damage_healed":0,"gold_gain":0,"player_choice":"Success","damage_taken":12,"relics_obtained":["Question Card"],"max_hp_gain":0,"max_hp_loss":0,"event_name":"Scrap Ooze","floor":7,"gold_loss":0},{"damage_healed":0,"gold_gain":100,"player_choice":"Pray","damage_taken":0,"max_hp_gain":0,"max_hp_loss":0,"event_name":"Golden Shrine","floor":14,"gold_loss":0},{"damage_healed":0,"gold_gain":0,"player_choice":"Inject Mutagens","damage_taken":0,"relics_obtained":["MutagenicStrength"],"max_hp_gain":0,"max_hp_loss":0,"event_name":"Drug Dealer","floor":31,"gold_loss":0}],"is_beta":false,"boss_relics":[{"not_picked":["Runic Dome","Busted Crown"],"picked":"Ectoplasm"}],"items_purged_floors":[19,21],"is_endless":false,"potions_floor_spawned":[3,10,12,13,18,20,28,30],"killed_by":"Champ","ascension_level":0}}