{"host":"49c2zf0lajbcs427","time":1609669220,"event":{"mods":["AchievementEnabler","BaseMod","Colored Map","Colored Powertips","Highlight Path","Key Reminder","Minty Spire (QoL Compilation)","Relic Stats","StSLib"],"gold_per_floor":[112,112,130,199,213,213,141,160,213,239,259,286,345,360,360,455,455,474,474,484,484,503,503,532,551,551,576,576,595,625,636,636,738,738,749,765,637,250,261,296,296,296,296,311,311,311,104,104,104,104,104,104,25,50,50,50],"floor_reached":55,"playtime":14124,"items_purged":["Strike_G","Strike_G","Clumsy"],"score":807,"play_id":"50765d42-aeb8-4d09-9e4e-e6e6e4ad45e2","local_time":"20210103232020","is_ascension_mode":false,"campfire_choices":[{"data":"Poisoned Stab","floor":6,"key":"SMITH"},{"data":"Crippling Poison","floor":15,"key":"SMITH"},{"data":"Wraith Form v2","floor":23,"key":"SMITH"},{"data":"Bouncing Flask","floor":32,"key":"SMITH"},{"floor":41,"key":"REST"},{"floor":45,"key":"REST"},{"floor":49,"key":"RECALL"},{"data":"Wraith Form v2","floor":52,"key":"SMITH"}],"circlet_count":0,"master_deck":["Strike_G","Strike_G","Strike_G","Defend_G","Defend_G","Defend_G","Defend_G","Survivor","Neutralize+1","Deadly Poison","All Out Attack","Poisoned Stab+1","Adrenaline","Poisoned Stab","Dodge and Roll","Bullet Time","Bouncing Flask+1","Crippling Poison+1","Wraith Form v2+1","Backflip","Leg Sweep+1","Bullet Time","Prepared+1","Footwork","Dodge and Roll+1","Noxious Fumes","Wraith Form v2+1","Backflip","Noxious Fumes","Caltrops+1"],"relics":["Runic Pyramid","Happy Flower","Odd Mushroom","Smiling Mask","Dream Catcher","Cursed Key","PreservedInsect","WingedGreaves","Nilry\u0027s Codex","Blood Vial","Black Star","Ice Cream","Regal Pillow","MealTicket","Cauldron","Calipers","Anchor"],"acts_visited":["Exordium","TheCity","TheBeyond","TheEnding"],"potions_floor_usage":[12,24,24,29,36,44,44,44,44,50,55],"damage_taken":[{"damage":0,"enemies":"2 Louse","floor":1,"turns":3},{"damage":0,"enemies":"Cultist","floor":3,"turns":4},{"damage":0,"enemies":"Small Slimes","floor":5,"turns":2},{"damage":1,"enemies":"Exordium Wildlife","floor":8,"turns":3},{"damage":12,"enemies":"The Mushroom Lair","floor":10,"turns":4},{"damage":0,"enemies":"2 Fungi Beasts","floor":11,"turns":2},{"damage":10,"enemies":"Gremlin Nob","floor":12,"turns":3},{"damage":5,"enemies":"3 Sentries","floor":13,"turns":6},{"damage":0,"enemies":"3 Louse","floor":14,"turns":3},{"damage":5,"enemies":"The Guardian","floor":16,"turns":8},{"damage":0,"enemies":"Spheric Guardian","floor":18,"turns":3},{"damage":0,"enemies":"3 Byrds","floor":20,"turns":3},{"damage":5,"enemies":"3 Cultists","floor":22,"turns":5},{"damage":0,"enemies":"Slavers","floor":24,"turns":5},{"damage":0,"enemies":"Centurion and Healer","floor":25,"turns":6},{"damage":0,"enemies":"Gremlin Leader","floor":27,"turns":5},{"damage":0,"enemies":"Snake Plant","floor":29,"turns":4},{"damage":7,"enemies":"Book of Stabbing","floor":30,"turns":5},{"damage":1,"enemies":"Cultist and Chosen","floor":31,"turns":6},{"damage":6,"enemies":"Automaton","floor":33,"turns":11},{"damage":15,"enemies":"3 Darklings","floor":35,"turns":8},{"damage":11,"enemies":"3 Shapes","floor":36,"turns":5},{"damage":0,"enemies":"Writhing Mass","floor":39,"turns":6},{"damage":42,"enemies":"Reptomancer","floor":40,"turns":9},{"damage":39,"enemies":"4 Shapes","floor":44,"turns":4},{"damage":17,"enemies":"Time Eater","floor":50,"turns":15},{"damage":5,"enemies":"Shield and Spear","floor":54,"turns":6},{"damage":95,"enemies":"The Heart","floor":55,"turns":11}],"seed_played":"-7092261232592520054","potions_obtained":[{"floor":1,"key":"Dexterity Potion"},{"floor":8,"key":"SteroidPotion"},{"floor":11,"key":"SpeedPotion"},{"floor":14,"key":"EntropicBrew"},{"floor":20,"key":"Energy Potion"},{"floor":25,"key":"PowerPotion"},{"floor":35,"key":"GamblersBrew"},{"floor":39,"key":"Regen Potion"},{"floor":47,"key":"CultistPotion"},{"floor":47,"key":"LiquidMemories"},{"floor":47,"key":"GhostInAJar"}],"is_trial":false,"path_per_floor":["M","?","M","?","M","R","$","M","T","?","M","E","?","M","R","B",null,"M","?","M","?","M","R","E","M","T","E","?","M","E","M","R","B",null,"M","M","$","$","M","E","R","?","T","M","R","?","$","?","R","B",null,"R","$","E","B"],"character_chosen":"THE_SILENT","items_purchased":["Adrenaline","DuplicationPotion","Noxious Fumes","Ice Cream","Cauldron","Noxious Fumes"],"campfire_rested":2,"item_purchase_floors":[7,37,38,38,47,53],"current_hp_per_floor":[70,70,70,70,70,70,70,69,69,57,57,47,42,42,42,37,70,70,70,70,70,65,65,65,65,65,65,49,49,42,43,43,39,70,55,46,46,46,48,8,44,44,44,16,52,52,67,66,66,49,66,66,66,61,0,0],"gold":50,"neow_bonus":"BOSS_RELIC","is_daily":false,"chose_seed":false,"campfire_upgraded":5,"win_rate":0.0,"timestamp":1609669220,"path_taken":["M","?","?","?","M","R","?","M","T","?","?","E","?","M","R","BOSS","M","?","?","?","M","R","E","M","T","E","?","M","E","?","R","BOSS","M","M","$","$","M","E","R","?","T","M","R","?","$","?","R","BOSS","R","$","E","BOSS"],"items_purchased_type":["Card","Potion","Card","Relic","Relic","Card"],"build_version":"2020-12-22","purchased_purges":3,"victory":false,"max_hp_per_floor":[70,70,70,70,70,70,70,70,70,70,70,70,70,70,70,70,70,70,70,70,70,70,70,70,70,70,70,70,70,70,70,70,70,70,70,70,70,70,70,70,70,70,70,70,70,70,70,66,66,66,66,66,66,66,66,66],"relic_stats":{"Blood Vial":14,"Dream Catcher":2,"Regal Pillow":30,"Happy Flower":[47],"counters":[28,155],"MealTicket":15,"PreservedInsect":211,"Black Star":2,"Smiling Mask":150,"Cursed Key":1,"obtain_stats":[{"Ice Cream":38,"Regal Pillow":40,"Calipers":54,"Happy Flower":9,"Nilry\u0027s Codex":28,"PreservedInsect":24,"Odd Mushroom":10,"Smiling Mask":12,"Cursed Key":17,"Blood Vial":30,"keyreminder:keyreminder":40,"Cauldron":47,"Dream Catcher":13,"Anchor":54,"MealTicket":40,"WingedGreaves":27,"Black Star":34,"Ring of the Snake":0,"Runic Pyramid":0},{"Ice Cream":22,"Regal Pillow":24,"Calipers":27,"Happy Flower":4,"Nilry\u0027s Codex":16,"PreservedInsect":14,"Odd Mushroom":5,"Smiling Mask":7,"Cursed Key":10,"Blood Vial":18,"keyreminder:keyreminder":24,"Cauldron":25,"Dream Catcher":8,"Anchor":27,"MealTicket":24,"WingedGreaves":16,"Black Star":20,"Ring of the Snake":0,"Runic Pyramid":0},{"Ice Cream":104,"Regal Pillow":119,"Calipers":144,"Happy Flower":12,"Nilry\u0027s Codex":65,"PreservedInsect":54,"Odd Mushroom":16,"Smiling Mask":21,"Cursed Key":38,"Blood Vial":74,"keyreminder:keyreminder":119,"Cauldron":123,"Dream Catcher":27,"Anchor":144,"MealTicket":119,"WingedGreaves":65,"Black Star":91,"Ring of the Snake":0,"Runic Pyramid":0}]},"card_choices":[{"not_picked":["Acrobatics","Outmaneuver"],"picked":"Deadly Poison","floor":1},{"not_picked":["Backflip","Terror"],"picked":"All Out Attack","floor":3},{"not_picked":["Acrobatics","Heel Hook"],"picked":"Poisoned Stab","floor":5},{"not_picked":["Blade Dance","Riddle With Holes","All Out Attack"],"picked":"SKIP","floor":8},{"not_picked":["Quick Slash","Acrobatics"],"picked":"Poisoned Stab","floor":10},{"not_picked":["Heel Hook","Sucker Punch"],"picked":"Dodge and Roll","floor":11},{"not_picked":["Cloak And Dagger","Sucker Punch"],"picked":"Bullet Time","floor":12},{"not_picked":["Noxious Fumes","Heel Hook"],"picked":"Bouncing Flask","floor":13},{"not_picked":["Outmaneuver","Heel Hook"],"picked":"Crippling Poison","floor":14},{"not_picked":["Venomology","Tools of the Trade"],"picked":"Wraith Form v2","floor":16},{"not_picked":["Blade Dance+1","Expertise"],"picked":"Backflip","floor":18},{"not_picked":["Outmaneuver","Underhanded Strike+1","Sucker Punch"],"picked":"SKIP","floor":20},{"not_picked":["Flying Knee","Finisher+1"],"picked":"Leg Sweep+1","floor":22},{"not_picked":["Infinite Blades+1","Quick Slash"],"picked":"Bullet Time","floor":24},{"not_picked":["Deflect","Heel Hook+1","Finisher"],"picked":"SKIP","floor":25},{"not_picked":["Distraction","Quick Slash+1"],"picked":"Prepared+1","floor":27},{"not_picked":["Concentrate","Terror","Blade Dance+1"],"picked":"SKIP","floor":29},{"not_picked":["Calculated Gamble","Flechettes"],"picked":"Footwork","floor":30},{"not_picked":["Bane+1","Quick Slash","Flying Knee+1"],"picked":"SKIP","floor":31},{"not_picked":["Concentrate","Blade Dance+1","Poisoned Stab+1"],"picked":"SKIP","floor":35},{"not_picked":["Dash+1","Sucker Punch+1"],"picked":"Dodge and Roll+1","floor":36},{"not_picked":["Quick Slash+1","Poisoned Stab+1","Skewer+1"],"picked":"SKIP","floor":39},{"not_picked":["Burst","Sucker Punch"],"picked":"Wraith Form v2","floor":40},{"not_picked":["Prepared","Sucker Punch+1"],"picked":"Backflip","floor":44},{"not_picked":["Eviscerate","Blade Dance"],"picked":"Caltrops+1","floor":54}],"player_experience":2225536,"relics_obtained":[{"floor":9,"key":"Happy Flower"},{"floor":10,"key":"Odd Mushroom"},{"floor":12,"key":"Smiling Mask"},{"floor":13,"key":"Dream Catcher"},{"floor":24,"key":"PreservedInsect"},{"floor":27,"key":"WingedGreaves"},{"floor":28,"key":"Nilry\u0027s Codex"},{"floor":30,"key":"Blood Vial"},{"floor":40,"key":"Regal Pillow"},{"floor":40,"key":"MealTicket"},{"floor":54,"key":"Calipers"},{"floor":54,"key":"Anchor"}],"event_choices":[{"damage_healed":0,"gold_gain":0,"player_choice":"Upgraded","damage_taken":0,"max_hp_gain":0,"max_hp_loss":0,"event_name":"Upgrade Shrine","floor":2,"gold_loss":0,"cards_upgraded":["Neutralize"]},{"damage_healed":0,"gold_gain":69,"player_choice":"Gained Gold","damage_taken":0,"max_hp_gain":0,"max_hp_loss":0,"event_name":"Golden Wing","floor":4,"gold_loss":0},{"damage_healed":0,"gold_gain":0,"player_choice":"Fought Mushrooms","damage_taken":0,"max_hp_gain":0,"max_hp_loss":0,"event_name":"Mushrooms","floor":10,"gold_loss":0},{"damage_healed":0,"gold_gain":0,"player_choice":"Searched \u00271\u0027 times","damage_taken":0,"max_hp_gain":0,"max_hp_loss":0,"event_name":"Dead Adventurer","floor":13,"gold_loss":0},{"damage_healed":0,"gold_gain":0,"player_choice":"Bought 0 Potions","damage_taken":0,"max_hp_gain":0,"max_hp_loss":0,"event_name":"The Woman in Blue","floor":19,"gold_loss":0},{"damage_healed":0,"gold_gain":0,"player_choice":"Ignored","damage_taken":0,"max_hp_gain":0,"max_hp_loss":0,"event_name":"The Mausoleum","floor":21,"gold_loss":0},{"damage_healed":0,"gold_gain":0,"player_choice":"Obtained Book","damage_taken":16,"max_hp_gain":0,"max_hp_loss":0,"event_name":"Cursed Tome","floor":28,"gold_loss":0},{"damage_healed":0,"gold_gain":0,"player_choice":"Ignored","damage_taken":0,"max_hp_gain":0,"max_hp_loss":0,"event_name":"Tomb of Lord Red Mask","floor":42,"gold_loss":0},{"cards_removed":["Defend_G"],"damage_healed":0,"gold_gain":0,"player_choice":"Removed Skill","damage_taken":0,"max_hp_gain":0,"max_hp_loss":0,"event_name":"Falling","floor":46,"gold_loss":0},{"damage_healed":0,"gold_gain":0,"player_choice":"Max HP","damage_taken":0,"max_hp_gain":0,"max_hp_loss":4,"event_name":"Winding Halls","floor":48,"gold_loss":0}],"is_beta":false,"boss_relics":[{"not_picked":["Runic Dome","WristBlade"],"picked":"Cursed Key"},{"not_picked":["Philosopher\u0027s Stone","Snecko Eye"],"picked":"Black Star"}],"items_purged_floors":[37,38,47],"is_endless":false,"potions_floor_spawned":[1,8,11,14,20,22,25,35,39],"killed_by":"The Heart","ascension_level":0}}