{"host":"hgkb2zpbo2dcws21","time":1609670730,"event":{"mods":["AchievementEnabler","BaseMod","Colored Map","Colored Powertips","Custom Start","DeckTracker","KOR Keyword Fix","Minty Spire (QoL Compilation)","Relic Stats","StSLib","SuperFastMode"],"gold_per_floor":[110,127,277,202,202,202,228,228,251,251,251,277,294,320,320,396,396,407,407,407,424,404,429,429,429,429],"floor_reached":25,"playtime":503,"items_purged":["Doubt"],"score":481,"play_id":"53e96518-64a5-4857-8ba2-16ff3af8f558","local_time":"20210103194530","is_ascension_mode":true,"campfire_choices":[{"data":"Eruption","floor":6.0,"key":"SMITH"},{"data":"FearNoEvil","floor":8.0,"key":"SMITH"},{"data":"EmptyFist","floor":10.0,"key":"SMITH"},{"data":"DeusExMachina","floor":15.0,"key":"SMITH"},{"floor":24,"key":"REST"}],"circlet_count":0,"master_deck":["AscendersBane","Strike_P","Strike_P","Strike_P","Defend_P","Defend_P","Defend_P","Eruption+1","Vigilance","FearNoEvil+1","EmptyFist+1","DeusExMachina+1"],"relics":["PureWater","Eternal Feather","Anchor","Toy Ornithopter","Bag of Marbles","TeardropLocket","Black Star","Gambling Chip","MealTicket"],"acts_visited":["Exordium","TheCity"],"potions_floor_usage":[23],"damage_taken":[{"damage":17.0,"enemies":"2 Louse","floor":1.0,"turns":3.0},{"damage":2.0,"enemies":"Jaw Worm","floor":2.0,"turns":4.0},{"damage":0.0,"enemies":"Lagavulin","floor":7.0,"turns":3.0},{"damage":4.0,"enemies":"Gremlin Nob","floor":12.0,"turns":3.0},{"damage":0.0,"enemies":"Small Slimes","floor":13.0,"turns":2.0},{"damage":20.0,"enemies":"Lagavulin","floor":14.0,"turns":4.0},{"damage":19.0,"enemies":"Hexaghost","floor":16.0,"turns":8.0},{"damage":24.0,"enemies":"Shell Parasite","floor":18.0,"turns":5.0},{"damage":10,"enemies":"Spheric Guardian","floor":21,"turns":4},{"damage":16,"enemies":"Slavers","floor":23,"turns":7},{"damage":37,"enemies":"Gremlin Leader","floor":25,"turns":5}],"seed_played":"-1703845187107380689","potions_obtained":[{"floor":1.0,"key":"FearPotion"},{"floor":2.0,"key":"AttackPotion"},{"floor":7.0,"key":"SpeedPotion"},{"floor":12.0,"key":"FearPotion"},{"floor":21,"key":"ColorlessPotion"},{"floor":22,"key":"FearPotion"}],"is_trial":false,"path_per_floor":["M","M","?","$","?","R","E","R","T","R","?","E","M","E","R","B",null,"M","?","?","M","?","E","R","E"],"character_chosen":"WATCHER","items_purchased":[],"campfire_rested":1,"item_purchase_floors":[],"current_hp_per_floor":[44,42,42,42,35,35,35,41,41,47,36,32,32,17,23,9,53,29,29,29,19,19,8,34,0,0],"gold":429,"neow_bonus":"REMOVE_CARD","is_daily":false,"chose_seed":false,"campfire_upgraded":4,"win_rate":0.0,"timestamp":1609670730,"path_taken":["M","M","?","$","?","R","E","R","T","R","?","E","M","E","R","BOSS","M","?","?","?","?","E","R","E"],"items_purchased_type":[],"build_version":"2020-12-22","purchased_purges":1,"victory":false,"max_hp_per_floor":[68,68,68,68,68,68,68,68,68,68,68,68,68,68,68,68,68,68,68,68,68,68,68,68,68,68],"relic_stats":{"counters":[11,48],"Gambling Chip":[2],"Eternal Feather":24,"MealTicket":0,"Black Star":1,"obtain_stats":[{"Anchor":9,"Gambling Chip":23,"Eternal Feather":7,"MealTicket":23,"Bag of Marbles":12,"Black Star":17,"TeardropLocket":14,"PureWater":0,"Toy Ornithopter":11},{"Anchor":3,"Gambling Chip":10,"Eternal Feather":3,"MealTicket":10,"Bag of Marbles":4,"Black Star":7,"TeardropLocket":6,"PureWater":0,"Toy Ornithopter":3},{"Anchor":10,"Gambling Chip":43,"Eternal Feather":10,"MealTicket":43,"Bag of Marbles":13,"Black Star":27,"TeardropLocket":19,"PureWater":0,"Toy Ornithopter":10}],"Toy Ornithopter":15},"card_choices":[{"not_picked":["WheelKick","DeceiveReality"],"picked":"FearNoEvil","floor":1.0},{"not_picked":["FlyingSleeves","CutThroughFate","Crescendo"],"picked":"SKIP","floor":2.0},{"not_picked":["WaveOfTheHand","SashWhip"],"picked":"EmptyFist","floor":7.0},{"not_picked":["Crescendo","Protect","WaveOfTheHand"],"picked":"SKIP","floor":12.0},{"not_picked":["Protect","Crescendo","Fasting2"],"picked":"SKIP","floor":13.0},{"not_picked":["BowlingBash","EmptyFist"],"picked":"DeusExMachina","floor":14.0},{"not_picked":["JustLucky+1","PathToVictory","EmptyFist"],"picked":"SKIP","floor":18.0},{"not_picked":["WreathOfFlame","SashWhip","ClearTheMind"],"picked":"SKIP","floor":21},{"not_picked":["SashWhip","DeceiveReality","FlurryOfBlows"],"picked":"SKIP","floor":23}],"player_experience":1126426,"relics_obtained":[{"floor":7.0,"key":"Eternal Feather"},{"floor":9.0,"key":"Anchor"},{"floor":12.0,"key":"Bag of Marbles"},{"floor":14.0,"key":"TeardropLocket"},{"floor":23,"key":"Gambling Chip"},{"floor":23,"key":"MealTicket"}],"event_choices":[{"damage_healed":0.0,"max_hp_gain":0.0,"max_hp_loss":0.0,"gold_gain":150.0,"event_name":"Liars Game","player_choice":"AGREE","floor":3.0,"gold_loss":0.0,"damage_taken":0.0,"cards_obtained":["Doubt"]},{"cards_removed":["Strike_P"],"damage_healed":0.0,"max_hp_gain":0.0,"max_hp_loss":0.0,"gold_gain":0.0,"event_name":"Golden Wing","player_choice":"Card Removal","floor":5.0,"gold_loss":0.0,"damage_taken":7.0},{"damage_healed":0.0,"max_hp_gain":0.0,"max_hp_loss":0.0,"gold_gain":0.0,"event_name":"Scrap Ooze","player_choice":"Success","floor":11.0,"gold_loss":0.0,"damage_taken":11.0,"relics_obtained":["Toy Ornithopter"]},{"damage_healed":0.0,"max_hp_gain":0.0,"max_hp_loss":0.0,"gold_gain":0.0,"event_name":"Ghosts","player_choice":"Ignored","floor":19.0,"gold_loss":0.0,"damage_taken":0.0},{"damage_healed":0,"gold_gain":0,"player_choice":"Leave","damage_taken":0,"max_hp_gain":0,"max_hp_loss":0,"event_name":"FaceTrader","floor":20,"gold_loss":0},{"damage_healed":0,"gold_gain":0,"player_choice":"Bought 1 Potion","damage_taken":0,"max_hp_gain":0,"max_hp_loss":0,"event_name":"The Woman in Blue","floor":22,"gold_loss":0}],"is_beta":false,"boss_relics":[{"not_picked":["SacredBark","Calling Bell"],"picked":"Black Star"}],"items_purged_floors":[4],"is_endless":false,"potions_floor_spawned":[1,2,7,12,21],"killed_by":"Gremlin Leader","ascension_level":17}}