{"host":"o4w63qr3r67r509f","time":1609688083,"event":{"mods":["2.2 Compatiblity","AchievementEnabler","BaseMod","Colored Map","DeckTracker","KOR Keyword Fix","Minty Spire (QoL Compilation)","StSLib"],"gold_per_floor":[113,4,24,24,24,52,52,83,83,117,17,17,33,67,67,162,162,176,176,176,194,213,213,242,260,260,271,281,315,343,343,343,447,447,462,476,426,426,66,94,113,113,140,174,190,190,190,203,203,203,203,203,7,35,35],"floor_reached":56,"playtime":10435,"items_purged":["Defend_P","Strike_P","Defend_P","Strike_P+1","Strike_P+1"],"score":1507,"play_id":"b2d09563-d384-46e5-90ba-8a1ad61706c9","local_time":"20210104003443","is_ascension_mode":true,"campfire_choices":[{"data":"Prostrate","floor":7,"key":"SMITH"},{"data":"Eruption","floor":15,"key":"SMITH"},{"data":"DeusExMachina","floor":23,"key":"SMITH"},{"data":"Devotion","floor":32,"key":"SMITH"},{"data":"Devotion","floor":42,"key":"SMITH"},{"floor":47,"key":"RECALL"},{"data":"DeceiveReality","floor":49,"key":"SMITH"},{"floor":52,"key":"REST"}],"circlet_count":0,"master_deck":["Defend_P+1","Eruption+1","Vigilance+1","CutThroughFate+1","Omniscience+1","DeceiveReality+1","SandsOfTime+1","Prostrate+1","DeusExMachina+1","Vault+1","WheelKick+1","Devotion+1","Wallop+1","WheelKick+1","Devotion+1","LessonLearned+1","Vault+1","DeusExMachina+1","Omniscience+1","Indignation+1","Ragnarok+1","Brilliance+1"],"relics":["PureWater","Ornamental Fan","HornCleat","Prayer Wheel","Kunai","Molten Egg 2","Snecko Eye","Nloth\u0027s Gift","Bag of Marbles","Red Mask","Smiling Mask","SlaversCollar","Damaru","MealTicket","Potion Belt","Mango","Mercury Hourglass"],"acts_visited":["Exordium","TheCity","TheBeyond","TheEnding"],"potions_floor_usage":[8,16,55,55,55,55,55],"damage_taken":[{"damage":0,"enemies":"Cultist","floor":1,"turns":2},{"damage":1,"enemies":"Small Slimes","floor":3,"turns":4},{"damage":12,"enemies":"Gremlin Nob","floor":6,"turns":3},{"damage":22,"enemies":"3 Sentries","floor":8,"turns":16},{"damage":0,"enemies":"Gremlin Nob","floor":10,"turns":3},{"damage":2,"enemies":"Jaw Worm","floor":13,"turns":3},{"damage":1,"enemies":"3 Sentries","floor":14,"turns":7},{"damage":8,"enemies":"Hexaghost","floor":16,"turns":6},{"damage":0,"enemies":"Spheric Guardian","floor":18,"turns":2},{"damage":0,"enemies":"Shell Parasite","floor":21,"turns":2},{"damage":0,"enemies":"Snecko","floor":22,"turns":2},{"damage":0,"enemies":"Slavers","floor":24,"turns":5},{"damage":0,"enemies":"Snake Plant","floor":25,"turns":1},{"damage":0,"enemies":"3 Cultists","floor":27,"turns":3},{"damage":0,"enemies":"Centurion and Healer","floor":28,"turns":1},{"damage":0,"enemies":"Masked Bandits","floor":29,"turns":2},{"damage":0,"enemies":"Book of Stabbing","floor":30,"turns":2},{"damage":0,"enemies":"Collector","floor":33,"turns":6},{"damage":0,"enemies":"Orb Walker","floor":35,"turns":1},{"damage":0,"enemies":"3 Shapes","floor":36,"turns":2},{"damage":0,"enemies":"Reptomancer","floor":40,"turns":2},{"damage":0,"enemies":"Maw","floor":41,"turns":3},{"damage":0,"enemies":"Giant Head","floor":44,"turns":3},{"damage":0,"enemies":"Spire Growth","floor":45,"turns":2},{"damage":0,"enemies":"4 Shapes","floor":48,"turns":2},{"damage":14,"enemies":"Awakened One","floor":50,"turns":5},{"damage":0,"enemies":"Shield and Spear","floor":54,"turns":3},{"damage":17,"enemies":"The Heart","floor":55,"turns":4}],"seed_played":"-2394707755264465472","potions_obtained":[{"floor":1,"key":"PowerPotion"},{"floor":6,"key":"CultistPotion"},{"floor":10,"key":"FearPotion"},{"floor":14,"key":"FearPotion"},{"floor":16,"key":"GamblersBrew"},{"floor":24,"key":"SkillPotion"},{"floor":45,"key":"GamblersBrew"},{"floor":48,"key":"DuplicationPotion"}],"is_trial":false,"path_per_floor":["M","$","M","?","?","E","R","E","T","E","$","T","M","E","R","B",null,"M","?","?","M","M","R","E","M","T","M","M","?","E","?","R","B",null,"M","M","$","?","$","E","M","R","T","E","M","?","R","M","R","B",null,"R","$","E","B",null],"character_chosen":"WATCHER","items_purchased":["SandsOfTime","Omniscience","Damaru","Brilliance+1"],"campfire_rested":1,"item_purchase_floors":[2,39,39,53],"current_hp_per_floor":[65,65,64,51,56,44,44,34,34,46,46,46,44,43,43,47,70,70,57,57,57,57,57,57,57,57,57,57,57,57,57,57,57,75,75,75,75,75,75,75,75,75,75,89,89,89,89,89,89,75,89,89,89,89,72],"gold":35,"neow_bonus":"TRANSFORM_TWO_CARDS","is_daily":false,"chose_seed":false,"campfire_upgraded":6,"win_rate":0.0,"timestamp":1609688083,"path_taken":["M","?","?","?","?","E","R","E","T","E","$","?","M","E","R","BOSS","M","?","?","M","M","R","E","M","T","?","?","?","E","?","R","BOSS","M","M","$","?","$","E","M","R","T","E","M","?","R","?","R","BOSS","R","$","E","BOSS"],"items_purchased_type":["Card","Card","Relic","Card"],"build_version":"2020-12-22","purchased_purges":5,"victory":true,"max_hp_per_floor":[65,65,65,65,70,70,70,70,70,70,70,70,70,70,70,70,70,70,75,75,75,75,75,75,75,75,75,75,75,75,75,75,75,75,75,75,75,75,75,75,75,75,75,89,89,89,89,89,89,89,89,89,89,89,89],"card_choices":[{"not_picked":["WreathOfFlame","PathToVictory"],"picked":"DeceiveReality","floor":1},{"not_picked":["EmptyBody","Vengeance"],"picked":"Prostrate","floor":3},{"not_picked":["SashWhip","WheelKick","CrushJoints"],"picked":"SKIP","floor":6},{"not_picked":["InnerPeace","WaveOfTheHand","PathToVictory"],"picked":"SKIP","floor":8},{"not_picked":["Conclude","FollowUp","Fasting2"],"picked":"SKIP","floor":10},{"not_picked":["Consecrate","Protect"],"picked":"DeusExMachina","floor":13},{"not_picked":["ClearTheMind","PathToVictory","BowlingBash"],"picked":"SKIP","floor":13},{"not_picked":["CutThroughFate+1","Swivel","InnerPeace"],"picked":"SKIP","floor":14},{"not_picked":["DeusExMachina","Establishment"],"picked":"Vault","floor":16},{"not_picked":["Evaluate","Protect"],"picked":"WheelKick+1","floor":18},{"not_picked":["BowlingBash+1","Crescendo+1","Study"],"picked":"SKIP","floor":18},{"not_picked":["Consecrate+1","Evaluate","ThirdEye"],"picked":"SKIP","floor":21},{"not_picked":["Indignation+1","SashWhip+1","Scrawl"],"picked":"SKIP","floor":21},{"not_picked":["SashWhip+1","Blasphemy","FlyingSleeves+1"],"picked":"SKIP","floor":22},{"not_picked":["EmptyFist+1","Halt+1","EmptyBody"],"picked":"SKIP","floor":22},{"not_picked":["Protect","FlurryOfBlows+1"],"picked":"Devotion","floor":24},{"not_picked":["FlurryOfBlows+1","FollowUp+1","WreathOfFlame+1"],"picked":"SKIP","floor":25},{"not_picked":["Consecrate+1","Vengeance","ClearTheMind"],"picked":"SKIP","floor":25},{"not_picked":["WaveOfTheHand","Consecrate+1","FlyingSleeves+1"],"picked":"SKIP","floor":27},{"not_picked":["SashWhip+1","DeceiveReality","Meditate"],"picked":"SKIP","floor":27},{"not_picked":["Protect","Collect"],"picked":"Wallop+1","floor":28},{"not_picked":["Prostrate","Evaluate"],"picked":"WheelKick+1","floor":28},{"not_picked":["PathToVictory","Protect"],"picked":"Devotion","floor":29},{"not_picked":["Evaluate","Blasphemy"],"picked":"LessonLearned+1","floor":30},{"not_picked":["Establishment","LessonLearned+1"],"picked":"DeusExMachina","floor":33},{"not_picked":["InnerPeace","BowlingBash+1","DeceiveReality+1"],"picked":"SKIP","floor":35},{"not_picked":["PathToVictory","Crescendo+1","EmptyFist+1"],"picked":"SKIP","floor":35},{"not_picked":["FollowUp+1","Blasphemy","BowlingBash+1"],"picked":"SKIP","floor":36},{"not_picked":["Protect+1","PathToVictory","Crescendo+1"],"picked":"SKIP","floor":36},{"not_picked":["PathToVictory","WaveOfTheHand"],"picked":"Indignation+1","floor":40},{"not_picked":["ThirdEye+1","FlurryOfBlows+1","BowlingBash+1"],"picked":"SKIP","floor":41},{"not_picked":["Adaptation","Vengeance","FlyingSleeves+1"],"picked":"SKIP","floor":41},{"not_picked":["Consecrate+1","EmptyBody+1","Collect"],"picked":"SKIP","floor":44},{"not_picked":["Vengeance","Protect"],"picked":"Ragnarok+1","floor":45},{"not_picked":["ThirdEye","ReachHeaven+1","WindmillStrike+1"],"picked":"SKIP","floor":45},{"not_picked":["Indignation+1","DeceiveReality+1","PathToVictory"],"picked":"SKIP","floor":48},{"not_picked":["Nirvana+1","Tantrum+1","FlyingSleeves+1"],"picked":"SKIP","floor":48},{"not_picked":["CrushJoints+1","Conclude+1","SignatureMove+1"],"picked":"SKIP","floor":54}],"player_experience":97817,"relics_obtained":[{"floor":6,"key":"Meat on the Bone"},{"floor":8,"key":"Ornamental Fan"},{"floor":9,"key":"HornCleat"},{"floor":10,"key":"Prayer Wheel"},{"floor":12,"key":"Kunai"},{"floor":14,"key":"Molten Egg 2"},{"floor":24,"key":"Bag of Marbles"},{"floor":29,"key":"Red Mask"},{"floor":30,"key":"Smiling Mask"},{"floor":40,"key":"MealTicket"},{"floor":43,"key":"Potion Belt"},{"floor":44,"key":"Mango"},{"floor":54,"key":"Mercury Hourglass"}],"event_choices":[{"damage_healed":0,"gold_gain":0,"player_choice":"Entered Light","damage_taken":13,"max_hp_gain":0,"max_hp_loss":0,"event_name":"Shining Light","floor":4,"gold_loss":0,"cards_upgraded":["Strike_P","Strike_P"]},{"damage_healed":0,"gold_gain":0,"player_choice":"Donut","damage_taken":0,"max_hp_gain":5,"max_hp_loss":0,"event_name":"Big Fish","floor":5,"gold_loss":0},{"damage_healed":0,"gold_gain":0,"player_choice":"Shed Blood","damage_taken":18,"max_hp_gain":5,"max_hp_loss":0,"event_name":"Forgotten Altar","floor":19,"gold_loss":0},{"damage_healed":0,"gold_gain":0,"player_choice":"Traded Relic","damage_taken":0,"relics_obtained":["Nloth\u0027s Gift"],"max_hp_gain":0,"max_hp_loss":0,"event_name":"N\u0027loth","floor":20,"relics_lost":["Meat on the Bone"],"gold_loss":0},{"damage_healed":0,"gold_gain":0,"player_choice":"Fought Bandits","damage_taken":0,"max_hp_gain":0,"max_hp_loss":0,"event_name":"Masked Bandits","floor":29,"gold_loss":0},{"damage_healed":0,"gold_gain":0,"player_choice":"Read","damage_taken":0,"max_hp_gain":0,"max_hp_loss":0,"event_name":"The Library","floor":31,"gold_loss":0,"cards_obtained":["Vault"]},{"damage_healed":0,"gold_gain":0,"player_choice":"Memory 1","damage_taken":0,"max_hp_gain":0,"max_hp_loss":0,"event_name":"SensoryStone","floor":38,"gold_loss":0},{"damage_healed":0,"gold_gain":0,"player_choice":"Forge","damage_taken":0,"max_hp_gain":0,"max_hp_loss":0,"event_name":"Accursed Blacksmith","floor":46,"gold_loss":0,"cards_upgraded":["DeusExMachina"]}],"is_beta":false,"boss_relics":[{"not_picked":["SacredBark","Runic Pyramid"],"picked":"Snecko Eye"},{"not_picked":["Cursed Key","Runic Dome"],"picked":"SlaversCollar"}],"items_purged_floors":[2,11,37,39,53],"is_endless":false,"potions_floor_spawned":[1,6,10,14,16,24,25,27,29,40,41,45,48,54],"ascension_level":1}}