{"host":"zzc28wglrg51iog5","time":1609687421,"event":{"mods":["BaseMod","Colored Map","Downfall","Hermit","Minty Spire (QoL Compilation)","StSLib","The Hierophant","The Marked"],"gold_per_floor":[115,43,43,54,4,4,42,42,87,87,120,150,194,229,241,356,368,398,431,462,492,527,570,582,631,643,707,818,830,894,410,410,540,540,586,634,413,461,528,591,591,666,713,785,435,477,477,477,477,473,473,473,14,60,48,48],"floor_reached":55,"playtime":3314,"items_purged":["hierophant:Defend_Hierophant","hierophant:Strike_Hierophant","hierophant:Defend_Hierophant","hierophant:SecretStash"],"score":998,"play_id":"7ede4e11-251a-4d60-aaec-811a1d4c150b","local_time":"20210103162341","is_ascension_mode":true,"campfire_choices":[{"data":"hierophant:ChurchCoffers","floor":6.0,"key":"SMITH"},{"data":"hierophant:Exaltation","floor":8.0,"key":"SMITH"},{"data":"hierophant:Punish","floor":10.0,"key":"SMITH"},{"data":"hierophant:PristineSoul","floor":15.0,"key":"SMITH"},{"data":"hierophant:Determination","floor":24.0,"key":"SMITH"},{"data":"hierophant:OrnateBuckler","floor":29.0,"key":"SMITH"},{"data":"hierophant:Doubloon","floor":32.0,"key":"SMITH"},{"data":"hierophant:DivineIntervention","floor":41.0,"key":"SMITH"},{"floor":47.0,"key":"RECALL"},{"data":"hierophant:Repentance","floor":49.0,"key":"SMITH"},{"data":"Secret Technique","floor":52.0,"key":"SMITH"}],"circlet_count":0,"master_deck":["hierophant:Strike_Hierophant","hierophant:Punish+1","hierophant:Defend_Hierophant","hierophant:ChurchCoffers+1","hierophant:PristineSoul+1","hierophant:Exaltation+1","hierophant:OrnateBuckler+1","hierophant:Smite","hierophant:SealAway+1","hierophant:MorningPrayer","hierophant:Determination+1","hierophant:Endure+1","hierophant:HolyVerse+1","hierophant:Anathema+1","hierophant:Charity","hierophant:Doubloon+1","hierophant:CoinFling+1","hierophant:Doubloon","hierophant:Repentance+1","Secret Technique+1","hierophant:Doubloon","hierophant:CursedGold+1","hierophant:DivineIntervention+1","hierophant:MorningPrayer+1","hierophant:Smite+1","hierophant:Charity","hierophant:Doubloon"],"relics":["hierophant:PropheticMaskRelic","NeowsBlessing","White Beast Statue","Smiling Mask","MealTicket","MawBank","Molten Egg 2","SlaversCollar","Bag of Preparation","Lantern","Pantograph","hexamod:BolsterEngine","ClockworkSouvenir","Empty Cage","FossilizedHelix","Ice Cream","Art of War","Blood Vial","Anchor","Orrery","TheAbacus","Happy Flower","Boot"],"acts_visited":["Exordium","TheCity","TheBeyond","TheEnding"],"potions_floor_usage":[55,55],"damage_taken":[{"damage":0.0,"enemies":"Jaw Worm","floor":1.0,"turns":1.0},{"damage":0.0,"enemies":"2 Louse","floor":4.0,"turns":1.0},{"damage":0.0,"enemies":"Lagavulin","floor":7.0,"turns":1.0},{"damage":0.0,"enemies":"Gremlin Nob","floor":11.0,"turns":3.0},{"damage":6.0,"enemies":"Small Slimes","floor":12.0,"turns":1.0},{"damage":2.0,"enemies":"3 Sentries","floor":13.0,"turns":2.0},{"damage":0.0,"enemies":"Exordium Wildlife","floor":14.0,"turns":3.0},{"damage":23.0,"enemies":"Slime Boss","floor":16.0,"turns":7.0},{"damage":3.0,"enemies":"Spheric Guardian","floor":18.0,"turns":3.0},{"damage":0.0,"enemies":"Chosen","floor":19.0,"turns":4.0},{"damage":6.0,"enemies":"Snake Plant","floor":20.0,"turns":4.0},{"damage":22.0,"enemies":"Sentry and Sphere","floor":21.0,"turns":4.0},{"damage":34.0,"enemies":"Shelled Parasite and Fungi","floor":22.0,"turns":6.0},{"damage":24.0,"enemies":"Gremlin Leader","floor":23.0,"turns":7.0},{"damage":6.0,"enemies":"Snake Plant","floor":25.0,"turns":6.0},{"damage":8.0,"enemies":"Slavers","floor":27.0,"turns":6.0},{"damage":10.0,"enemies":"Book of Stabbing","floor":30.0,"turns":3.0},{"damage":7.0,"enemies":"Automaton","floor":33.0,"turns":6.0},{"damage":0.0,"enemies":"Orb Walker","floor":35.0,"turns":2.0},{"damage":0.0,"enemies":"3 Shapes","floor":36.0,"turns":3.0},{"damage":30.0,"enemies":"2 Orb Walkers","floor":38.0,"turns":5.0},{"damage":66.0,"enemies":"Transient","floor":39.0,"turns":5.0},{"damage":16.0,"enemies":"Reptomancer","floor":40.0,"turns":7.0},{"damage":35.0,"enemies":"Nemesis","floor":42.0,"turns":5.0},{"damage":0.0,"enemies":"Reptomancer","floor":44.0,"turns":5.0},{"damage":0.0,"enemies":"3 Darklings","floor":46.0,"turns":3.0},{"damage":30.0,"enemies":"Time Eater","floor":50.0,"turns":6.0},{"damage":0,"enemies":"Shield and Spear","floor":54,"turns":3},{"damage":77,"enemies":"The Heart","floor":55,"turns":6}],"seed_played":"-7319447852359620113","potions_obtained":[{"floor":4.0,"key":"sneckomod:MuddlingPotion"},{"floor":7.0,"key":"PowerPotion"},{"floor":11.0,"key":"ColorlessPotion"},{"floor":12.0,"key":"champ:CounterPotion"},{"floor":13.0,"key":"Fire Potion"},{"floor":14.0,"key":"SkillPotion"},{"floor":16.0,"key":"FearPotion"},{"floor":18.0,"key":"sneckomod:MuddlingPotion"},{"floor":19.0,"key":"SteroidPotion"},{"floor":20.0,"key":"Regen Potion"},{"floor":22.0,"key":"FairyPotion"},{"floor":25.0,"key":"EssenceOfSteel"},{"floor":27.0,"key":"LiquidBronze"},{"floor":30.0,"key":"Swift Potion"},{"floor":33.0,"key":"Dexterity Potion"},{"floor":38.0,"key":"sneckomod:MuddlingPotion"},{"floor":39.0,"key":"SpeedPotion"},{"floor":40.0,"key":"DistilledChaos"},{"floor":42.0,"key":"LiquidMemories"},{"floor":44.0,"key":"GamblersBrew"},{"floor":46.0,"key":"Block Potion"}],"is_trial":false,"path_per_floor":["M","$","?","M","?","R","E","R","T","R","E","M","E","M","R","B",null,"M","M","M","M","M","E","R","M","T","E","?","R","E","$","R","B",null,"M","M","$","?","M","E","R","E","T","E","$","M","R","?","R","B",null,"R","$","E","B"],"character_chosen":"HIEROPHANT","items_purchased":["hierophant:Exaltation","hierophant:Anathema+1","ClockworkSouvenir","hierophant:Charity","hierophant:CoinFling+1","Secret Technique","Anchor","Orrery","TheAbacus","hierophant:Charity","Happy Flower","Ancient Potion"],"campfire_rested":0,"item_purchase_floors":[2,31,31,31,31,37,45,45,53,53,53,53],"current_hp_per_floor":[75,75,68,68,68,68,68,68,68,68,68,62,60,60,60,37,66,69,71,72,62,41,71,71,71,71,75,75,75,70,75,75,69,74,74,75,75,70,4,56,56,70,70,75,75,75,75,75,75,66,73,73,75,75,0,0],"gold":48,"neow_bonus":"THREE_ENEMY_KILL","is_daily":false,"chose_seed":false,"campfire_upgraded":10,"win_rate":0.0,"timestamp":1609687421,"path_taken":["M","$","?","M","?","R","E","R","T","R","E","M","E","M","R","BOSS","M","M","M","M","M","E","R","M","T","E","?","R","E","$","R","BOSS","M","M","$","?","M","E","R","E","T","E","$","M","R","?","R","BOSS","R","$","E","BOSS"],"items_purchased_type":["Card","Card","Relic","Card","Card","Card","Relic","Relic","Relic","Card","Relic","Potion"],"build_version":"2020-12-22","purchased_purges":4,"victory":false,"max_hp_per_floor":[75,75,75,75,75,75,75,75,75,75,75,75,75,75,75,75,75,75,75,75,75,75,75,75,75,75,75,75,75,75,75,75,75,75,75,75,75,75,75,75,75,75,75,75,75,75,75,75,75,75,75,75,75,75,75,75],"card_choices":[{"not_picked":["hierophant:Smite","hierophant:Shelter"],"picked":"hierophant:PristineSoul","floor":1.0},{"not_picked":["hierophant:ArchangelShield","hierophant:CursedGold"],"picked":"hierophant:OrnateBuckler","floor":4.0},{"not_picked":["hierophant:Batter","hierophant:ThreeLashes"],"picked":"hierophant:Smite","floor":7.0},{"not_picked":["hierophant:OrnateBuckler","hierophant:Batter","hierophant:Community"],"picked":"SKIP","floor":11.0},{"not_picked":["hierophant:Mercenaries","hierophant:FlamingChariot","hierophant:RecallFunds"],"picked":"SKIP","floor":12.0},{"not_picked":["hierophant:DeathKnell","hierophant:Doomsaying"],"picked":"hierophant:SealAway+1","floor":13.0},{"not_picked":["hierophant:DisplayOfPower+1","hierophant:Sermon"],"picked":"hierophant:MorningPrayer","floor":14.0},{"not_picked":["hierophant:Batter+1","hierophant:WrathOfGod+1"],"picked":"hierophant:Determination","floor":16.0},{"not_picked":["hierophant:Doubloon","hierophant:AuricBeam+1","hierophant:OrnateBuckler"],"picked":"SKIP","floor":18.0},{"not_picked":["hierophant:SealAway+1","hierophant:MorningPrayer","hierophant:Encroach"],"picked":"SKIP","floor":19.0},{"not_picked":["hierophant:FaithHealing","hierophant:Determination"],"picked":"hierophant:Endure+1","floor":20.0},{"not_picked":["hierophant:Sermon","hierophant:Purify+1","hierophant:EyeForCoin"],"picked":"SKIP","floor":21.0},{"not_picked":["hierophant:AuricBeam+1","hierophant:Encroach","hierophant:Invocation"],"picked":"SKIP","floor":22.0},{"not_picked":["hierophant:Doubloon","hierophant:Community"],"picked":"hierophant:SecretStash","floor":23.0},{"not_picked":["hierophant:Purify+1","hierophant:DisplayOfPower+1","hierophant:DeathKnell"],"picked":"SKIP","floor":25.0},{"not_picked":["hierophant:Doomsaying+1","hierophant:Sermon+1"],"picked":"hierophant:HolyVerse+1","floor":27.0},{"not_picked":["hierophant:FlamingChariot+1","hierophant:RustyCrate","hierophant:SealAway+1"],"picked":"SKIP","floor":30.0},{"not_picked":["hierophant:Shelter","hierophant:SealAway+1","hierophant:ThreeLashes+1"],"picked":"SKIP","floor":35.0},{"not_picked":["hierophant:Remorse+1","hierophant:HammerAndAnvil"],"picked":"hierophant:Repentance","floor":36.0},{"not_picked":["hierophant:MintersHammer+1","hierophant:ArchangelShield"],"picked":"hierophant:CursedGold+1","floor":38.0},{"not_picked":["hierophant:Encroach","hierophant:Sermon+1","hierophant:Remorse+1"],"picked":"SKIP","floor":39.0},{"not_picked":["hierophant:AuricBeam+1","hierophant:Exaltation+1"],"picked":"hierophant:DivineIntervention","floor":40.0},{"not_picked":["hierophant:Zeal+1","hierophant:Remorse+1","hierophant:FieryStrike+1"],"picked":"SKIP","floor":42.0},{"not_picked":["hierophant:SecretStash+1","hierophant:PassingBell+1","hierophant:FlamingChariot+1"],"picked":"SKIP","floor":44.0},{"not_picked":["hierophant:FieryStrike+1","hierophant:Shelter"],"picked":"hierophant:MorningPrayer+1","floor":45.0},{"not_picked":["hierophant:HolyVerse+1","hierophant:Alms"],"picked":"hierophant:Smite+1","floor":45.0},{"not_picked":["hierophant:Sermon","hierophant:Patience","hierophant:Shelter"],"picked":"SKIP","floor":46.0},{"not_picked":["hierophant:Purify+1","hierophant:Martyrdom+1","hierophant:SealAway+1"],"picked":"SKIP","floor":54}],"player_experience":1590881,"relics_obtained":[{"floor":7.0,"key":"Smiling Mask"},{"floor":9.0,"key":"MealTicket"},{"floor":11.0,"key":"MawBank"},{"floor":13.0,"key":"Molten Egg 2"},{"floor":23.0,"key":"Bag of Preparation"},{"floor":26.0,"key":"Lantern"},{"floor":27.0,"key":"Pantograph"},{"floor":30.0,"key":"hexamod:BolsterEngine"},{"floor":38.0,"key":"FossilizedHelix"},{"floor":40.0,"key":"Ice Cream"},{"floor":42.0,"key":"Art of War"},{"floor":44.0,"key":"Blood Vial"},{"floor":54,"key":"Boot"}],"event_choices":[{"damage_healed":0.0,"max_hp_gain":0.0,"max_hp_loss":0.0,"gold_gain":0.0,"event_name":"Scrap Ooze","player_choice":"Success","floor":3.0,"gold_loss":0.0,"damage_taken":7.0,"relics_obtained":["White Beast Statue"]},{"cards_removed":["hierophant:Strike_Hierophant"],"damage_healed":0.0,"max_hp_gain":0.0,"max_hp_loss":0.0,"gold_gain":0.0,"event_name":"The Cleric","player_choice":"Card Removal","floor":5.0,"gold_loss":50.0,"damage_taken":0.0},{"damage_healed":0.0,"max_hp_gain":0.0,"max_hp_loss":0.0,"gold_gain":99.0,"event_name":"Nest","player_choice":"Stole From Cult","floor":28.0,"gold_loss":0.0,"damage_taken":0.0},{"damage_healed":0.0,"max_hp_gain":0.0,"max_hp_loss":0.0,"gold_gain":0.0,"event_name":"Mysterious Sphere","player_choice":"Fight","floor":38.0,"gold_loss":0.0,"damage_taken":0.0},{"damage_healed":0.0,"max_hp_gain":0.0,"max_hp_loss":0.0,"gold_gain":0.0,"event_name":"The Woman in Blue","player_choice":"Bought 0 Potions","floor":48.0,"gold_loss":0.0,"damage_taken":0.0}],"is_beta":false,"boss_relics":[{"not_picked":["Ectoplasm","Philosopher\u0027s Stone"],"picked":"SlaversCollar"},{"not_picked":["Calling Bell","expansioncontent:StudyCardRelic"],"picked":"Empty Cage"}],"items_purged_floors":[31,37,45,53],"is_endless":false,"potions_floor_spawned":[4,7,11,12,13,14,16,18,19,20,21,22,25,27,30,33,35,36,38,39,40,42,44,46,54],"killed_by":"The Heart","ascension_level":5}}