{"host":"5gusigds1c3jyr99","time":1609680781,"event":{"mods":["AchievementEnabler","Arknights The Spire","Astrologer","BaseMod","GungeonMod","Hermit","Marisa£¨Ùöéë¡¡Øª×âÞÞ£©","Minty Spire (QoL Compilation)","Permanent Neow","Replay The Spire","StSLib","The Bug Knight","The Cursed","The Death Knight","The Disciple","The Dragon Tamer","The Hierophant","The Jungle","The Poker Player","The Senshi","TheBandit"],"gold_per_floor":[112,112,112,127,52,83,83,94,117,117,117,17,60,60,86,146,146,250,250,269,269,269,286,306,343,343,218,218,218,234,84,64,79,79,204,204,227,52,61,78,78,107,107,107,107,131,165,177,177,177,177,177],"floor_reached":53,"playtime":8046,"items_purged":["DemoMod:Strike_Huntress","DemoMod:Defend_Huntress","DemoMod:Strike_Huntress","DemoMod:RustySidearm","DemoMod:Unmoved"],"score":923,"play_id":"874f1f67-f3fd-46c5-b317-c11cada64057","local_time":"20210103223301","is_ascension_mode":true,"campfire_choices":[{"data":"DemoMod:ProbeStrike","floor":7.0,"key":"SMITH"},{"data":"DemoMod:FightSabre","floor":14.0,"key":"SMITH"},{"data":"DemoMod:ManualReload","floor":26,"key":"SMITH"},{"data":"DemoMod:FullFirepower","floor":34,"key":"SMITH"},{"data":"DemoMod:FightSabre","floor":43,"key":"SMITH"},{"data":"DemoMod:GunShield","floor":49,"key":"SMITH"},{"data":"DemoMod:DirectionalPad","floor":51,"key":"SMITH"}],"circlet_count":0,"master_deck":["DemoMod:Defend_Huntress","DemoMod:Defend_Huntress","DemoMod:Roll","DemoMod:ManualReload+1","DemoMod:CrossBow+1","DemoMod:DirectionalPad+1","DemoMod:FightSabre+1","DemoMod:ProbeStrike+1","DemoMod:MegaHand","DemoMod:Unmoved","DemoMod:GunShield+1","DemoMod:FullFirepower+1","DemoMod:BalloonGun","DemoMod:TableSutra+1","DemoMod:SniperShot+1","DemoMod:PracticeMakesPerfect","Dramatic Entrance","DemoMod:Evolver+","DemoMod:SpreadAmmo+1","DemoMod:FightSabre+1","DemoMod:FastSwitch+1","DemoMod:CursedBullets","DemoMod:ShadowBullets+1"],"relics":["DemoMod:Dog","Nunchaku","Unceasing Top","PreservedInsect","StoneCalendar","DemoMod:RiddleOfLead","Omamori","FossilizedHelix","CeramicFish","Ring of Chaos","Dream Catcher","DemoMod:JetPack","Simple Rune","Ring of Searing"],"acts_visited":["Exordium","TheCity","TheBeyond"],"potions_floor_usage":[33,37,40,40],"damage_taken":[{"damage":2.0,"enemies":"Jaw Worm","floor":1.0,"turns":3.0},{"damage":7.0,"enemies":"Small Slimes","floor":4.0,"turns":2.0},{"damage":13.0,"enemies":"3 Sentries","floor":6.0,"turns":9.0},{"damage":0.0,"enemies":"2 Louse","floor":8.0,"turns":1.0},{"damage":0.0,"enemies":"Looter","floor":13.0,"turns":2.0},{"damage":7.0,"enemies":"Lagavulin","floor":15.0,"turns":4.0},{"damage":0.0,"enemies":"Lagavulin Event","floor":16.0,"turns":3.0},{"damage":8.0,"enemies":"Fading Forest","floor":18.0,"turns":11.0},{"damage":0,"enemies":"Shell Parasite","floor":20,"turns":1},{"damage":0,"enemies":"Spheric Guardian","floor":23,"turns":2},{"damage":0,"enemies":"Cultist and Chosen","floor":24,"turns":3},{"damage":0,"enemies":"Gremlin Leader","floor":25,"turns":4},{"damage":0,"enemies":"3 Cultists","floor":30,"turns":3},{"damage":0,"enemies":"Centurion and Healer","floor":33,"turns":4},{"damage":0,"enemies":"Automaton","floor":35,"turns":10},{"damage":0,"enemies":"Orb Walker","floor":37,"turns":3},{"damage":0,"enemies":"3 Shapes","floor":40,"turns":6},{"damage":0,"enemies":"Nemesis","floor":42,"turns":1},{"damage":0,"enemies":"Maw","floor":46,"turns":7},{"damage":0,"enemies":"Giant Head","floor":47,"turns":4},{"damage":0,"enemies":"Writhing Mass","floor":48,"turns":2},{"damage":14,"enemies":"Donu and Deca","floor":52,"turns":4}],"seed_played":"1793520755972979695","potions_obtained":[{"floor":4.0,"key":"Strength Potion"},{"floor":6.0,"key":"ColorlessPotion"},{"floor":18.0,"key":"Fire Potion"},{"floor":22,"key":"LifebloodPotion"},{"floor":30,"key":"Adrenaline Potion"},{"floor":37,"key":"Fruit Juice"},{"floor":42,"key":"Ancient Potion"}],"is_trial":false,"path_per_floor":["M","?","?","M","$","E","R","M","T","PTL","PTL","$","M","R","E","?","R","B",null,"M","?","?","M","M","E","R","$","T","?","M","$","?","M","R","B",null,"M","$","?","M","$","E","R","$","T","M","E","M","R","?","R","B",null],"character_chosen":"HUNTRESS","items_purchased":[],"campfire_rested":0,"item_purchase_floors":[],"current_hp_per_floor":[68,68,68,61,61,48,48,48,48,48,48,48,48,48,41,41,41,43,80,80,80,80,80,80,80,80,80,80,68,68,68,68,68,68,68,80,85,85,85,85,85,85,85,85,85,85,85,85,85,85,85,71],"gold":177,"neow_bonus":"RANDOM_COMMON_RELIC","is_daily":false,"chose_seed":false,"campfire_upgraded":7,"win_rate":0.0,"timestamp":1609680781,"path_taken":["M","?","?","M","?","E","R","M","T","PTL","PTL","$","M","R","E","?","R","BOSS","M","?","?","?","M","E","R","$","T","?","M","?","?","M","R","BOSS","M","$","?","M","$","E","R","?","T","M","E","M","R","?","R","BOSS"],"items_purchased_type":[],"build_version":"2020-12-22","purchased_purges":5,"victory":true,"max_hp_per_floor":[70,70,70,70,70,70,70,70,70,70,70,70,70,70,70,70,70,70,80,80,80,80,80,80,80,80,80,80,80,80,80,80,80,80,80,80,85,85,85,85,85,85,85,85,85,85,85,85,85,85,85,85],"card_choices":[{"not_picked":["DemoMod:Camera","DemoMod:FastSwitch"],"picked":"DemoMod:DirectionalPad","floor":1.0},{"not_picked":["DemoMod:BoxingGlove","DemoMod:Purify"],"picked":"DemoMod:FightSabre","floor":4.0},{"not_picked":["DemoMod:DoubleSwitch","DemoMod:SAA"],"picked":"DemoMod:ProbeStrike","floor":6.0},{"not_picked":["DemoMod:AC15","DemoMod:Ejector"],"picked":"DemoMod:MegaHand","floor":8.0},{"not_picked":["DemoMod:HungryBullets","DemoMod:GunstockTap"],"picked":"DemoMod:Unmoved","floor":13.0},{"not_picked":["DemoMod:DirectionalPad","DemoMod:Unmoved","DemoMod:DoubleSwitch"],"picked":"SKIP","floor":15.0},{"not_picked":["DemoMod:Rummage","DemoMod:JK47"],"picked":"DemoMod:GunShield","floor":16.0},{"not_picked":["DemoMod:Gungine","DemoMod:BulletBore"],"picked":"DemoMod:FullFirepower","floor":18.0},{"not_picked":["DemoMod:GunslingerForm","DemoMod:FullFirepower"],"picked":"DemoMod:BalloonGun","floor":18.0},{"not_picked":["DemoMod:FastSwitch","DemoMod:AC15"],"picked":"DemoMod:TableSutra+1","floor":20},{"not_picked":["DemoMod:HardPowerCard","DemoMod:ShadowBullets"],"picked":"DemoMod:SniperShot+1","floor":23},{"not_picked":["DemoMod:GunstockTap+1","DemoMod:AbyssalTentacle+1"],"picked":"DemoMod:PracticeMakesPerfect","floor":24},{"not_picked":["DemoMod:TableSutra","DemoMod:BattleInHaste+1","DemoMod:PotionOfGunFriendShip"],"picked":"SKIP","floor":25},{"not_picked":["DemoMod:GunShield","DemoMod:TeaPot"],"picked":"DemoMod:Evolver","floor":30},{"not_picked":["DemoMod:HuntsMan+1","DemoMod:ChanceBullets"],"picked":"DemoMod:SpreadAmmo+1","floor":33},{"not_picked":["DemoMod:Slinger","DemoMod:BSG"],"picked":"DemoMod:FightSabre","floor":35},{"not_picked":["DemoMod:MegaHand","DemoMod:HardPowerCard+1"],"picked":"DemoMod:FastSwitch+1","floor":37},{"not_picked":["DemoMod:PotionOfGunFriendShip","DemoMod:Ejector+1","DemoMod:DoubleSwitch+1"],"picked":"SKIP","floor":40},{"not_picked":["DemoMod:AbyssalTentacle","DemoMod:JK47","DemoMod:EasyReloadBullets"],"picked":"SKIP","floor":42},{"not_picked":["DemoMod:JK47+1","DemoMod:HardPowerCard","DemoMod:GunslingerForm"],"picked":"SKIP","floor":46},{"not_picked":["DemoMod:ProbeStrike+1","DemoMod:ChanceBullets+1"],"picked":"DemoMod:ShadowBullets+1","floor":47},{"not_picked":["DemoMod:DirectionalPad+1","DemoMod:ConditionalReflex","DemoMod:ZorGun"],"picked":"SKIP","floor":48}],"player_experience":596785,"relics_obtained":[{"floor":6.0,"key":"Unceasing Top"},{"floor":15.0,"key":"PreservedInsect"},{"floor":16.0,"key":"StoneCalendar"},{"floor":25,"key":"Omamori"},{"floor":28,"key":"FossilizedHelix"},{"floor":35,"key":"CeramicFish"},{"floor":42,"key":"Dream Catcher"},{"floor":45,"key":"DemoMod:JetPack"},{"floor":47,"key":"Simple Rune"},{"floor":50,"key":"Ring of Searing"}],"event_choices":[{"damage_healed":0.0,"max_hp_gain":0.0,"max_hp_loss":0.0,"gold_gain":0.0,"event_name":"Liars Game","player_choice":"Ignored","floor":3.0,"gold_loss":0.0,"damage_taken":0.0},{"damage_healed":0.0,"max_hp_gain":0.0,"max_hp_loss":0.0,"gold_gain":30.0,"event_name":"Dead Adventurer","player_choice":"Searched \u00273\u0027 times","floor":16.0,"gold_loss":0.0,"damage_taken":0.0},{"damage_healed":0,"gold_gain":0,"player_choice":"Ignored","damage_taken":0,"max_hp_gain":0,"max_hp_loss":0,"event_name":"Ghosts","floor":21,"gold_loss":0},{"damage_healed":0,"gold_gain":0,"player_choice":"Got Potions","damage_taken":0,"max_hp_gain":0,"max_hp_loss":0,"event_name":"Lab","floor":22,"gold_loss":0},{"damage_healed":0,"gold_gain":0,"player_choice":"CARD ","damage_taken":12,"max_hp_gain":0,"max_hp_loss":0,"event_name":"Knowing Skull","floor":29,"potions_obtained":[],"gold_loss":0,"cards_obtained":["Dramatic Entrance"]},{"damage_healed":0,"gold_gain":0,"cards_transformed":["DemoMod:Defend_Huntress"],"player_choice":"Transformed","damage_taken":0,"max_hp_gain":0,"max_hp_loss":0,"event_name":"Transmorgrifier","floor":39,"gold_loss":0,"cards_obtained":["DemoMod:CursedBullets"]}],"is_beta":false,"boss_relics":[{"not_picked":["Tiny House","Replay:Ancient Bell"],"picked":"DemoMod:RiddleOfLead"},{"not_picked":["Astrolabe","Busted Crown"],"picked":"Ring of Chaos"}],"items_purged_floors":[5,12,27,31,38],"is_endless":false,"potions_floor_spawned":[4,6,18,24,30,37,42],"ascension_level":2}}