{"host":"toh0bbw446wnuexf","time":1609643430,"event":{"mods":["BaseMod","Downfall","Hermit","Minty Spire (QoL Compilation)","Random Character Button","StSLib"],"gold_per_floor":[99,119,133,147,164,175,175,233,233,233,72,92,92,108,127,222,222,222,222,222,222,222,222,222,222,207,207,207,207,207,207,207,207,207,207],"floor_reached":33,"playtime":2262,"items_purged":[],"score":257,"play_id":"c2d271bb-c6c7-4dde-8217-0d182057e14d","local_time":"20210103161030","is_ascension_mode":true,"campfire_choices":[{"data":"champ:Execute","floor":1,"key":"SMITH"},{"data":"champ:Balance","floor":9,"key":"SMITH"},{"data":"champ:Strike","floor":13,"key":"SMITH"},{"data":"champ:PerfectedStrike","floor":18,"key":"SMITH"},{"data":"champ:PerfectedStrike","floor":27,"key":"SMITH"},{"floor":30,"key":"REST"}],"circlet_count":0,"master_deck":["champ:Strike+1","champ:Strike","champ:Strike","champ:Strike","champ:Defend","champ:Defend","champ:Defend","champ:Defend","champ:Balance+1","champ:PerfectedStrike+1","champ:PerfectedStrike+1"],"relics":["champ:ChampionCrown","Lizard Tail","White Beast Statue","ClockworkSouvenir","downfall:Hecktoplasm","Boot"],"acts_visited":["Exordium","TheCity"],"potions_floor_usage":[16,16,16,33],"damage_taken":[{"damage":6,"enemies":"Cultist","floor":2,"turns":3},{"damage":0,"enemies":"Small Slimes","floor":3,"turns":2},{"damage":5,"enemies":"2 Louse","floor":4,"turns":2},{"damage":16,"enemies":"Lots of Slimes","floor":5,"turns":7},{"damage":5,"enemies":"2 Fungi Beasts","floor":6,"turns":3},{"damage":38,"enemies":"3 Sentries","floor":8,"turns":10},{"damage":10,"enemies":"downfall:FleeingMerchant","floor":11,"turns":4},{"damage":6,"enemies":"Exordium Wildlife","floor":12,"turns":3},{"damage":17,"enemies":"Exordium Thugs","floor":14,"turns":5},{"damage":0,"enemies":"3 Louse","floor":15,"turns":1},{"damage":94,"enemies":"downfall:Defect","floor":16,"turns":8},{"damage":5,"enemies":"Chosen","floor":19,"turns":4},{"damage":24,"enemies":"Shell Parasite","floor":20,"turns":5},{"damage":1,"enemies":"Shelled Parasite and Fungi","floor":22,"turns":5},{"damage":7,"enemies":"3 Cultists","floor":25,"turns":5},{"damage":0,"enemies":"downfall:FleeingMerchant","floor":26,"turns":4},{"damage":30,"enemies":"Sentry and Sphere","floor":28,"turns":5},{"damage":40,"enemies":"Centurion and Healer","floor":29,"turns":4},{"damage":20,"enemies":"3 Cultists","floor":32,"turns":5},{"damage":25,"enemies":"downfall:Silent","floor":33,"turns":4}],"seed_played":"-7851789427357951592","potions_obtained":[{"floor":2,"key":"Guardian:BlockOnCardUsePotion"},{"floor":3,"key":"Strength Potion"},{"floor":11,"key":"Fire Potion"},{"floor":12,"key":"Fire Potion"},{"floor":16,"key":"DuplicationPotion"},{"floor":19,"key":"champ:OpenerPotion"},{"floor":20,"key":"champ:TechniquePotion"},{"floor":22,"key":"Energy Potion"},{"floor":25,"key":"champ:CounterPotion"}],"is_trial":false,"path_per_floor":["R","M","M","M","M","M","T","?","R","?","$","M","R","M","M","B",null,"R","M","M","?","M","?","T","M","$","R","M","M","R","?","M","B"],"character_chosen":"THE_CHAMP","items_purchased":["ClockworkSouvenir"],"campfire_rested":1,"item_purchase_floors":[11],"current_hp_per_floor":[90,89,89,89,83,83,83,60,60,60,60,59,59,52,52,20,90,90,90,86,86,85,85,85,78,78,78,48,18,45,45,25,0,0,0],"gold":207,"neow_bonus":"REMOVE_CARD","is_daily":false,"chose_seed":false,"campfire_upgraded":5,"win_rate":0.0,"timestamp":1609643430,"path_taken":["R","M","M","?","?","M","T","?","R","?","$","?","R","M","M","BOSS","R","M","M","?","M","?","T","?","?","R","M","M","R","?","M","BOSS"],"items_purchased_type":["Relic"],"build_version":"2020-12-22","purchased_purges":0,"victory":false,"max_hp_per_floor":[90,90,90,90,90,90,90,90,90,90,90,90,90,90,90,90,90,90,90,90,90,90,90,90,90,90,90,90,90,90,90,90,90,90,90],"card_choices":[{"not_picked":["champ:FalseCounter","champ:BringItOn"],"picked":"champ:Balance","floor":2},{"not_picked":["champ:Backstep","champ:BerserkersShout","champ:PerfectedStrike"],"picked":"SKIP","floor":3},{"not_picked":["champ:PreciseThrust","champ:ShieldSigil","champ:RageSigil"],"picked":"SKIP","floor":4},{"not_picked":["champ:ShieldSigil","champ:Aggression","champ:Circumvent"],"picked":"SKIP","floor":5},{"not_picked":["champ:PreciseThrust","champ:EndlessRage","champ:FlashCut"],"picked":"SKIP","floor":6},{"not_picked":["champ:FanOfKnives","champ:PerfectForm","champ:MurderStrike"],"picked":"SKIP","floor":11},{"not_picked":["champ:RageSigil","champ:TornadoPunch","champ:PerfectedStrike"],"picked":"SKIP","floor":12},{"not_picked":["champ:BerserkersShout","champ:Haymaker"],"picked":"champ:PerfectedStrike","floor":14},{"not_picked":["champ:FightOn","champ:CalledShot","champ:RapidStrikes"],"picked":"SKIP","floor":15},{"not_picked":["champ:ShieldSigil","champ:BerserkersShout","champ:TornadoPunch"],"picked":"SKIP","floor":19},{"not_picked":["champ:FlashCut","champ:FocusedDefense+1","champ:EnragedBash"],"picked":"SKIP","floor":20},{"not_picked":["champ:ShieldWall+1","champ:FanOfKnives","champ:RageSigil"],"picked":"SKIP","floor":22},{"not_picked":["champ:FanOfKnives","champ:FocusedDefense","champ:Shatter"],"picked":"SKIP","floor":25},{"not_picked":["champ:DefensiveShout+1","champ:AdrenalArmor+1","champ:FaceSlap"],"picked":"SKIP","floor":26},{"not_picked":["champ:RapidStrikes","champ:GladiatorStyle+1","champ:FanOfKnives+1"],"picked":"SKIP","floor":28},{"not_picked":["champ:Aggression","champ:Circumvent","champ:Shatter"],"picked":"SKIP","floor":29},{"not_picked":["champ:PreciseThrust","champ:Duel","champ:StanceDance"],"picked":"SKIP","floor":32}],"player_experience":586276,"relics_obtained":[{"floor":7,"key":"Lizard Tail"},{"floor":8,"key":"White Beast Statue"},{"floor":24,"key":"Boot"}],"event_choices":[{"damage_healed":0,"gold_gain":0,"player_choice":"Read","damage_taken":0,"max_hp_gain":0,"max_hp_loss":0,"event_name":"The Library","floor":23,"gold_loss":0,"cards_obtained":["champ:PerfectedStrike"]},{"damage_healed":0,"gold_gain":0,"player_choice":"Ignored","damage_taken":0,"max_hp_gain":0,"max_hp_loss":0,"event_name":"Vampires","floor":31,"gold_loss":0}],"is_beta":false,"boss_relics":[{"not_picked":["SacredBark","Fusion Hammer"],"picked":"downfall:Hecktoplasm"}],"items_purged_floors":[],"is_endless":false,"potions_floor_spawned":[2,3,11,12,14,15,16,19,20,22,25,26,28,29,32],"killed_by":"downfall:Silent","ascension_level":1}}