{"host":"g01l53quoe6lrer0","time":1609702565,"event":{"mods":["2.2 Compatiblity","AchievementEnabler","BaseMod","Colored Map","Highlight Path","Keyboard Shortcuts","Minty Spire (QoL Compilation)","Permanent Neow","Quick Restart","StSLib","SuperFastMode","everything is the same but u backflip on backflip"],"gold_per_floor":[116,116,191,210,230,230,230,230,254,1,25,59,59,83,83,212,212,235,235,42,63,84,84,84],"floor_reached":23,"playtime":758,"items_purged":["Strike_B","Strike_B"],"score":201,"play_id":"69ab3770-2864-430b-a6e3-41e8a7fdc925","local_time":"20210104043605","is_ascension_mode":true,"campfire_choices":[{"data":"Zap","floor":6.0,"key":"SMITH"},{"floor":8.0,"key":"DIG"},{"floor":13.0,"key":"DIG"},{"floor":15.0,"key":"DIG"}],"circlet_count":0,"master_deck":["Strike_B","Strike_B","Defend_B","Defend_B","Defend_B","Defend_B","Zap+1","Dualcast","Leap","Consume","Meteor Strike","Streamline","Self Repair","Hologram","BootSequence","Stack","All For One","Redo+1","Madness","Rebound"],"relics":["Cracked Core","Bronze Scales","Golden Idol","Shovel","Smiling Mask","Omamori","Cables","Meat on the Bone","Unceasing Top","Calling Bell","Pantograph","Regal Pillow","Thread and Needle","Potion Belt"],"acts_visited":["Exordium","TheCity"],"potions_floor_usage":[23],"damage_taken":[{"damage":3.0,"enemies":"Small Slimes","floor":1.0,"turns":2.0},{"damage":2.0,"enemies":"2 Louse","floor":4.0,"turns":2.0},{"damage":1.0,"enemies":"Cultist","floor":5.0,"turns":3.0},{"damage":15.0,"enemies":"Lots of Slimes","floor":11.0,"turns":4.0},{"damage":18.0,"enemies":"Lagavulin","floor":12.0,"turns":6.0},{"damage":3.0,"enemies":"Exordium Wildlife","floor":14.0,"turns":3.0},{"damage":29.0,"enemies":"The Guardian","floor":16.0,"turns":9.0},{"damage":10.0,"enemies":"Shell Parasite","floor":18.0,"turns":7.0},{"damage":0.0,"enemies":"2 Thieves","floor":21.0,"turns":3.0},{"damage":15,"enemies":"Snake Plant","floor":22,"turns":4},{"damage":69,"enemies":"Slavers","floor":23,"turns":4}],"seed_played":"-1065686008461281997","potions_obtained":[{"floor":4.0,"key":"SkillPotion"},{"floor":11.0,"key":"Weak Potion"},{"floor":12.0,"key":"GamblersBrew"}],"is_trial":false,"path_per_floor":["M","?","?","M","M","R","?","R","T","$","M","E","R","M","R","B",null,"M","?","$","M","M","E"],"character_chosen":"DEFECT","items_purchased":["Meteor Strike","Streamline","Self Repair","Strength Potion","Madness"],"campfire_rested":0,"item_purchase_floors":[10,10,10,20,20],"current_hp_per_floor":[72,54,43,41,40,40,40,40,40,40,32,21,21,37,37,27,75,72,72,72,75,67,0,0],"gold":84,"neow_bonus":"RANDOM_COMMON_RELIC","is_daily":false,"chose_seed":false,"campfire_upgraded":1,"win_rate":0.0,"timestamp":1609702565,"path_taken":["M","?","?","M","M","R","?","R","T","$","?","E","R","?","R","BOSS","M","?","$","M","M","E"],"items_purchased_type":["Card","Card","Card","Potion","Card"],"build_version":"2020-12-22","purchased_purges":2,"victory":false,"max_hp_per_floor":[75,75,75,75,75,75,75,75,75,75,75,75,75,75,75,75,75,75,75,75,75,75,75,75],"card_choices":[{"not_picked":["Sweeping Beam","Force Field"],"picked":"Leap","floor":1.0},{"not_picked":["Gash","Rebound"],"picked":"Consume","floor":4.0},{"not_picked":["Leap","Gash","FTL"],"picked":"SKIP","floor":5.0},{"not_picked":["Steam","Go for the Eyes"],"picked":"Hologram","floor":11.0},{"not_picked":["Beam Cell","Gash"],"picked":"BootSequence","floor":12.0},{"not_picked":["Amplify","Hologram"],"picked":"Stack","floor":14.0},{"not_picked":["Multi-Cast","Core Surge"],"picked":"All For One","floor":16.0},{"not_picked":["Conserve Battery+1","Streamline+1"],"picked":"Redo+1","floor":18.0},{"not_picked":["Sweeping Beam","Compile Driver","Fusion"],"picked":"SKIP","floor":21.0},{"not_picked":["Barrage+1","Redo+1"],"picked":"Rebound","floor":22}],"player_experience":49930,"relics_obtained":[{"floor":8.0,"key":"Smiling Mask"},{"floor":9.0,"key":"Omamori"},{"floor":12.0,"key":"Cables"},{"floor":13.0,"key":"Meat on the Bone"},{"floor":15.0,"key":"Unceasing Top"},{"floor":17.0,"key":"Pantograph"},{"floor":17.0,"key":"Regal Pillow"},{"floor":17.0,"key":"Thread and Needle"}],"event_choices":[{"damage_healed":0.0,"max_hp_gain":0.0,"max_hp_loss":0.0,"gold_gain":0.0,"event_name":"Golden Idol","player_choice":"Take Damage","floor":2.0,"gold_loss":0.0,"damage_taken":18.0,"relics_obtained":["Golden Idol"]},{"damage_healed":0.0,"max_hp_gain":0.0,"max_hp_loss":0.0,"gold_gain":75.0,"event_name":"World of Goop","player_choice":"Gather Gold","floor":3.0,"gold_loss":0.0,"damage_taken":11.0},{"damage_healed":0.0,"max_hp_gain":0.0,"max_hp_loss":0.0,"gold_gain":0.0,"event_name":"WeMeetAgain","player_choice":"Gave Potion","floor":7.0,"gold_loss":0.0,"damage_taken":0.0,"relics_obtained":["Shovel"]},{"damage_healed":0.0,"max_hp_gain":0.0,"max_hp_loss":0.0,"gold_gain":0.0,"event_name":"Addict","player_choice":"Stole Relic","floor":19.0,"gold_loss":0.0,"damage_taken":0.0,"relics_obtained":["Potion Belt"],"cards_obtained":["Shame"]}],"is_beta":false,"boss_relics":[{"not_picked":["SacredBark","Runic Pyramid"],"picked":"Calling Bell"}],"items_purged_floors":[10,20],"is_endless":false,"potions_floor_spawned":[4,11,12],"killed_by":"Slavers","ascension_level":1}}