{"host":"w6ebodudjlk2jwu4","time":1609671201,"event":{"mods":["Act Like it!","Bard","BaseMod","Beaked The Cultist","Colored Map","Downfall","Glutton Mod","Hermit","Highlight Path","Infinite Spire","Jorbs\u0027s Wanderer Trilogy","Koishi","Mad Scientist","Marisa????????","Minty Spire (QoL Compilation)","Relic Stats","Replay The Spire","Robot Space Explorer","StSLib","The Administrix","The Blue Laboratory","The Bug Knight","The Construct","The Cursed","The Marked","The Mystic","The Servant 0.9.4","The Witch","Wandering Minibosses"],"gold_per_floor":[119,131,10,13,13,47,60,60,60,60,50,83,44,27,27,126,126,144,144,144,162,182,182,182],"floor_reached":23,"playtime":2422,"items_purged":["Strike_P"],"score":203,"play_id":"f54b8396-43e5-46ac-8f8e-bf87a4a4bdd8","local_time":"20210103025321","is_ascension_mode":false,"campfire_choices":[{"data":"Eruption","floor":8,"key":"SMITH"},{"data":"Replay:AtTheReady","floor":10,"key":"SMITH"},{"floor":15,"key":"REST"}],"circlet_count":0,"master_deck":["Strike_P","Strike_P","Strike_P","Defend_P","Defend_P","Defend_P","Defend_P","Eruption+1","Vigilance","FlyingSleeves","EmptyFist","SashWhip+1","WheelKick","Establishment","Replay:AtTheReady+1","WindmillStrike+1","InnerPeace","Wallop","LessonLearned","Protect","Evaluate","BowlingBash+1"],"relics":["HollowMod:LifeEnderRelic","Sozu"],"acts_visited":["Exordium","TheCity"],"potions_floor_usage":[11,11,12,16],"damage_taken":[{"damage":7,"enemies":"2 Louse","floor":1,"turns":3},{"damage":1,"enemies":"Jaw Worm","floor":2,"turns":4},{"damage":0,"enemies":"Cultist","floor":4,"turns":7},{"damage":20,"enemies":"Gremlin Nob","floor":6,"turns":4},{"damage":0,"enemies":"Exordium Thugs","floor":7,"turns":5},{"damage":17,"enemies":"2 Fungi Beasts","floor":11,"turns":6},{"damage":12,"enemies":"Replay:BlueRogue","floor":12,"turns":5},{"damage":11,"enemies":"Blue Slaver","floor":14,"turns":6},{"damage":26,"enemies":"The Guardian","floor":16,"turns":10},{"damage":27,"enemies":"Spheric Guardian","floor":18,"turns":7},{"damage":22,"enemies":"2 Thieves","floor":21,"turns":5},{"damage":1,"enemies":"3 Cultists","floor":22,"turns":6},{"damage":64,"enemies":"Nightmare","floor":23,"turns":8}],"seed_played":"-2769006148600695328","potions_obtained":[{"floor":1,"key":"Flashbang"},{"floor":2,"key":"LiquidBronze"},{"floor":7,"key":"sneckomod:MuddlingPotion"},{"floor":12,"key":"Languid Potion"},{"floor":16,"key":"FearPotion"}],"is_trial":false,"path_per_floor":["M","M","$","M","?","E","M","R","T","R","M","E","?","M","R","B",null,"M","?","?","M","M","NM"],"character_chosen":"WATCHER","items_purchased":["SashWhip"],"campfire_rested":1,"item_purchase_floors":[3],"current_hp_per_floor":[72,71,71,71,71,51,51,51,51,51,34,22,22,11,34,8,79,52,78,78,56,55,0,0],"gold":182,"neow_bonus":"TEN_PERCENT_HP_BONUS","is_daily":false,"chose_seed":false,"campfire_upgraded":2,"win_rate":0.0,"timestamp":1609671201,"path_taken":["M","M","$","M","?","E","M","R","T","R","M","E","?","M","R","BOSS","M","?","?","?","M","NM"],"items_purchased_type":["Card"],"build_version":"2020-12-22","purchased_purges":1,"victory":false,"max_hp_per_floor":[79,79,79,79,79,79,79,79,79,79,79,79,79,79,79,79,79,79,79,79,79,79,79,79],"relic_stats":{"Sozu":1,"counters":[13,76],"obtain_stats":[{"Sozu":17,"Centennial Puzzle":12,"HollowMod:LifeEnderRelic":9,"Shuriken":6,"PureWater":0},{"Sozu":9,"Centennial Puzzle":7,"HollowMod:LifeEnderRelic":5,"Shuriken":4,"PureWater":0},{"Sozu":50,"Centennial Puzzle":34,"HollowMod:LifeEnderRelic":23,"Shuriken":18,"PureWater":0}]},"card_choices":[{"not_picked":["Replay:AtTheReady","Pray"],"picked":"FlyingSleeves","floor":1},{"not_picked":["FollowUp","Replay:BluntJabs"],"picked":"EmptyFist","floor":2},{"not_picked":["TalkToTheHand","Replay:BluntJabs"],"picked":"WheelKick","floor":4},{"not_picked":["Omniscience","Weave"],"picked":"Establishment","floor":6},{"not_picked":["FlurryOfBlows","Adaptation"],"picked":"Replay:AtTheReady","floor":7},{"not_picked":["CutThroughFate","FollowUp"],"picked":"WindmillStrike","floor":11},{"not_picked":["FlyingSleeves","CrushJoints"],"picked":"InnerPeace","floor":12},{"not_picked":["PathToVictory","Fasting2"],"picked":"Wallop","floor":14},{"not_picked":["Replay:AllIn","Judgement"],"picked":"LessonLearned","floor":16},{"not_picked":["Replay:ManipulateFuture","Collect"],"picked":"Protect","floor":18},{"not_picked":["Adaptation","ClearTheMind"],"picked":"Evaluate","floor":21},{"not_picked":["Vengeance+1","CutThroughFate"],"picked":"BowlingBash+1","floor":22}],"player_experience":164135,"relics_obtained":[{"floor":6,"key":"Shuriken"},{"floor":9,"key":"HollowMod:LifeEnderRelic"},{"floor":12,"key":"Centennial Puzzle"}],"event_choices":[{"damage_healed":0,"gold_gain":0,"player_choice":"Left Gold","damage_taken":0,"max_hp_gain":0,"max_hp_loss":0,"event_name":"World of Goop","floor":13,"gold_loss":39},{"damage_healed":26,"gold_gain":0,"player_choice":"Heal","damage_taken":0,"max_hp_gain":0,"max_hp_loss":0,"event_name":"The Library","floor":19,"gold_loss":0},{"damage_healed":0,"gold_gain":0,"player_choice":"Ignored","damage_taken":0,"max_hp_gain":0,"max_hp_loss":0,"event_name":"NoteForYourself","floor":20,"gold_loss":0}],"is_beta":false,"boss_relics":[{"not_picked":["Replay:Wanted Poster","beaked:MawFillet"],"picked":"Sozu"}],"items_purged_floors":[3],"is_endless":false,"potions_floor_spawned":[1,2,7,12,16,22],"killed_by":"Nightmare","ascension_level":0}}