{"host":"w5vfr18i2ft1pzo2","time":1609668357,"event":{"mods":["Act Like it!","Aspiration","BaseMod","Better Third Choice","BetterRewards","Colored Map","Colored Powertips","Conspire","Curses Come First","DNKmod","Defuse TimeMaze Blight","Dota2Spire","Energized Spire","Evolution","Force Act Four","Friendly Minions","Gensokyo","GifTheSpireLib","Gold Saver","Halation","Hubris","Hyrulean Relics","Infinite Spire","Jedi Mod","Marisa????????","Minty Spire (QoL Compilation)","MostiFishMod","Prisma Mod","Remilia??????","Replay The Spire","SacredBarkPlus","Small Relic Pack","Spicy Shops","Spikes Relics","StSLib","Stuff the Spire","Synergy Search","The Blue Laboratory","The Servant 0.9.4","Trackpad","Treasure Hunter","Uncapped","Wandering Minibosses","Yakumo Yukari mod","noobMod","vexMod","??????REMEMod"],"gold_per_floor":[1590,1607,1619,1619,1631,1631,1658,1658,1658,1672,1672,1686,1719,1733,1733,1832,1832,1844,1844,1860,1860,1873,1908,1925,1925,1925,1952,1952,1702,1702,1026,1026,1130,1130,1142,619,629,686,704,612,647,647,647,647,673,686,716,732,732,732,732,732,58,93,93],"floor_reached":56,"playtime":2935,"items_purged":["Strike_S","Strike_S","Strike_S","Strike_S","Desolation","KidneyShot"],"score":1637,"play_id":"94ec6284-1721-4907-95ac-d8d261c73620","local_time":"20210103180557","is_ascension_mode":false,"campfire_choices":[{"floor":6,"key":"RECALL"},{"data":"Rearm","floor":8,"key":"SMITH"},{"data":"BottledTime","floor":15,"key":"SMITH"},{"data":"FloweringNight","floor":28,"key":"SMITH"},{"data":"REME_PuzzleBox","floor":32,"key":"SMITH"},{"data":"Initiator","floor":52,"key":"SMITH"}],"circlet_count":0,"master_deck":["Exchange","PrismaMod:IllyaInstallSaber","Advance","Revamp","Gouge","BestPractice","Rearm+1","TH:CursedSword","BottledTime+1","TH:BikiniMail","Replace","TH:ArmorSpikes","Starlight","TH:ArmorSpikes","Contraction","Potential","TH:DeckOfManyThings","FloweringNight+1","Starlight","ShiftingGears","Defy","Rearm","Foresight","BottledTime","TimeWarp","TH:DeckOfManyThings","Hightail","Rearm","TH:DeckOfManyThings","TH:DeckOfManyThings","Foresight","GremboGang","REME_PuzzleBox+1","TH:BikiniMail","Solidify","SilverBlades","Potential+1","SilverBlades","Gouge","Luminosity+1","FloweringNight","Luminosity","Potential+1","BottledTime","TH:DeckOfManyThings","Initiator+1","TH:CursedSword","TH:DeckOfManyThings","LightFlow","TH:DeckOfManyThings","KillingDoll","Starlight+1","StarChef+1","MostiFishMod:OneDayCity","Deny","Foresight","TH:CursedSword","Foresight"],"relics":["Uniform","EVO:Axolotl","DaveBox","ice","REME_ComplimentaryCards","NeowsBlessing","HollowDreamFlower","SynthV:TestCard","StuffTheSpire:CocoNut","infinitespire:EmpoweringShard","Dota2Spire:ShadowBlade","Empty Cage","betterThird:NestCultRelic","SuspiciousGoo","White Beast Statue","Prayer Wheel","Dota2Spire:Bloodstone","TH:Strongbox","aspiration:ArtOfWarUpgrade","BargainBundle","Dota2Spire:OrchidMalevolence","Dota2Spire:MaskOfMadness","hubris:Icosahedron","Dota2Spire:BlackKingBar","SpikesRelics:DaevaFist","wanderingMiniBosses:Inkheart","Replay:Wax Seal","Gremlin Food"],"acts_visited":["Exordium","TheCity","TheBeyond","TheEnding"],"potions_floor_usage":[7,18,20,20,20,20,20,20,20,22,22,22,23,23,27,39,41,54],"damage_taken":[{"damage":0,"enemies":"2 Louse","floor":1,"turns":1},{"damage":0,"enemies":"Cultist","floor":2,"turns":1},{"damage":0,"enemies":"Jaw Worm","floor":3,"turns":1},{"damage":8,"enemies":"Red Slaver","floor":5,"turns":2},{"damage":0,"enemies":"3 Sentries","floor":7,"turns":3},{"damage":6,"enemies":"Lots of Slimes","floor":10,"turns":3},{"damage":0,"enemies":"Blue Slaver","floor":12,"turns":1},{"damage":0,"enemies":"Gremlin Nob","floor":13,"turns":2},{"damage":0,"enemies":"2 Fungi Beasts","floor":14,"turns":2},{"damage":27,"enemies":"Hexaghost","floor":16,"turns":5},{"damage":0,"enemies":"Spheric Guardian","floor":18,"turns":1},{"damage":18,"enemies":"conspire:FuzzyDice","floor":20,"turns":2},{"damage":2,"enemies":"Chosen and Byrds","floor":22,"turns":4},{"damage":6,"enemies":"conspire:SneckoGhost","floor":23,"turns":3},{"damage":0,"enemies":"Centurion and Healer","floor":24,"turns":4},{"damage":56,"enemies":"Slavers","floor":27,"turns":4},{"damage":22,"enemies":"Collector","floor":33,"turns":6},{"damage":28,"enemies":"Orb Walker","floor":35,"turns":5},{"damage":9,"enemies":"3 Shapes","floor":37,"turns":2},{"damage":21,"enemies":"Spire Growth","floor":39,"turns":3},{"damage":0,"enemies":"R_Hoarder","floor":41,"turns":3},{"damage":0,"enemies":"Giant Head","floor":45,"turns":2},{"damage":6,"enemies":"3 Darklings","floor":46,"turns":4},{"damage":8,"enemies":"R_Hoarder","floor":47,"turns":3},{"damage":22,"enemies":"4 Shapes","floor":48,"turns":2},{"damage":0,"enemies":"Awakened One","floor":50,"turns":3},{"damage":5,"enemies":"Shield and Spear","floor":54,"turns":2},{"damage":31,"enemies":"The Heart","floor":55,"turns":4}],"seed_played":"7119683005705013","potions_obtained":[{"floor":12,"key":"Swift Potion"},{"floor":18,"key":"EntropicBrew"},{"floor":20,"key":"Toxic Potion"},{"floor":22,"key":"Dota2Spire:HealingSalve"},{"floor":33,"key":"Reflective Coating"},{"floor":35,"key":"blueLaboratory:TrueEctoplasm"},{"floor":37,"key":"SpeedPotion"},{"floor":38,"key":"blueLaboratory:TrueEctoplasm"},{"floor":38,"key":"DuplicationPotion"},{"floor":41,"key":"SpeedPotion"},{"floor":45,"key":"Venom Potion"},{"floor":54,"key":"blueLaboratory:RememoryPotion"}],"is_trial":false,"path_per_floor":["M","M","M","?","M","R","E","R","T","M","T","M","E","M","R","B",null,"M","?","M","?","M","E","M","?","T","E","R","?","$","$","R","B",null,"M","$","M","?","M","$","E","?","T","R","E","M","E","M","R_BF","B",null,"R","$","E","B",null],"character_chosen":"THE_SERVANT","items_purchased":["REME_PuzzleBox","TH:Strongbox","SilverBlades","Gouge","BottledTime","BargainBundle","Dota2Spire:OrchidMalevolence","blueLaboratory:FruitPunch","MostiFishMod:OneDayCity","Deny","Foresight"],"campfire_rested":0,"item_purchase_floors":[31,36,36,36,40,40,40,40,53,53,53],"current_hp_per_floor":[65,65,65,65,57,57,71,71,71,66,66,70,72,72,72,48,72,72,72,54,54,65,69,72,72,72,19,19,19,7,7,7,50,74,49,49,52,20,19,19,85,85,85,85,85,82,78,60,60,64,105,105,105,100,76],"gold":93,"neow_bonus":"THREE_ENEMY_KILL","is_daily":false,"chose_seed":false,"campfire_upgraded":5,"win_rate":0.0,"timestamp":1609668357,"path_taken":["M","M","M","?","?","R","E","R","T","M","?","M","E","M","R","BOSS","M","?","?","?","M","E","M","?","T","E","R","?","?","$","R","BOSS","M","$","M","?","M","$","E","?","T","R","E","M","E","?","R_BF","BOSS","R","$","E","BOSS"],"items_purchased_type":["Card","Relic","Card","Card","Card","Relic","Relic","Potion","Card","Card","Card"],"build_version":"2020-12-22","purchased_purges":6,"victory":true,"max_hp_per_floor":[65,65,65,65,65,65,72,72,72,72,72,72,72,72,72,72,72,72,72,72,72,72,72,72,72,72,72,72,72,72,72,72,74,74,78,78,81,81,83,83,85,85,85,85,85,91,93,104,104,105,105,105,105,108,150],"card_choices":[{"not_picked":["Desolation","FastForward"],"picked":"Advance","floor":1},{"not_picked":["Misdirection","Reset","Unruled","Sabotage"],"picked":"Revamp","floor":2},{"not_picked":["DualDimension","Ricochet","Replace","InstantArmor"],"picked":"Gouge","floor":3},{"not_picked":["GearUp","Snipe","Defy","Replace"],"picked":"Rearm","floor":5},{"not_picked":["TH:TreasureMap","TH:ElvenBoots","TH:ArmorSpikes"],"picked":"TH:CursedSword","floor":7},{"not_picked":["Alleviate","Replace","Dilation","MoonPhase"],"picked":"BottledTime","floor":7},{"not_picked":["TH:Mimic","TH:EnergyPotion","TH:CopperCoins"],"picked":"TH:BikiniMail","floor":9},{"not_picked":["Dilation","Potential","Rearm","SilverBlades"],"picked":"Replace","floor":10},{"not_picked":["TH:EnergyPotion","TH:Mimic","TH:CopperCoins"],"picked":"TH:ArmorSpikes","floor":11},{"not_picked":["FastForward","Moonlight","Unruled","Replace"],"picked":"Starlight","floor":12},{"not_picked":["TH:Mimic","TH:BikiniMail","TH:EnergyPotion"],"picked":"TH:ArmorSpikes","floor":13},{"not_picked":["ReturningBlade","Spin","Alleviate","Moonlight"],"picked":"Contraction","floor":13},{"not_picked":["Desolation","Contraction","Revamp","FlawlessForm"],"picked":"Potential","floor":14},{"not_picked":["TH:CopperCoins","TH:ArmorSpikes","TH:EnergyPotion"],"picked":"TH:DeckOfManyThings","floor":16},{"not_picked":["Initiator","Dilation","Solidify","Duplication"],"picked":"FloweringNight","floor":16},{"not_picked":["Spin","Defy","Unruled","DualDimension"],"picked":"Foresight","floor":20},{"not_picked":["DoubleEdge","Spin","Dilation","Potential+1"],"picked":"TimeWarp","floor":22},{"not_picked":["TH:CopperCoins","TH:ElvenBoots","TH:BikiniMail"],"picked":"TH:DeckOfManyThings","floor":23},{"not_picked":["Comet","Alleviate","WasteNot","FastForward"],"picked":"Hightail","floor":23},{"not_picked":["FastForward+1","Revamp","Defy","SpecialFormula+1"],"picked":"Rearm","floor":24},{"not_picked":["TH:TreasureMap","TH:ElvenBoots","TH:BikiniMail"],"picked":"TH:DeckOfManyThings","floor":26},{"not_picked":["TH:EnergyPotion","TH:CursedSword","TH:ArmorSpikes"],"picked":"TH:DeckOfManyThings","floor":27},{"not_picked":["Starlight","Spin","FlawlessForm","Collapse+1"],"picked":"Foresight","floor":27},{"not_picked":["TH:ArmorSpikes","TH:Mimic","TH:EnergyPotion"],"picked":"TH:BikiniMail","floor":33},{"not_picked":["Sunlight","Duplication","ForgedInTime","Dilation"],"picked":"Solidify","floor":33},{"not_picked":["Rewind","Snipe","Gouge+1","Desolation+1"],"picked":"SilverBlades","floor":35},{"not_picked":["TimeWarp","Reset","DoubleEdge","Moonlight"],"picked":"Potential+1","floor":35},{"not_picked":["Spin+1","Unruled","Rearm+1","Gouge+1"],"picked":"Luminosity+1","floor":37},{"not_picked":["DoubleEdge","Ricochet+1","Revamp","Spin"],"picked":"FloweringNight","floor":37},{"not_picked":["Ricochet","DualDimension","SilverBlades","GearUp"],"picked":"Luminosity","floor":38},{"not_picked":["ReturningBlade+1","GearUp","Rearm+1","Misdirection+1"],"picked":"Potential+1","floor":39},{"not_picked":["ReturningBlade+1","Ricochet","FastForward","Revamp","Desolation+1"],"picked":"SKIP","floor":39},{"not_picked":["TH:CopperCoins","TH:ArmorSpikes","TH:ElvenBoots"],"picked":"TH:DeckOfManyThings","floor":41},{"not_picked":["TimeWarp+1","ShatteredReality","Snipe+1","Alleviate+1"],"picked":"Initiator","floor":41},{"not_picked":["TH:ArmorSpikes","TH:ElvenBoots","TH:Mimic"],"picked":"TH:CursedSword","floor":43},{"not_picked":["TH:BikiniMail","TH:Mimic","TH:PixieDust"],"picked":"TH:DeckOfManyThings","floor":45},{"not_picked":["TimeWarp+1","Defy","WasteNot+1","ShatteredReality+1","DualDimension"],"picked":"SKIP","floor":45},{"not_picked":["FastForward+1","Moonlight+1","Replace+1","Reset+1"],"picked":"LightFlow","floor":46},{"not_picked":["Revamp","Misdirection+1","Collapse","Ricochet","FastForward"],"picked":"SKIP","floor":46},{"not_picked":["TH:TreasureMap","TH:Mimic","TH:CopperCoins"],"picked":"TH:DeckOfManyThings","floor":47},{"not_picked":["DoubleEdge","Comet","Deny","TimeWarp+1"],"picked":"KillingDoll","floor":47},{"not_picked":["Sabotage+1","WasteNot","Ricochet+1","Spin"],"picked":"Starlight+1","floor":48},{"not_picked":["Rearm","FanOfKnives","Ricochet","GearUp+1"],"picked":"StarChef+1","floor":48},{"not_picked":["TH:EnergyPotion","TH:CopperCoins","TH:PixieDust"],"picked":"TH:CursedSword","floor":54},{"not_picked":["SilverBlades","ShatteredReality+1","Sabotage","Replace+1"],"picked":"Foresight","floor":54}],"player_experience":186270,"relics_obtained":[{"floor":1,"key":"SynthV:TestCard"},{"floor":7,"key":"StuffTheSpire:CocoNut"},{"floor":11,"key":"infinitespire:EmpoweringShard"},{"floor":13,"key":"Dota2Spire:ShadowBlade"},{"floor":26,"key":"SuspiciousGoo"},{"floor":27,"key":"White Beast Statue"},{"floor":38,"key":"Art of War"},{"floor":41,"key":"Dota2Spire:MaskOfMadness"},{"floor":43,"key":"Dota2Spire:BlackKingBar"},{"floor":45,"key":"SpikesRelics:DaevaFist"},{"floor":46,"key":"wanderingMiniBosses:Inkheart"},{"floor":47,"key":"Replay:Wax Seal"},{"floor":54,"key":"Gremlin Food"}],"event_choices":[{"damage_healed":0,"gold_gain":0,"cards_transformed":["Defend_S"],"player_choice":"Transformed","damage_taken":0,"max_hp_gain":0,"max_hp_loss":0,"event_name":"Transmorgrifier","floor":4,"gold_loss":0,"cards_obtained":["BestPractice"]},{"cards_removed":["Defend_S"],"damage_healed":0,"gold_gain":0,"player_choice":"Purged","damage_taken":0,"max_hp_gain":0,"max_hp_loss":0,"event_name":"Purifier","floor":19,"gold_loss":0},{"damage_healed":0,"gold_gain":0,"player_choice":"Madness","damage_taken":0,"relics_obtained":["betterThird:NestCultRelic"],"max_hp_gain":0,"max_hp_loss":0,"event_name":"betterThird:BetterNest","floor":25,"gold_loss":0}],"is_beta":false,"boss_relics":[{"not_picked":["Snecko Eye","MoonlightInvasionPlan"],"picked":"Empty Cage"},{"not_picked":["StuffTheSpire:Kangaroo","energizedSpire:NeverEndingSparkler"],"picked":"Dota2Spire:Bloodstone"}],"items_purged_floors":[30,30,31,31,36,53],"is_endless":false,"potions_floor_spawned":[3,5,12,18,20,22,33,35,37,39,41,45,46,47,48,54],"ascension_level":0}}