{"host":"8xi53560pl5zaoq2","time":1609638493,"event":{"mods":["BaseMod","Colored Map","Highlight Path","Minty Spire (QoL Compilation)","StSLib","Synergy Search"],"gold_per_floor":[117,117,134,32,32,32,32,32,58,58,69,87,99,99,99,198,198,212,253,178,178,193,228,77,77,77,77,77],"floor_reached":27,"playtime":1306,"items_purged":["Defend_B"],"score":383,"play_id":"1770fad8-2140-45f7-bf9c-a67abe4ef9bd","local_time":"20210102184813","is_ascension_mode":true,"campfire_choices":[{"data":"Sweeping Beam","floor":6,"key":"SMITH"},{"data":"Leap","floor":8,"key":"SMITH"},{"data":"Coolheaded","floor":15,"key":"SMITH"},{"data":"Defragment","floor":25,"key":"SMITH"}],"circlet_count":0,"master_deck":["AscendersBane","Strike_B","Strike_B","Strike_B","Strike_B","Defend_B","Zap+1","Dualcast+1","Undo+1","Sweeping Beam+1","Leap+1","Core Surge","FTL+1","Coolheaded+1","Injury","Seek","Ghostly","Ghostly","Ghostly","Glacier","Defragment+1","Doom and Gloom+1"],"relics":["Cracked Core","NeowsBlessing","DataDisk","Golden Idol","Nuclear Battery","Red Mask","Matryoshka","Whetstone","Meat on the Bone"],"acts_visited":["Exordium","TheCity"],"potions_floor_usage":[16,16],"damage_taken":[{"damage":0,"enemies":"2 Louse","floor":1,"turns":1},{"damage":0,"enemies":"Jaw Worm","floor":3,"turns":1},{"damage":0,"enemies":"Small Slimes","floor":11,"turns":1},{"damage":0,"enemies":"3 Louse","floor":12,"turns":2},{"damage":2,"enemies":"Large Slime","floor":13,"turns":3},{"damage":17,"enemies":"Hexaghost","floor":16,"turns":12},{"damage":10,"enemies":"2 Thieves","floor":18,"turns":3},{"damage":20,"enemies":"Masked Bandits","floor":19,"turns":5},{"damage":3,"enemies":"3 Byrds","floor":22,"turns":5},{"damage":17,"enemies":"Slavers","floor":23,"turns":11},{"damage":7,"enemies":"Cultist and Chosen","floor":27,"turns":5}],"seed_played":"4698521841864368064","potions_obtained":[{"floor":3,"key":"ColorlessPotion"},{"floor":11,"key":"Swift Potion"},{"floor":13,"key":"SkillPotion"},{"floor":23,"key":"Dexterity Potion"}],"is_trial":false,"path_per_floor":["M","?","M","$","?","R","$","R","T","?","M","M","M","?","R","B",null,"M","?","?","?","M","E","$","R","T","M"],"character_chosen":"DEFECT","items_purchased":["Leap","Defragment","Doom and Gloom"],"campfire_rested":0,"item_purchase_floors":[4,24,24],"current_hp_per_floor":[64,43,43,43,43,43,43,43,43,36,36,36,34,34,34,17,58,48,28,28,28,25,8,8,8,8,1,1],"gold":77,"neow_bonus":"THREE_ENEMY_KILL","is_daily":false,"chose_seed":false,"campfire_upgraded":4,"win_rate":0.0,"timestamp":1609638493,"path_taken":["M","?","M","$","?","R","$","R","T","?","M","M","M","?","R","BOSS","M","?","?","?","M","E","$","R","T","M"],"items_purchased_type":["Card","Card","Card"],"build_version":"2020-12-22","purchased_purges":1,"victory":false,"max_hp_per_floor":[71,71,71,71,71,71,71,71,71,71,71,71,71,71,71,71,71,71,71,71,35,35,35,35,35,35,35,35],"card_choices":[{"not_picked":["Ball Lightning","Hello World"],"picked":"Undo","floor":1},{"not_picked":["Gash","Stack"],"picked":"Sweeping Beam","floor":3},{"not_picked":["Leap","Tempest"],"picked":"Core Surge","floor":11},{"not_picked":["Redo","Go for the Eyes"],"picked":"FTL","floor":12},{"not_picked":["Compile Driver","Loop"],"picked":"Coolheaded","floor":13},{"not_picked":["Hyperbeam","Machine Learning"],"picked":"Seek","floor":16},{"not_picked":["Steam Power","Redo","Recycle"],"picked":"SKIP","floor":18},{"not_picked":["Genetic Algorithm","Rebound+1"],"picked":"Glacier","floor":22},{"not_picked":["Hyperbeam","Rebound","Thunder Strike"],"picked":"SKIP","floor":23}],"player_experience":1245587,"relics_obtained":[{"floor":9,"key":"DataDisk"},{"floor":19,"key":"Red Mask"},{"floor":23,"key":"Matryoshka"},{"floor":26,"key":"Whetstone"},{"floor":26,"key":"Meat on the Bone"}],"event_choices":[{"damage_healed":0,"gold_gain":0,"player_choice":"Entered Light","damage_taken":21,"max_hp_gain":0,"max_hp_loss":0,"event_name":"Shining Light","floor":2,"gold_loss":0,"cards_upgraded":["Dualcast","Undo"]},{"damage_healed":0,"gold_gain":0,"player_choice":"Grow","damage_taken":0,"max_hp_gain":0,"max_hp_loss":0,"event_name":"Living Wall","floor":5,"gold_loss":0,"cards_upgraded":["Zap"]},{"cards_removed":["Defend_B"],"damage_healed":0,"gold_gain":0,"player_choice":"Card Removal","damage_taken":7,"max_hp_gain":0,"max_hp_loss":0,"event_name":"Golden Wing","floor":10,"gold_loss":0},{"damage_healed":0,"gold_gain":0,"player_choice":"Take Wound","damage_taken":0,"relics_obtained":["Golden Idol"],"max_hp_gain":0,"max_hp_loss":0,"event_name":"Golden Idol","floor":14,"gold_loss":0,"cards_obtained":["Injury"]},{"damage_healed":0,"gold_gain":0,"player_choice":"Fought Bandits","damage_taken":0,"max_hp_gain":0,"max_hp_loss":0,"event_name":"Masked Bandits","floor":19,"gold_loss":0},{"cards_removed":["Defend_B"],"damage_healed":0,"gold_gain":0,"player_choice":"Gave Gold","damage_taken":0,"max_hp_gain":0,"max_hp_loss":0,"event_name":"Beggar","floor":20,"gold_loss":75},{"damage_healed":0,"gold_gain":0,"player_choice":"Became a Ghost","damage_taken":0,"max_hp_gain":0,"max_hp_loss":36,"event_name":"Ghosts","floor":21,"gold_loss":0,"cards_obtained":["Ghostly","Ghostly","Ghostly"]}],"is_beta":false,"boss_relics":[{"not_picked":["Coffee Dripper","Runic Dome"],"picked":"Nuclear Battery"}],"items_purged_floors":[4],"is_endless":false,"potions_floor_spawned":[3,11,13,23],"killed_by":"Cultist and Chosen","ascension_level":15}}