{"host":"mi1ox2k6wy3juh8w","time":1609680285,"event":{"mods":["AchievementEnabler","BaseMod","Colored Map","GifTheSpireLib","Minty Spire (QoL Compilation)","StSLib","SuperFastMode","The Bug Knight"],"gold_per_floor":[119,9,9,27,27,27,42,53,99,112,132,132,132,132,132,229,229,244,101,1,12,12,23,23,47,96,96,109,109,119,119,119,221,221,232,232,232,232,250,250,283,283,310,310,310],"floor_reached":44,"playtime":2414,"items_purged":["HollowMod:NailStrikeStart","HollowMod:BlackTendrils"],"score":451,"play_id":"3042263b-73b4-43bb-9807-aabb3cfc1514","local_time":"20210103222445","is_ascension_mode":false,"campfire_choices":[{"data":"HollowMod:MantisMark","floor":6.0,"key":"SMITH"},{"data":"HollowMod:CornifersMapStart","floor":12.0,"key":"SMITH"},{"data":"HollowMod:SharpenedNail","floor":15.0,"key":"SMITH"},{"floor":32.0,"key":"REST"},{"floor":40,"key":"REST"},{"data":"HollowMod:FocusHealStart","floor":42,"key":"SMITH"}],"circlet_count":0,"master_deck":["HollowMod:NailStrikeStart","HollowMod:NailStrikeStart","HollowMod:NailStrikeStart","HollowMod:QuickDashStart","HollowMod:QuickDashStart","HollowMod:QuickDashStart","HollowMod:QuickDashStart","HollowMod:FocusHealStart+1","HollowMod:PogoStrike","HollowMod:ElderbugsWisdom","HollowMod:CornifersMapStart+1","HollowMod:MantisMark+1","HollowMod:SharpenedNail+1","HollowMod:SoulSplash","HollowMod:BaldurShell+1","HollowMod:CoiledNail","HollowMod:ChannelNail","HollowMod:GreatSlash","HollowMod:ZotesMagnificence","HollowMod:SoulStrike","Madness","Madness","HollowMod:HuntersJournal"],"relics":["HollowMod:VesselMask","Nunchaku","Blue Candle","SacredBark","TheAbacus","HollowMod:PaleOreRelic","Dream Catcher","Busted Crown","Boot","Blood Vial"],"acts_visited":["Exordium","TheCity","TheBeyond"],"potions_floor_usage":[41],"damage_taken":[{"damage":2.0,"enemies":"2 Louse","floor":1.0,"turns":4.0},{"damage":1.0,"enemies":"Cultist","floor":4.0,"turns":4.0},{"damage":1.0,"enemies":"Jaw Worm","floor":7.0,"turns":3.0},{"damage":3.0,"enemies":"Red Slaver","floor":8.0,"turns":3.0},{"damage":23.0,"enemies":"Exordium Thugs","floor":10.0,"turns":4.0},{"damage":5.0,"enemies":"Lots of Slimes","floor":11.0,"turns":5.0},{"damage":53.0,"enemies":"HollowMod:FalseKnight","floor":16.0,"turns":9.0},{"damage":30.0,"enemies":"3 Byrds","floor":18.0,"turns":6.0},{"damage":5.0,"enemies":"Chosen","floor":21.0,"turns":4.0},{"damage":21.0,"enemies":"Centurion and Healer","floor":23.0,"turns":7.0},{"damage":24.0,"enemies":"Chosen and Byrds","floor":28.0,"turns":7.0},{"damage":0.0,"enemies":"Snecko","floor":30.0,"turns":5.0},{"damage":33.0,"enemies":"HollowMod:NKGrimm","floor":33.0,"turns":15.0},{"damage":20.0,"enemies":"3 Darklings","floor":35.0,"turns":4.0},{"damage":18,"enemies":"3 Shapes","floor":39,"turns":3},{"damage":41,"enemies":"Giant Head","floor":41,"turns":8},{"damage":33,"enemies":"HollowMod:StalkingDevout","floor":44,"turns":4}],"seed_played":"229929350023082205","potions_obtained":[{"floor":1.0,"key":"SpeedPotion"},{"floor":3.0,"key":"EntropicBrew"},{"floor":3.0,"key":"DistilledChaos"},{"floor":23.0,"key":"GamblersBrew"},{"floor":28.0,"key":"FearPotion"},{"floor":39,"key":"AttackPotion"}],"is_trial":false,"path_per_floor":["M","$","?","M","?","R","M","M","T","M","M","R","$","T","R","B",null,"M","$","$","M","?","M","?","T","T","$","M","$","M","$","R","B",null,"M","?","?","?","M","R","E","R","T","E"],"character_chosen":"THE_BUGKNIGHT","items_purchased":["HollowMod:MantisMark","TheAbacus"],"campfire_rested":2,"item_purchase_floors":[2,19],"current_hp_per_floor":[75,75,75,75,75,75,74,73,73,58,55,55,55,55,55,5,75,45,45,45,40,40,25,25,25,25,25,1,1,7,7,29,2,75,55,55,46,46,28,50,19,19,19,0,0],"gold":310,"neow_bonus":"ONE_RANDOM_RARE_CARD","is_daily":false,"chose_seed":false,"campfire_upgraded":4,"win_rate":0.0,"timestamp":1609680285,"path_taken":["M","$","?","?","?","R","M","M","T","?","M","R","?","?","R","BOSS","M","?","$","M","?","M","?","?","T","$","?","$","M","?","R","BOSS","M","?","?","?","M","R","E","R","T","E"],"items_purchased_type":["Card","Relic"],"build_version":"2020-12-22","purchased_purges":2,"victory":false,"max_hp_per_floor":[75,75,75,75,75,75,75,75,75,75,75,75,75,75,75,75,75,75,75,75,75,75,75,75,75,75,75,75,75,75,75,75,75,75,75,75,75,75,75,75,75,75,75,75,75],"card_choices":[{"not_picked":["HollowMod:SoulStrike","HollowMod:LifebloodCocoon"],"picked":"HollowMod:CornifersMapStart","floor":1.0},{"not_picked":["HollowMod:MonarchWings","HollowMod:InfectedCysts"],"picked":"HollowMod:SharpenedNail","floor":4.0},{"not_picked":["HollowMod:CornifersMapStart","HollowMod:ElderbugsWisdom"],"picked":"HollowMod:BlackTendrils","floor":7.0},{"not_picked":["HollowMod:SharpenedShadows","HollowMod:NewJinnsSoul","HollowMod:DashSlash"],"picked":"SKIP","floor":8.0},{"not_picked":["HollowMod:NewJinnsSoul","HollowMod:GoodIntentions"],"picked":"HollowMod:ShadowDash","floor":10.0},{"not_picked":["HollowMod:SharpenedShadows","HollowMod:FallenFury"],"picked":"HollowMod:SoulSplash","floor":11.0},{"not_picked":["HollowMod:TaintedHusks+1","HollowMod:BlackTendrils+1"],"picked":"HollowMod:BaldurShell+1","floor":18.0},{"not_picked":["HollowMod:VengefulVoid","HollowMod:CornifersMapStart"],"picked":"HollowMod:CoiledNail","floor":21.0},{"not_picked":["HollowMod:NewJinnsSoul+1","HollowMod:AbyssShriek"],"picked":"HollowMod:ChannelNail","floor":23.0},{"not_picked":["HollowMod:AbyssShriek+1","HollowMod:GrimmsGift","HollowMod:DescendingDark"],"picked":"SKIP","floor":28.0},{"not_picked":["HollowMod:SharpenedNail","HollowMod:CrystalDash"],"picked":"HollowMod:GreatSlash","floor":30.0},{"not_picked":["HollowMod:VoidDash","HollowMod:theNailsmith"],"picked":"HollowMod:ZotesMagnificence","floor":33.0},{"not_picked":[],"picked":"HollowMod:SoulStrike","floor":35.0},{"not_picked":[],"picked":"HollowMod:HuntersJournal","floor":39},{"not_picked":["HollowMod:InfectionAssault"],"picked":"SKIP","floor":41}],"player_experience":246665,"relics_obtained":[{"floor":9.0,"key":"Nunchaku"},{"floor":14.0,"key":"Blue Candle"},{"floor":25.0,"key":"HollowMod:PaleOreRelic"},{"floor":26.0,"key":"Dream Catcher"},{"floor":41,"key":"Boot"},{"floor":43,"key":"Blood Vial"}],"event_choices":[{"damage_healed":0.0,"max_hp_gain":0.0,"max_hp_loss":0.0,"gold_gain":0.0,"event_name":"Lab","player_choice":"Got Potions","floor":3.0,"gold_loss":0.0,"damage_taken":0.0},{"damage_healed":0.0,"max_hp_gain":0.0,"max_hp_loss":0.0,"gold_gain":0.0,"event_name":"NoteForYourself","player_choice":"Ignored","floor":5.0,"gold_loss":0.0,"damage_taken":0.0},{"damage_healed":0,"gold_gain":0,"player_choice":"Embrace Madness","damage_taken":9,"max_hp_gain":0,"max_hp_loss":0,"event_name":"Winding Halls","floor":37,"gold_loss":0,"cards_obtained":["Madness","Madness"]},{"damage_healed":0,"gold_gain":0,"player_choice":"Ignored","damage_taken":0,"max_hp_gain":0,"max_hp_loss":0,"event_name":"Tomb of Lord Red Mask","floor":38,"gold_loss":0}],"is_beta":false,"boss_relics":[{"not_picked":["Velvet Choker","Cursed Key"],"picked":"SacredBark"},{"not_picked":["Pandora\u0027s Box","Coffee Dripper"],"picked":"Busted Crown"}],"items_purged_floors":[2,20],"is_endless":false,"potions_floor_spawned":[1,7,23,28,39],"killed_by":"HollowMod:StalkingDevout","ascension_level":0}}