{"host":"873t0y8ybyo38pfq","time":1609680955,"event":{"mods":["BaseMod","Bestiary","Colored Map","Colored Powertips","Highlight Path","Minty Spire (QoL Compilation)","Quick Restart","RNG Fix","Rare Cards Sparkle","Relic Stats","StSLib"],"gold_per_floor":[113,263,263,54,54,54,67,67,67,93,110,144,14,27,27,106,106,106,106,52,52,52,52,52,52,52,52,52],"floor_reached":27,"playtime":1184,"items_purged":["Doubt","Strike_B"],"score":492,"play_id":"32f3a814-89b5-44ff-815d-cf3aca25c074","local_time":"20210103083555","is_ascension_mode":true,"campfire_choices":[{"data":"Zap","floor":6,"key":"SMITH"},{"data":"Dualcast","floor":8,"key":"SMITH"},{"data":"Go for the Eyes","floor":15,"key":"SMITH"},{"data":"Redo","floor":23,"key":"SMITH"},{"data":"Self Repair","floor":25,"key":"SMITH"}],"circlet_count":0,"master_deck":["AscendersBane","Strike_B","Strike_B","Defend_B","Defend_B+1","Defend_B+1","Defend_B","Zap+1","Dualcast+1","Doom and Gloom","Compile Driver","Coolheaded","Self Repair+1","Hologram","Go for the Eyes+1","Conserve Battery","Coolheaded","All For One","Redo+1","Gash","Steam","Capacitor"],"relics":["Cracked Core","NeowsBlessing","Anchor","Nunchaku","Ectoplasm","The Courier"],"acts_visited":["TheCity"],"potions_floor_usage":[12,16,16,16,18,22,27],"damage_taken":[{"damage":0,"enemies":"2 Louse","floor":1,"turns":2},{"damage":0,"enemies":"Small Slimes","floor":7,"turns":1},{"damage":0,"enemies":"Lagavulin","floor":10,"turns":1},{"damage":0,"enemies":"Jaw Worm","floor":11,"turns":2},{"damage":23,"enemies":"3 Sentries","floor":12,"turns":8},{"damage":0,"enemies":"Looter","floor":14,"turns":4},{"damage":48,"enemies":"Hexaghost","floor":16,"turns":16},{"damage":0,"enemies":"Chosen","floor":18,"turns":2},{"damage":4,"enemies":"Shell Parasite","floor":19,"turns":5},{"damage":5,"enemies":"Centurion and Healer","floor":22,"turns":8},{"damage":14,"enemies":"Chosen and Byrds","floor":24,"turns":4},{"damage":70,"enemies":"Slavers","floor":27,"turns":4}],"seed_played":"-2675006290738387952","potions_obtained":[{"floor":1,"key":"SpeedPotion"},{"floor":10,"key":"EssenceOfSteel"},{"floor":12,"key":"EntropicBrew"},{"floor":18,"key":"FocusPotion"},{"floor":24,"key":"Energy Potion"}],"is_trial":false,"path_per_floor":["M","?","?","$","?","R","M","R","T","E","M","E","$","M","R","B",null,"M","M","$","?","M","R","M","R","T","E"],"character_chosen":"DEFECT","items_purchased":["Doom and Gloom","Compile Driver","Conserve Battery","Gash"],"campfire_rested":0,"item_purchase_floors":[4,4,13,20],"current_hp_per_floor":[64,64,43,43,48,48,48,48,48,48,55,39,39,46,46,20,62,62,65,65,65,67,67,60,60,60,0,0],"gold":52,"neow_bonus":"THREE_ENEMY_KILL","is_daily":false,"chose_seed":false,"campfire_upgraded":5,"win_rate":0.0,"timestamp":1609680955,"path_taken":["M","?","?","$","?","R","M","R","T","E","?","E","$","M","R","BOSS","M","M","$","?","?","R","M","R","T","E"],"items_purchased_type":["Card","Card","Card","Card"],"build_version":"2020-12-22","purchased_purges":2,"victory":false,"max_hp_per_floor":[71,71,71,71,76,76,76,76,76,76,76,76,76,76,76,76,76,76,76,76,76,76,76,76,76,76,76,76],"relic_stats":{"Nunchaku":[7],"counters":[12,57],"Ectoplasm":59,"obtain_stats":[{"Anchor":10,"Nunchaku":12,"NeowsBlessing":0,"Ectoplasm":17,"The Courier":26,"Cracked Core":0},{"Anchor":3,"Nunchaku":5,"NeowsBlessing":0,"Ectoplasm":7,"The Courier":11,"Cracked Core":0},{"Anchor":4,"Nunchaku":14,"NeowsBlessing":0,"Ectoplasm":34,"The Courier":53,"Cracked Core":0}]},"card_choices":[{"not_picked":["Loop","Stack","Blizzard"],"picked":"SKIP","floor":1},{"not_picked":["Chill","White Noise"],"picked":"Coolheaded","floor":7},{"not_picked":["Fission","Lockon"],"picked":"Self Repair","floor":10},{"not_picked":["Lockon","Rebound"],"picked":"Hologram","floor":11},{"not_picked":["Blizzard","Stack"],"picked":"Go for the Eyes","floor":12},{"not_picked":["Scrape","Streamline"],"picked":"Coolheaded","floor":14},{"not_picked":["Buffer","Creative AI"],"picked":"All For One","floor":16},{"not_picked":["Coolheaded","Static Discharge","BootSequence"],"picked":"SKIP","floor":18},{"not_picked":["Conserve Battery","Cold Snap"],"picked":"Redo","floor":19},{"not_picked":["Redo","Static Discharge"],"picked":"Steam","floor":22},{"not_picked":["Double Energy","Chaos"],"picked":"Capacitor","floor":24}],"player_experience":1486730,"relics_obtained":[{"floor":10,"key":"Anchor"},{"floor":12,"key":"Nunchaku"},{"floor":26,"key":"The Courier"}],"event_choices":[{"damage_healed":0,"gold_gain":150,"player_choice":"AGREE","damage_taken":0,"max_hp_gain":0,"max_hp_loss":0,"event_name":"Liars Game","floor":2,"gold_loss":0,"cards_obtained":["Doubt"]},{"damage_healed":0,"gold_gain":0,"player_choice":"Entered Light","damage_taken":21,"max_hp_gain":0,"max_hp_loss":0,"event_name":"Shining Light","floor":3,"gold_loss":0,"cards_upgraded":["Defend_B","Defend_B"]},{"damage_healed":0,"gold_gain":0,"player_choice":"Donut","damage_taken":0,"max_hp_gain":5,"max_hp_loss":0,"event_name":"Big Fish","floor":5,"gold_loss":0},{"cards_removed":["Strike_B"],"damage_healed":0,"gold_gain":0,"player_choice":"Purged","damage_taken":0,"max_hp_gain":0,"max_hp_loss":0,"event_name":"Purifier","floor":21,"gold_loss":0}],"is_beta":false,"boss_relics":[{"not_picked":["SlaversCollar","Fusion Hammer"],"picked":"Ectoplasm"}],"items_purged_floors":[4,13],"is_endless":false,"potions_floor_spawned":[1,10,12,18,24],"killed_by":"Slavers","ascension_level":20}}