{"host":"enpah696raxjhbxd","time":1609649750,"event":{"mods":["BaseMod","Challenge The Spire","Chen","Colored Powertips","Friendly Minions","Minty Spire (QoL Compilation)","Replay The Spire","StSLib","TestMod","The Bladedancer","The Poker Player","UnlockEverythingMod","vexMod"],"gold_per_floor":[710,410,443,469,500,500,219,219,246,279,308,308,36,36,36,36],"floor_reached":15,"playtime":651,"items_purged":["Pain"],"score":320,"play_id":"a6e7f188-f06b-4660-88e0-0876174cae23","local_time":"20210103125550","daily_mods":["challengethespire:Platinum Difficulty","challengethespire:Elite Rush","Uncertain Future"],"is_ascension_mode":true,"campfire_choices":[{"data":"ReplayTheSpireMod:Brewmster","floor":8,"key":"SMITH"},{"data":"blademaster:Bloodbath","floor":14,"key":"SMITH"}],"circlet_count":0,"master_deck":["AscendersBane","blademaster:Strike","blademaster:Strike","blademaster:Strike","blademaster:Strike","blademaster:Defend","blademaster:Defend","blademaster:Defend","blademaster:Defend","blademaster:RagingBlow","blademaster:HighVoltage","blademaster:AwakeningDefend+1","ReplayTheSpireMod:Brewmster+1","blademaster:LightningCrash","blademaster:Bloodbath+1","blademaster:ThunderingOpener","blademaster:Bloodbath+1"],"relics":["blademaster:DancersAmulet","Black Star","Sling","PreservedInsect","testmod-TestBox","testmod-Fanaticism","ReplayTheSpireMod:CursedCoin","Orichalcum","ReplayTheSpireMod:TigerMarble","Centennial Puzzle","Bag of Preparation","Simple Rune","Anchor","Toy Ornithopter","MealTicket","testmod-Fortitude","Replay:Wax Seal","Blood Vial","Lantern","White Beast Statue","Letter Opener","testmod-TimeTraveler","Molten Egg 2"],"acts_visited":["Exordium"],"potions_floor_usage":[4,4,5,7,9,9,9,9,10,11,11,15,15,15,15],"damage_taken":[{"damage":0,"enemies":"Gremlin Nob","floor":3,"turns":2},{"damage":37,"enemies":"3 Sentries","floor":4,"turns":8},{"damage":5,"enemies":"Lagavulin","floor":5,"turns":3},{"damage":59,"enemies":"Book of Stabbing","floor":9,"turns":5},{"damage":15,"enemies":"Slavers","floor":10,"turns":4},{"damage":17,"enemies":"Gremlin Leader","floor":11,"turns":2},{"damage":105,"enemies":"Nemesis","floor":15,"turns":4}],"seed_played":"2798649264984976362","potions_obtained":[{"floor":9,"key":"DistilledChaos"}],"is_trial":true,"path_per_floor":["$","$","E","E","E","T","$","R","E","E","E","T","$","R","E"],"character_chosen":"THE_BLADEMASTER","items_purchased":["blademaster:AwakeningDefend+1","ReplayTheSpireMod:CursedCoin","Orichalcum","ReplayTheSpireMod:Brewmster","Fruit Juice","MealTicket","Molten Egg 2"],"campfire_rested":0,"item_purchase_floors":[1,2,2,2,7,7,13],"current_hp_per_floor":[64,64,64,43,45,45,55,55,76,76,76,76,76,76,0,0],"gold":36,"neow_bonus":"","is_daily":false,"chose_seed":false,"campfire_upgraded":2,"win_rate":0.0,"timestamp":1609649750,"path_taken":["$","$","E","E","E","T","$","R","E","E","E","T","$","R","E"],"items_purchased_type":["Card","Relic","Relic","Card","Potion","Relic","Relic"],"build_version":"2020-12-22","purchased_purges":1,"victory":false,"max_hp_per_floor":[71,71,71,71,71,71,76,76,76,76,76,76,76,76,76,76],"card_choices":[],"player_experience":207731,"relics_obtained":[{"floor":3,"key":"ReplayTheSpireMod:TigerMarble"},{"floor":3,"key":"blademaster:DextrousPerk"},{"floor":3,"key":"Centennial Puzzle"},{"floor":4,"key":"Bag of Preparation"},{"floor":4,"key":"blademaster:StanceHealPerk"},{"floor":4,"key":"Simple Rune"},{"floor":5,"key":"Anchor"},{"floor":5,"key":"blademaster:BleedingMoreDamagePerk"},{"floor":5,"key":"Toy Ornithopter"},{"floor":9,"key":"testmod-Fortitude"},{"floor":9,"key":"blademaster:StrongPerk"},{"floor":9,"key":"Replay:Wax Seal"},{"floor":10,"key":"Blood Vial"},{"floor":10,"key":"blademaster:OnAttackedChargePerk"},{"floor":10,"key":"Lantern"},{"floor":11,"key":"White Beast Statue"},{"floor":11,"key":"blademaster:ComboEveryTurnPerk"},{"floor":11,"key":"Letter Opener"}],"event_choices":[],"is_beta":false,"boss_relics":[{"not_picked":["Replay:Wanted Poster","testmod-Recursion"],"picked":"testmod-TimeTraveler"}],"items_purged_floors":[2],"is_endless":false,"potions_floor_spawned":[9],"killed_by":"Nemesis","ascension_level":20}}