{"host":"rt0td7aa3g170xdl","time":1609632717,"event":{"mods":["2.2 Compatiblity","AchievementEnabler","BaseMod","Colored Map","DeckTracker","Keyboard Shortcuts","Minty Spire (QoL Compilation)","Permanent Neow","Quick Restart","SuperFastMode","everything is the same but u backflip on backflip"],"gold_per_floor":[118,128,128,53,68,100,112,112,112,139,139,156,166,177,177,278,278,296,296,196,214,63,63,92,92,92],"floor_reached":25,"playtime":1082,"items_purged":["Strike_R","Clash+1"],"score":338,"play_id":"5dfe6d8d-9463-40b4-b555-fe7a6b151e5d","local_time":"20210103091157","is_ascension_mode":true,"campfire_choices":[{"data":"Shockwave","floor":8.0,"key":"SMITH"},{"floor":11.0,"key":"REST"},{"data":"Barricade","floor":15.0,"key":"SMITH"},{"data":"Spot Weakness","floor":23.0,"key":"SMITH"}],"circlet_count":0,"master_deck":["Strike_R+1","Strike_R+1","Defend_R","Defend_R","Defend_R","Bash","Spot Weakness+1","Shockwave+1","Pommel Strike","Headbutt","Barricade+1","Disarm+1","Battle Trance+1","Intimidate+1","Juggernaut","CurseOfTheBell","Blood for Blood+1","Armaments+1","Shrug It Off+1"],"relics":["Burning Blood","Toxic Egg 2","Letter Opener","Kunai","Calling Bell","Omamori","Molten Egg 2","TungstenRod","Membership Card","Juzu Bracelet"],"acts_visited":["Exordium","TheCity"],"potions_floor_usage":[],"damage_taken":[{"damage":2.0,"enemies":"Jaw Worm","floor":1.0,"turns":3.0},{"damage":3.0,"enemies":"2 Louse","floor":2.0,"turns":3.0},{"damage":13.0,"enemies":"Small Slimes","floor":5.0,"turns":4.0},{"damage":47.0,"enemies":"Lagavulin","floor":6.0,"turns":8.0},{"damage":4.0,"enemies":"2 Fungi Beasts","floor":7.0,"turns":5.0},{"damage":7.0,"enemies":"Gremlin Nob","floor":10.0,"turns":3.0},{"damage":14.0,"enemies":"Blue Slaver","floor":12.0,"turns":4.0},{"damage":5.0,"enemies":"Exordium Thugs","floor":13.0,"turns":5.0},{"damage":9.0,"enemies":"3 Louse","floor":14.0,"turns":2.0},{"damage":6.0,"enemies":"Hexaghost","floor":16.0,"turns":11.0},{"damage":18.0,"enemies":"Shell Parasite","floor":18.0,"turns":10.0},{"damage":25.0,"enemies":"Spheric Guardian","floor":21.0,"turns":4.0},{"damage":15.0,"enemies":"Book of Stabbing","floor":24.0,"turns":7.0},{"damage":32,"enemies":"Centurion and Healer","floor":25,"turns":4}],"seed_played":"4953717800826367430","potions_obtained":[{"floor":1.0,"key":"SneckoOil"},{"floor":7.0,"key":"AttackPotion"},{"floor":12.0,"key":"Explosive Potion"},{"floor":14.0,"key":"ColorlessPotion"},{"floor":24.0,"key":"FearPotion"}],"is_trial":false,"path_per_floor":["M","M","?","$","M","E","M","R","T","E","R","M","M","M","R","B",null,"M","?","$","M","$","R","E","M"],"character_chosen":"IRONCLAD","items_purchased":["Membership Card"],"campfire_rested":1,"item_purchase_floors":[22],"current_hp_per_floor":[76,79,63,63,56,15,17,17,17,16,40,32,33,30,30,30,68,56,56,56,37,37,37,28,0,0],"gold":92,"neow_bonus":"TRANSFORM_CARD","is_daily":false,"chose_seed":false,"campfire_upgraded":3,"win_rate":0.0,"timestamp":1609632717,"path_taken":["M","M","?","$","M","E","M","R","T","E","R","M","M","M","R","BOSS","M","?","$","M","$","R","E","M"],"items_purchased_type":["Relic"],"build_version":"2020-12-22","purchased_purges":2,"victory":false,"max_hp_per_floor":[80,80,80,80,80,80,80,80,80,80,80,80,80,80,80,80,80,80,80,80,80,80,80,80,80,80],"card_choices":[{"not_picked":["Wild Strike","Flex"],"picked":"Shockwave","floor":1.0},{"not_picked":["Wild Strike","Rupture"],"picked":"Pommel Strike","floor":2.0},{"not_picked":["Perfected Strike","Thunderclap"],"picked":"Headbutt","floor":5.0},{"not_picked":["Spot Weakness+1","Iron Wave"],"picked":"Barricade","floor":6.0},{"not_picked":["Uppercut","Heavy Blade","Iron Wave"],"picked":"SKIP","floor":7.0},{"not_picked":["Searing Blow","Sentinel+1"],"picked":"Disarm+1","floor":10.0},{"not_picked":["Shockwave+1","Body Slam"],"picked":"Battle Trance+1","floor":12.0},{"not_picked":["Cleave","Armaments+1","Thunderclap"],"picked":"SKIP","floor":13.0},{"not_picked":["Pommel Strike","Rage+1"],"picked":"Intimidate+1","floor":14.0},{"not_picked":["Offering+1","Berserk"],"picked":"Juggernaut","floor":16.0},{"not_picked":["Headbutt+1","Iron Wave+1"],"picked":"Blood for Blood+1","floor":18.0},{"not_picked":["Fire Breathing","Armaments+1","Clash+1"],"picked":"SKIP","floor":21.0},{"not_picked":["Flex+1","Battle Trance+1"],"picked":"Shrug It Off+1","floor":24.0}],"player_experience":311770,"relics_obtained":[{"floor":6.0,"key":"Toxic Egg 2"},{"floor":9.0,"key":"Letter Opener"},{"floor":10.0,"key":"Kunai"},{"floor":17.0,"key":"Omamori"},{"floor":17.0,"key":"Molten Egg 2"},{"floor":17.0,"key":"TungstenRod"},{"floor":24.0,"key":"Juzu Bracelet"}],"event_choices":[{"damage_healed":0.0,"max_hp_gain":0.0,"max_hp_loss":0.0,"gold_gain":0.0,"event_name":"Shining Light","player_choice":"Entered Light","floor":3.0,"gold_loss":0.0,"damage_taken":16.0,"cards_upgraded":["Strike_R","Strike_R"]},{"damage_healed":0.0,"max_hp_gain":0.0,"max_hp_loss":0.0,"gold_gain":0.0,"cards_transformed":["Strike_R","Defend_R"],"event_name":"Drug Dealer","player_choice":"Became Test Subject","floor":19.0,"gold_loss":0.0,"damage_taken":0.0,"cards_obtained":["Clash","Armaments"]}],"is_beta":false,"boss_relics":[{"not_picked":["Busted Crown","Ectoplasm"],"picked":"Calling Bell"}],"items_purged_floors":[4,20],"is_endless":false,"potions_floor_spawned":[1,7,12,14,24],"killed_by":"Centurion and Healer","ascension_level":9}}