{"host":"dpbezu80jg8zk7un","time":1609712003,"event":{"mods":["BaseMod","Colored Map","Colored Powertips","Custom Start","DeckTracker","Minty Spire (QoL Compilation)","Quick Restart","StSLib","SuperFastMode"],"gold_per_floor":[119,119,132,149,74,74,106,106,106,106,138,153,153,153,153,229,229,241,141,168,218,218,218,236,236,288,288,319,339,354,354,354,426,426,436,449,62,81,81,81,112,112,158,173,202,213,228,228,228,228,228,228,228,22,22,22],"floor_reached":55,"playtime":1651,"items_purged":["Defend_P","Defend_P","Strike_P","Defend_P"],"score":2056,"play_id":"03b51bb7-45ab-4941-b1ec-149526107fdd","local_time":"20210104071323","is_ascension_mode":true,"campfire_choices":[{"data":"Eruption","floor":6.0,"key":"SMITH"},{"data":"CrushJoints","floor":10.0,"key":"SMITH"},{"data":"SandsOfTime","floor":13.0,"key":"SMITH"},{"data":"MentalFortress","floor":15.0,"key":"SMITH"},{"floor":23.0,"key":"REST"},{"floor":25.0,"key":"REST"},{"floor":27.0,"key":"REST"},{"floor":32.0,"key":"REST"},{"floor":40.0,"key":"REST"},{"floor":49,"key":"RECALL"},{"floor":53,"key":"REST"}],"circlet_count":0,"master_deck":["AscendersBane","Strike_P","Defend_P+1","Eruption+1","Vigilance+1","CrushJoints+1","MentalFortress+1","EmptyFist","SandsOfTime+1","FlurryOfBlows","InnerPeace","Adaptation","Adaptation"],"relics":["PureWater","Ice Cream","White Beast Statue","Letter Opener","Unceasing Top","Runic Dome","Red Mask","War Paint","Dream Catcher","Runic Pyramid","Sundial","Boot","PreservedInsect"],"acts_visited":["Exordium","TheCity","TheBeyond","TheEnding"],"potions_floor_usage":[],"damage_taken":[{"damage":6.0,"enemies":"Jaw Worm","floor":1.0,"turns":5.0},{"damage":6.0,"enemies":"Small Slimes","floor":3.0,"turns":4.0},{"damage":4.0,"enemies":"2 Louse","floor":4.0,"turns":3.0},{"damage":0.0,"enemies":"Gremlin Nob","floor":7.0,"turns":3.0},{"damage":23.0,"enemies":"3 Sentries","floor":11.0,"turns":8.0},{"damage":0.0,"enemies":"Large Slime","floor":12.0,"turns":2.0},{"damage":1.0,"enemies":"The Guardian","floor":16.0,"turns":8.0},{"damage":17.0,"enemies":"2 Thieves","floor":18.0,"turns":3.0},{"damage":18.0,"enemies":"Masked Bandits","floor":20.0,"turns":3.0},{"damage":27.0,"enemies":"3 Byrds","floor":24.0,"turns":4.0},{"damage":0.0,"enemies":"Book of Stabbing","floor":28.0,"turns":3.0},{"damage":13.0,"enemies":"Snake Plant","floor":29.0,"turns":3.0},{"damage":0.0,"enemies":"Sentry and Sphere","floor":30.0,"turns":2.0},{"damage":14.0,"enemies":"Automaton","floor":33.0,"turns":5.0},{"damage":9.0,"enemies":"3 Shapes","floor":35.0,"turns":4.0},{"damage":0.0,"enemies":"Orb Walker","floor":36.0,"turns":2.0},{"damage":21.0,"enemies":"Writhing Mass","floor":38.0,"turns":3.0},{"damage":33.0,"enemies":"Reptomancer","floor":41.0,"turns":6.0},{"damage":0.0,"enemies":"Jaw Worm Horde","floor":44.0,"turns":2.0},{"damage":0.0,"enemies":"Giant Head","floor":45.0,"turns":2.0},{"damage":5.0,"enemies":"Spire Growth","floor":46.0,"turns":3.0},{"damage":9.0,"enemies":"3 Darklings","floor":47.0,"turns":3.0},{"damage":11,"enemies":"Donu and Deca","floor":50,"turns":5},{"damage":4,"enemies":"Awakened One","floor":51,"turns":3},{"damage":86,"enemies":"Shield and Spear","floor":55,"turns":3}],"seed_played":"1390252803321558047","potions_obtained":[{"floor":1.0,"key":"Fire Potion"},{"floor":4.0,"key":"Strength Potion"},{"floor":11.0,"key":"SteroidPotion"},{"floor":12.0,"key":"Ancient Potion"},{"floor":16.0,"key":"SteroidPotion"},{"floor":20.0,"key":"Strength Potion"},{"floor":24.0,"key":"GamblersBrew"},{"floor":28.0,"key":"LiquidMemories"},{"floor":33.0,"key":"LiquidBronze"},{"floor":36.0,"key":"PowerPotion"},{"floor":38.0,"key":"Swift Potion"},{"floor":41.0,"key":"FairyPotion"},{"floor":46.0,"key":"Regen Potion"},{"floor":47.0,"key":"LiquidBronze"}],"is_trial":false,"path_per_floor":["M","?","M","M","$","R","E","?","T","R","E","M","R","?","R","B",null,"M","$","?","?","?","R","M","R","T","R","E","M","M","?","R","B",null,"M","M","$","M","?","R","E","$","T","M","E","M","M","?","R","B","B",null,"R","$","E"],"character_chosen":"WATCHER","items_purchased":["Sundial","Energy Potion"],"campfire_rested":6,"item_purchase_floors":[37,54],"current_hp_per_floor":[55,55,49,45,45,45,45,38,38,38,15,15,15,15,15,14,50,33,33,15,15,15,33,6,24,24,42,42,29,29,29,47,33,55,46,46,46,25,25,43,10,10,10,10,10,5,5,5,5,18,14,50,62,62,0,0],"gold":22,"neow_bonus":"ONE_RARE_RELIC","is_daily":false,"chose_seed":false,"campfire_upgraded":4,"win_rate":0.0,"timestamp":1609712003,"path_taken":["M","?","M","M","$","R","E","?","T","R","E","M","R","?","R","BOSS","M","$","?","?","?","R","M","R","T","R","E","M","?","?","R","BOSS","M","M","$","M","?","R","E","$","T","?","E","M","M","?","R","BOSS","BOSS","R","$","E"],"items_purchased_type":["Relic","Potion"],"build_version":"2020-12-22","purchased_purges":4,"victory":false,"max_hp_per_floor":[62,62,62,62,62,62,62,62,62,62,62,62,62,62,62,62,62,62,62,62,62,62,62,62,62,62,62,62,62,62,62,62,62,62,62,62,62,62,62,62,62,62,62,62,62,62,62,62,62,62,62,62,62,62,62,62],"card_choices":[{"not_picked":["Sanctity","Crescendo"],"picked":"CrushJoints","floor":1.0},{"not_picked":["DeceiveReality","FlurryOfBlows"],"picked":"MentalFortress","floor":3.0},{"not_picked":["Halt","EmptyBody","DeceiveReality"],"picked":"SKIP","floor":4.0},{"not_picked":["ReachHeaven","FlurryOfBlows"],"picked":"EmptyFist","floor":7.0},{"not_picked":["SashWhip","PathToVictory","Evaluate"],"picked":"SKIP","floor":11.0},{"not_picked":["FlyingSleeves","CarveReality"],"picked":"SandsOfTime","floor":12.0},{"not_picked":["Swivel","Pray+1","BowlingBash+1"],"picked":"SKIP","floor":18.0},{"not_picked":["FlyingSleeves","Indignation"],"picked":"FlurryOfBlows","floor":20.0},{"not_picked":["Prostrate+1","ForeignInfluence","BowlingBash"],"picked":"SKIP","floor":24.0},{"not_picked":["Prostrate+1","ForeignInfluence","BowlingBash"],"picked":"SKIP","floor":24.0},{"not_picked":["Protect","CrushJoints+1","BowlingBash"],"picked":"SKIP","floor":28.0},{"not_picked":["Nirvana+1","Fasting2","Prostrate"],"picked":"SKIP","floor":29.0},{"not_picked":["SandsOfTime","SashWhip"],"picked":"Adaptation","floor":30.0},{"not_picked":["TalkToTheHand","DeceiveReality","ClearTheMind"],"picked":"SKIP","floor":35.0},{"not_picked":["JustLucky","EmptyBody","Protect"],"picked":"SKIP","floor":36.0},{"not_picked":["SpiritShield","Protect","Halt"],"picked":"SKIP","floor":38.0},{"not_picked":["SpiritShield","Protect","Halt"],"picked":"SKIP","floor":38.0},{"not_picked":["FollowUp","Conclude","Crescendo"],"picked":"SKIP","floor":41.0},{"not_picked":["Consecrate","SashWhip","EmptyMind"],"picked":"SKIP","floor":44.0},{"not_picked":["Crescendo+1","Swivel","EmptyMind"],"picked":"SKIP","floor":45.0},{"not_picked":["Brilliance","DeceiveReality+1","Prostrate+1"],"picked":"SKIP","floor":46.0},{"not_picked":["DeceiveReality","Vengeance","ClearTheMind"],"picked":"SKIP","floor":47.0}],"player_experience":2824068,"relics_obtained":[{"floor":7.0,"key":"White Beast Statue"},{"floor":9.0,"key":"Letter Opener"},{"floor":11.0,"key":"Unceasing Top"},{"floor":20.0,"key":"Red Mask"},{"floor":26.0,"key":"War Paint"},{"floor":28.0,"key":"Dream Catcher"},{"floor":41.0,"key":"Boot"},{"floor":45.0,"key":"PreservedInsect"}],"event_choices":[{"damage_healed":0.0,"max_hp_gain":0.0,"max_hp_loss":0.0,"gold_gain":0.0,"event_name":"Liars Game","player_choice":"Ignored","floor":2.0,"gold_loss":0.0,"damage_taken":0.0},{"cards_removed":["Strike_P"],"damage_healed":0.0,"max_hp_gain":0.0,"max_hp_loss":0.0,"gold_gain":0.0,"event_name":"Golden Wing","player_choice":"Card Removal","floor":8.0,"gold_loss":0.0,"damage_taken":7.0},{"cards_removed":["Strike_P"],"damage_healed":0.0,"max_hp_gain":0.0,"max_hp_loss":0.0,"gold_gain":0.0,"event_name":"Living Wall","player_choice":"Forget","floor":14.0,"gold_loss":0.0,"damage_taken":0.0},{"damage_healed":0.0,"max_hp_gain":0.0,"max_hp_loss":0.0,"gold_gain":0.0,"event_name":"Masked Bandits","player_choice":"Fought Bandits","floor":20.0,"gold_loss":0.0,"damage_taken":0.0},{"damage_healed":0.0,"max_hp_gain":0.0,"max_hp_loss":0.0,"gold_gain":50.0,"event_name":"Nest","player_choice":"Stole From Cult","floor":21.0,"gold_loss":0.0,"damage_taken":0.0},{"damage_healed":0.0,"max_hp_gain":0.0,"max_hp_loss":0.0,"gold_gain":0.0,"event_name":"Match and Keep!","player_choice":"1 cards matched","floor":22.0,"gold_loss":0.0,"damage_taken":0.0,"cards_obtained":["InnerPeace"]},{"damage_healed":0.0,"max_hp_gain":0.0,"max_hp_loss":0.0,"gold_gain":0.0,"event_name":"The Library","player_choice":"Read","floor":31.0,"gold_loss":0.0,"damage_taken":0.0,"cards_obtained":["Adaptation"]},{"damage_healed":0.0,"max_hp_gain":0.0,"max_hp_loss":0.0,"gold_gain":0.0,"event_name":"SecretPortal","player_choice":"Ignored","floor":39.0,"gold_loss":0.0,"damage_taken":0.0},{"damage_healed":0,"gold_gain":0,"player_choice":"Ignored","damage_taken":0,"max_hp_gain":0,"max_hp_loss":0,"event_name":"Mysterious Sphere","floor":48,"gold_loss":0}],"is_beta":false,"boss_relics":[{"not_picked":["Calling Bell","SlaversCollar"],"picked":"Runic Dome"},{"not_picked":["HolyWater","Tiny House"],"picked":"Runic Pyramid"}],"items_purged_floors":[5,19,37,54],"is_endless":false,"potions_floor_spawned":[1,4,11,12,16,18,20,24,28,29,30,33,35,36,38,41,44,45,46,47],"killed_by":"Shield and Spear","ascension_level":20}}