{"host":"rt0td7aa3g170xdl","time":1609633758,"event":{"mods":["2.2 Compatiblity","AchievementEnabler","BaseMod","Colored Map","DeckTracker","Keyboard Shortcuts","Minty Spire (QoL Compilation)","Permanent Neow","Quick Restart","SuperFastMode","everything is the same but u backflip on backflip"],"gold_per_floor":[111,124,49,61,61,61,23,23,23,50,50,50,85,104,104,203,203,217,233,233,133,148,148,159,159,228,228,228],"floor_reached":27,"playtime":967,"items_purged":["Strike_R","Strike_R"],"score":221,"play_id":"1038e155-c7a0-4624-9e55-001bd5da4844","local_time":"20210103092918","is_ascension_mode":false,"campfire_choices":[{"data":"Seeing Red","floor":6.0,"key":"SMITH"},{"data":"Evolve","floor":8.0,"key":"SMITH"},{"data":"Feel No Pain","floor":11.0,"key":"SMITH"},{"floor":15,"key":"REST"},{"data":"Rampage","floor":23,"key":"SMITH"},{"floor":25,"key":"REST"}],"circlet_count":0,"master_deck":["Strike_R","Defend_R","Defend_R","Defend_R","Defend_R","Bash","Flex","Rampage+1","Seeing Red+1","Evolve+1","Feel No Pain+1","Shrug It Off","Double Tap","Headbutt","Pommel Strike+1"],"relics":["Burning Blood","InkBottle","Turnip","Toy Ornithopter","Ancient Tea Set","Runic Pyramid","Bottled Tornado"],"acts_visited":["Exordium","TheCity"],"potions_floor_usage":[13,16,27],"damage_taken":[{"damage":1.0,"enemies":"Jaw Worm","floor":1.0,"turns":3.0},{"damage":0.0,"enemies":"2 Louse","floor":2.0,"turns":2.0},{"damage":5.0,"enemies":"Small Slimes","floor":4.0,"turns":3.0},{"damage":25.0,"enemies":"3 Sentries","floor":10.0,"turns":6.0},{"damage":36,"enemies":"Lagavulin","floor":13,"turns":9},{"damage":13,"enemies":"2 Fungi Beasts","floor":14,"turns":4},{"damage":47,"enemies":"Hexaghost","floor":16,"turns":10},{"damage":0,"enemies":"Chosen","floor":18,"turns":7},{"damage":31,"enemies":"3 Byrds","floor":19,"turns":6},{"damage":22,"enemies":"Centurion and Healer","floor":22,"turns":6},{"damage":30,"enemies":"Cultist and Chosen","floor":24,"turns":6},{"damage":62,"enemies":"Gremlin Leader","floor":27,"turns":5}],"seed_played":"-4565700917041162303","potions_obtained":[{"floor":2.0,"key":"Swift Potion"},{"floor":4.0,"key":"LiquidBronze"},{"floor":18,"key":"BloodPotion"}],"is_trial":false,"path_per_floor":["M","M","$","M","?","R","$","R","T","E","R","?","E","M","R","B",null,"M","M","?","$","M","R","M","R","T","E"],"character_chosen":"IRONCLAD","items_purchased":["Evolve"],"campfire_rested":2,"item_purchase_floors":[7],"current_hp_per_floor":[80,80,80,80,73,73,73,73,73,54,54,51,26,19,43,7,80,80,55,55,55,39,39,15,39,39,0,0],"gold":228,"neow_bonus":"REMOVE_CARD","is_daily":false,"chose_seed":false,"campfire_upgraded":4,"win_rate":0.0,"timestamp":1609633758,"path_taken":["M","M","$","M","?","R","$","R","T","E","R","?","E","M","R","BOSS","M","M","?","$","M","R","M","R","T","E"],"items_purchased_type":["Card"],"build_version":"2020-12-22","purchased_purges":2,"victory":false,"max_hp_per_floor":[80,80,80,80,80,80,80,80,80,80,80,80,80,80,80,80,80,80,80,80,80,80,80,80,80,80,80,80],"card_choices":[{"not_picked":["Warcry","Carnage"],"picked":"Flex","floor":1.0},{"not_picked":["Armaments","Havoc"],"picked":"Rampage","floor":2.0},{"not_picked":["Sword Boomerang","True Grit"],"picked":"Seeing Red","floor":4.0},{"not_picked":["Anger","Combust"],"picked":"Feel No Pain","floor":10.0},{"not_picked":["Rampage","Havoc"],"picked":"Shrug It Off","floor":13},{"not_picked":["Sword Boomerang","Perfected Strike","Warcry"],"picked":"SKIP","floor":14},{"not_picked":["Demon Form","Impervious"],"picked":"Double Tap","floor":16},{"not_picked":["Clash","Combust+1","Sword Boomerang"],"picked":"SKIP","floor":18},{"not_picked":["Anger","Metallicize"],"picked":"Headbutt","floor":19},{"not_picked":["Rage","Pommel Strike","Havoc"],"picked":"SKIP","floor":22},{"not_picked":["Warcry","Feel No Pain"],"picked":"Pommel Strike+1","floor":24}],"player_experience":312852,"relics_obtained":[{"floor":9.0,"key":"InkBottle"},{"floor":10.0,"key":"Turnip"},{"floor":13,"key":"Ancient Tea Set"},{"floor":26,"key":"Bottled Tornado"}],"event_choices":[{"cards_removed":["Strike_R"],"damage_healed":0.0,"max_hp_gain":0.0,"max_hp_loss":0.0,"gold_gain":0.0,"event_name":"Golden Wing","player_choice":"Card Removal","floor":5.0,"gold_loss":0.0,"damage_taken":7.0},{"damage_healed":0.0,"max_hp_gain":0.0,"max_hp_loss":0.0,"gold_gain":0.0,"event_name":"Scrap Ooze","player_choice":"Success","floor":12.0,"gold_loss":0.0,"damage_taken":3.0,"relics_obtained":["Toy Ornithopter"]},{"damage_healed":0,"gold_gain":0,"player_choice":"Ignored","damage_taken":0,"max_hp_gain":0,"max_hp_loss":0,"event_name":"Vampires","floor":20,"gold_loss":0}],"is_beta":false,"boss_relics":[{"not_picked":["Empty Cage","Sozu"],"picked":"Runic Pyramid"}],"items_purged_floors":[3,21],"is_endless":false,"potions_floor_spawned":[2,4,18],"killed_by":"Gremlin Leader","ascension_level":0}}