{"host":"gg","time":1609636599,"event":{"mods":["BaseMod","Colored Map","Googly Eyes","Minty Spire (QoL Compilation)","Permanent Neow","Relic Stats","The IronCluck"],"gold_per_floor":[109,121,136,154,228,260,260,260,260],"floor_reached":8,"playtime":890,"items_purged":[],"score":102,"play_id":"221f6c55-bf41-4a65-acef-41e920d7f761","local_time":"20210102171639","is_ascension_mode":true,"campfire_choices":[{"data":"Eruption","floor":7,"key":"SMITH"}],"circlet_count":0,"master_deck":["AscendersBane","Strike_P","Strike_P","Strike_P","Strike_P","Defend_P","Defend_P","Defend_P","Defend_P","Eruption+1","Vigilance","SashWhip","CrushJoints","EmptyFist","JustLucky","FlyingSleeves"],"relics":["Black Star","Toy Ornithopter","Vajra"],"acts_visited":["Exordium"],"potions_floor_usage":[4,5,6],"damage_taken":[{"damage":2,"enemies":"Cultist","floor":1,"turns":3},{"damage":0,"enemies":"Small Slimes","floor":2,"turns":3},{"damage":0,"enemies":"2 Louse","floor":3,"turns":2},{"damage":0,"enemies":"2 Fungi Beasts","floor":4,"turns":4},{"damage":16,"enemies":"Lots of Slimes","floor":5,"turns":7},{"damage":30,"enemies":"3 Sentries","floor":6,"turns":6},{"damage":35,"enemies":"Lagavulin","floor":8,"turns":4}],"seed_played":"6638416466082787577","potions_obtained":[{"floor":2,"key":"ColorlessPotion"},{"floor":3,"key":"SpeedPotion"},{"floor":5,"key":"DuplicationPotion"}],"is_trial":false,"path_per_floor":["M","M","M","M","M","E","R","E"],"character_chosen":"WATCHER","items_purchased":[],"campfire_rested":0,"item_purchase_floors":[],"current_hp_per_floor":[59,59,59,59,43,13,13,0,0],"gold":260,"neow_bonus":"BOSS_RELIC","is_daily":false,"chose_seed":false,"campfire_upgraded":1,"win_rate":0.0,"timestamp":1609636599,"path_taken":["M","M","M","?","M","E","R","E"],"items_purchased_type":[],"build_version":"2020-12-18","purchased_purges":0,"victory":false,"max_hp_per_floor":[68,68,68,68,68,68,68,68,68],"relic_stats":{"counters":[7,29],"Black Star":1,"obtain_stats":[{"Vajra":6,"Black Star":0,"PureWater":0,"Toy Ornithopter":6},{"Vajra":6,"Black Star":0,"PureWater":0,"Toy Ornithopter":6},{"Vajra":25,"Black Star":0,"PureWater":0,"Toy Ornithopter":25}],"Toy Ornithopter":0},"card_choices":[{"not_picked":["PathToVictory","ThirdEye"],"picked":"SashWhip","floor":1},{"not_picked":["EmptyBody","Crescendo","Prostrate"],"picked":"SKIP","floor":2},{"not_picked":["Protect","FlyingSleeves"],"picked":"CrushJoints","floor":3},{"not_picked":["ClearTheMind","Protect"],"picked":"EmptyFist","floor":4},{"not_picked":["SashWhip","Wireheading"],"picked":"JustLucky","floor":5},{"not_picked":["WreathOfFlame","ClearTheMind"],"picked":"FlyingSleeves","floor":6}],"player_experience":1010542,"relics_obtained":[{"floor":6,"key":"Toy Ornithopter"},{"floor":6,"key":"Vajra"}],"event_choices":[],"is_beta":true,"boss_relics":[],"items_purged_floors":[],"is_endless":false,"potions_floor_spawned":[2,3,5],"killed_by":"Lagavulin","ascension_level":14}}