{"host":"doxo6v3vhswwfk80","time":1609645177,"event":{"mods":["2.2 Compatiblity","AchievementEnabler","Act Like it!","BaseMod","Better Altar","Better Match","Better Note","Better Sensory Stone","Better Skull","Better Third Choice","Curses Come First","Fiend Mod","Hermit","Minty Spire (QoL Compilation)","Quick Restart","Relic Stats","StSLib","The Elementalist","The Hierophant","The Runesmith"],"gold_per_floor":[109,125,175,191,191,216,233,233,258,258,258,270,270,284,284,389,389,389,389],"floor_reached":18,"playtime":1148,"items_purged":[],"score":162,"play_id":"10fa1eac-db33-4914-9a6b-2afb1bad7ea4","local_time":"20210102213937","is_ascension_mode":false,"campfire_choices":[{"floor":8,"key":"REST"},{"floor":15,"key":"REST"}],"circlet_count":0,"master_deck":["Fiend:FiendDemonSlash","Fiend:FiendDemonSlash","Fiend:FiendDemonSlash","Fiend:FiendDemonSlash","Fiend:FiendDemonSlash","Fiend:FiendFortify+1","Fiend:FiendFortify","Fiend:FiendFortify+1","Fiend:FiendFortify+1","Fiend:FiendConsume","Fiend:FiendFiendishCharge+1","Fiend:FiendRam","Fiend:FiendMeatShield","Fiend:FiendRadiation+1","Fiend:FiendRam","Fiend:FiendMeditate","Fiend:FiendCancer","Fiend:FiendFeast"],"relics":["Fiend:FiendTotem","War Paint","Potion Belt","Anchor","Velvet Choker"],"acts_visited":["Exordium","TheCity"],"potions_floor_usage":[16],"damage_taken":[{"damage":6,"enemies":"2 Louse","floor":1,"turns":2},{"damage":9,"enemies":"Small Slimes","floor":2,"turns":3},{"damage":9,"enemies":"Cultist","floor":4,"turns":4},{"damage":22,"enemies":"Gremlin Nob","floor":6,"turns":5},{"damage":5,"enemies":"Exordium Wildlife","floor":7,"turns":3},{"damage":2,"enemies":"Looter","floor":12,"turns":3},{"damage":0,"enemies":"3 Louse","floor":14,"turns":3},{"damage":42,"enemies":"Slime Boss","floor":16,"turns":14},{"damage":0,"enemies":"Spheric Guardian","floor":18,"turns":1}],"seed_played":"5397204682574541839","potions_obtained":[{"floor":6,"key":"SkillPotion"},{"floor":7,"key":"SmokeBomb"},{"floor":14,"key":"SmokeBomb"},{"floor":16,"key":"SpeedPotion"}],"is_trial":false,"path_per_floor":["M","M","?","M","?","E","M","R","T","?","?","M","T","M","R","B",null,"M"],"character_chosen":"THE_FIEND","items_purchased":[],"campfire_rested":2,"item_purchase_floors":[],"current_hp_per_floor":[71,62,62,53,77,55,50,73,73,58,58,56,56,56,77,40,78,78,78],"gold":389,"neow_bonus":"TEN_PERCENT_HP_BONUS","is_daily":false,"chose_seed":false,"campfire_upgraded":0,"win_rate":0.0,"timestamp":1609645177,"path_taken":["M","M","?","M","?","E","M","R","T","?","?","?","?","M","R","BOSS","M"],"items_purchased_type":[],"build_version":"2020-12-22","purchased_purges":0,"victory":false,"max_hp_per_floor":[77,77,77,77,77,77,77,77,77,77,77,77,77,77,77,78,78,78,78],"relic_stats":{"counters":[9,38],"War Paint":["Fiend:FiendFortify","Fiend:FiendFortify"],"obtain_stats":[{"Potion Belt":9,"Anchor":13,"Velvet Choker":17,"War Paint":6,"Fiend:FiendTotem":0},{"Potion Belt":5,"Anchor":6,"Velvet Choker":8,"War Paint":4,"Fiend:FiendTotem":0},{"Potion Belt":17,"Anchor":20,"Velvet Choker":37,"War Paint":14,"Fiend:FiendTotem":0}]},"card_choices":[{"not_picked":["Fiend:FiendMeatShield","Fiend:FiendBackFromHell"],"picked":"Fiend:FiendFiendishCharge","floor":1},{"not_picked":["Fiend:FiendAlchemeat","Fiend:FiendBloodlust"],"picked":"Fiend:FiendRam","floor":2},{"not_picked":["Fiend:FiendAbomination","Fiend:FiendConserve"],"picked":"Fiend:FiendMeatShield","floor":4},{"not_picked":["Fiend:FiendRage","Fiend:FiendSplat"],"picked":"Fiend:FiendRadiation","floor":6},{"not_picked":["Fiend:FiendGreaterDemonSlash","Fiend:FiendAbomination"],"picked":"Fiend:FiendRam","floor":7},{"not_picked":["Fiend:FiendMutativeArms","Fiend:FiendRadiation"],"picked":"Fiend:FiendMeditate","floor":12},{"not_picked":["Fiend:FiendMeatShield","Fiend:FiendRam"],"picked":"Fiend:FiendCancer","floor":14},{"not_picked":["Fiend:FiendSoulSwap","Fiend:FiendBribery"],"picked":"Fiend:FiendFeast","floor":16}],"player_experience":114443,"relics_obtained":[{"floor":6,"key":"War Paint"},{"floor":9,"key":"Potion Belt"},{"floor":13,"key":"Anchor"}],"event_choices":[{"damage_healed":25,"gold_gain":0,"player_choice":"Banana","damage_taken":0,"max_hp_gain":0,"max_hp_loss":0,"event_name":"Big Fish","floor":5,"gold_loss":0},{"damage_healed":73,"gold_gain":0,"player_choice":"Upgrade","damage_taken":15,"max_hp_gain":0,"max_hp_loss":77,"event_name":"betterThird:BetterShining","floor":10,"gold_loss":0,"cards_upgraded":["Fiend:FiendFiendishCharge","Fiend:FiendFortify"]},{"damage_healed":0,"gold_gain":0,"player_choice":"Upgraded","damage_taken":0,"max_hp_gain":0,"max_hp_loss":0,"event_name":"Upgrade Shrine","floor":11,"gold_loss":0,"cards_upgraded":["Fiend:FiendRadiation"]}],"is_beta":false,"boss_relics":[{"not_picked":["Busted Crown","Snecko Eye"],"picked":"Velvet Choker"}],"items_purged_floors":[],"is_endless":false,"potions_floor_spawned":[6,7,14,16],"killed_by":"Spheric Guardian","ascension_level":0}}