{"host":"4jgezcw2enz0fhrk","time":1609652372,"event":{"mods":["BaseMod","Downfall","KinomotoSakuraMod(Ä¾Ö®±¾Ó£)","Marisa£¨ìFÓê¡¡Ä§ÀíÉ³£©","Minty Spire (QoL Compilation)","MostiFishMod","Quick Restart","Spicy Shops","StSLib","TheWitcher","Waifu the Spire","Yakumo Yukari mod","vexMod","¡¾ÒÅÎï¿¨ÅÆ¡¿REMEMod"],"gold_per_floor":[112,112,127,127,67,67,67],"floor_reached":6,"playtime":409,"items_purged":["ClowCardTheShield"],"score":53,"play_id":"4fcfd876-9b1a-421d-bcbd-a081dfd1ffbf","local_time":"20210103133932","is_ascension_mode":true,"campfire_choices":[],"circlet_count":0,"master_deck":["AscendersBane","ClowCardTheSword","ClowCardTheSword","ClowCardTheSword","ClowCardTheShield","ClowCardTheShield","SpellCardSeal","SpellCardRelease","REME_HeartOfCthun","ClowCardTheJump","ClowCardTheLight","ClowCardTheSweet","ClowCardTheGlow","ClowCardTheDash","Trip"],"relics":["KSMOD_SealedBook","KSMOD_SealedWand","DaveBox","REME_ComplimentaryCards","DiscerningMonocle","SynthV:TestCard","REME_CardOfGreed","Juzu Bracelet","REME_LimitBreaker","vexMod:ScavengeHelm","HandDrill","Lantern"],"acts_visited":[],"potions_floor_usage":[4,6,6],"damage_taken":[{"damage":12,"enemies":"Jaw Worm","floor":1,"turns":3},{"damage":10,"enemies":"Cultist","floor":3,"turns":4},{"damage":21,"enemies":"Lagavulin","floor":6,"turns":4}],"seed_played":"-2057223036026061662","potions_obtained":[{"floor":3,"key":"Fruit Juice"}],"is_trial":false,"path_per_floor":["M","?","M","$","?","E"],"character_chosen":"KINOMOTOSAKURA","items_purchased":["REME_CardOfGreed","Juzu Bracelet","REME_LimitBreaker","vexMod:ScavengeHelm","HandDrill","Guardian:BlockOnCardUsePotion","REME_GoldPotion","AttackPotion","ClowCardTheGlow","ClowCardTheDash","Trip"],"campfire_rested":0,"item_purchase_floors":[4,4,4,4,4,4,4,4,4,4,4],"current_hp_per_floor":[51,51,41,46,46,32,32],"gold":67,"neow_bonus":"REMOVE_CARD","is_daily":false,"chose_seed":false,"campfire_upgraded":0,"win_rate":0.0,"timestamp":1609652372,"path_taken":["M","?","M","$","?","E"],"items_purchased_type":["Relic","Relic","Relic","Relic","Relic","Potion","Potion","Potion","Card","Card","Card"],"build_version":"2020-12-22","purchased_purges":1,"victory":false,"max_hp_per_floor":[70,70,70,75,75,75,75],"card_choices":[{"not_picked":["ClowCardTheCloud","ClowCardTheChange"],"picked":"ClowCardTheJump","floor":1},{"not_picked":["ClowCardTheMirror","ClowCardTheArrow","ClowCardTheLittle","ClowCardTheWave"],"picked":"ClowCardTheSweet","floor":3}],"player_experience":509517,"relics_obtained":[{"floor":1,"key":"SynthV:TestCard"}],"event_choices":[{"damage_healed":0,"gold_gain":0,"cards_transformed":["ClowCardTheShield"],"player_choice":"Transformed","damage_taken":0,"max_hp_gain":0,"max_hp_loss":0,"event_name":"Transmorgrifier","floor":2,"gold_loss":0,"cards_obtained":["ClowCardTheLight"]},{"damage_healed":0,"gold_gain":0,"player_choice":"Paid Gold","damage_taken":0,"relics_obtained":["Lantern"],"max_hp_gain":0,"max_hp_loss":0,"event_name":"WeMeetAgain","floor":5,"gold_loss":60}],"is_beta":false,"boss_relics":[],"items_purged_floors":[4],"is_endless":false,"potions_floor_spawned":[3],"killed_by":"Lagavulin","ascension_level":11}}