{"host":"p4yrwepmrl4g8pul","time":1609684427,"event":{"mods":["Act Like it!","BaseMod","BetterRewards","Colored Map","Custom Start","Gensokyo","Marisa£®ÏF”Í°°ƒß¿Ì…≥£©","Minty Spire (QoL Compilation)","Quick Restart","Rare Cards Sparkle","Reimu£®≤©¿ˆ¡È√Œ£©","Remilia£®¿Ÿ√◊¿Ú—«£©","Shop Mod","StSLib","The Jungle"],"gold_per_floor":[118,118,130,146,164,191,191,203,275,45,45,57,57,90,90,188,188,208,224,224,224],"floor_reached":20,"playtime":959,"items_purged":["Defend_Lin:ReiMu"],"score":270,"play_id":"358846c4-ad8b-40e5-8b40-40048c103513","local_time":"20210103223347","daily_mods":["Allstar","Green Cards","DeadlyEvents"],"is_ascension_mode":true,"campfire_choices":[{"data":"Trip","floor":7.0,"key":"SMITH"},{"data":"RainPray2:ReiMu","floor":11,"key":"SMITH"},{"data":"SpreadBorder2:ReiMu","floor":13,"key":"SMITH"},{"data":"SubAcupoint:ReiMu","floor":15,"key":"SMITH"}],"circlet_count":0,"master_deck":["Strike_Lin:ReiMu","Strike_Lin:ReiMu","Strike_Lin:ReiMu","Strike_Lin:ReiMu","Defend_Lin:ReiMu","Defend_Lin:ReiMu","Defend_Lin:ReiMu+1","NB:ReiMu","Stagnation:ReiMu","Master of Strategy","Trip+1","Dark Shackles","Secret Technique","UpKicking:ReiMu","Double Tap+1","CollectionFlower2:ReiMu","AirStrike:ReiMu","SpreadBorder2:ReiMu+1","SpreadBorder2:ReiMu+1","RainPray2:ReiMu+1","SubAcupoint:ReiMu+1","Free:ReiMu"],"relics":["FlyPower:ReiMu","Ginger","Singing Bowl","War Paint","Lizard Tail","SlaversCollar"],"acts_visited":["Exordium","TheCity"],"potions_floor_usage":[8,19,19],"damage_taken":[{"damage":0.0,"enemies":"Jaw Worm","floor":1.0,"turns":3.0},{"damage":0.0,"enemies":"2 Louse","floor":3.0,"turns":4.0},{"damage":0.0,"enemies":"Cultist","floor":4.0,"turns":1.0},{"damage":0.0,"enemies":"Looter","floor":5.0,"turns":2.0},{"damage":4.0,"enemies":"Gremlin Nob","floor":6.0,"turns":4.0},{"damage":2,"enemies":"Gremlin Gang","floor":8,"turns":5},{"damage":1,"enemies":"Large Slime","floor":12,"turns":6},{"damage":2,"enemies":"Lagavulin","floor":14,"turns":6},{"damage":50,"enemies":"Slime Boss","floor":16,"turns":19},{"damage":12,"enemies":"Spheric Guardian","floor":18,"turns":6},{"damage":10,"enemies":"3 Byrds","floor":19,"turns":7},{"damage":0,"enemies":"Cultist and Chosen","floor":20,"turns":6}],"seed_played":"8931631145756487628","potions_obtained":[{"floor":1.0,"key":"MagicPotion:ReiMu"},{"floor":3.0,"key":"AttackPotion"},{"floor":4.0,"key":"BlessingOfTheForge"},{"floor":16,"key":"Energy Potion"},{"floor":18,"key":"Fire Potion"}],"is_trial":true,"path_per_floor":["M","?","M","M","M","E","R","M","T","$","R","M","R","E","R","B",null,"M","M","M"],"character_chosen":"REIMU","items_purchased":["War Paint"],"campfire_rested":0,"item_purchase_floors":[10],"current_hp_per_floor":[59,59,59,59,59,55,55,53,53,53,53,54,54,52,52,2,51,41,33,33,33],"gold":224,"neow_bonus":"","is_daily":false,"chose_seed":true,"campfire_upgraded":4,"win_rate":0.0,"timestamp":1609684427,"path_taken":["M","?","M","?","M","E","R","M","T","$","R","?","R","?","R","BOSS","M","?","?"],"items_purchased_type":["Relic"],"build_version":"2020-12-22","purchased_purges":1,"victory":false,"max_hp_per_floor":[65,65,65,65,65,65,65,65,65,65,65,67,67,67,67,67,67,69,71,71,71],"card_choices":[{"not_picked":["Amulet:ReiMu","CareerPray:ReiMu"],"picked":"UpKicking:ReiMu","floor":1.0},{"not_picked":["Enchanting:ReiMu","Gathering:ReiMu"],"picked":"CollectionFlower2:ReiMu","floor":3.0},{"not_picked":["Intuition:ReiMu","Meditation:ReiMu"],"picked":"AirStrike:ReiMu","floor":4.0},{"not_picked":["PrepareRite:ReiMu","SafetyPray:ReiMu"],"picked":"SpreadBorder2:ReiMu","floor":5.0},{"not_picked":["SpringWay:ReiMu","Meditation:ReiMu"],"picked":"SpreadBorder2:ReiMu","floor":6.0},{"not_picked":["WonderfulDomain:ReiMu","ManaGlint:ReiMu"],"picked":"RainPray2:ReiMu","floor":8},{"not_picked":["Intuition:ReiMu","OctopathBindingBorder2:ReiMu","ForcedLanding:ReiMu"],"picked":"Singing Bowl","floor":12},{"not_picked":["CleanRite:ReiMu","DoubleButterfly:ReiMu"],"picked":"SubAcupoint:ReiMu","floor":14},{"not_picked":["CeremonyResonance:ReiMu","Dreaming:ReiMu"],"picked":"Free:ReiMu","floor":16},{"not_picked":["SafetyPray:ReiMu+1","EmergencyTakeOff:ReiMu","TightArray:ReiMu"],"picked":"Singing Bowl","floor":18},{"not_picked":["SubAcupoint:ReiMu","Gathering:ReiMu+1","TightArray:ReiMu+1"],"picked":"Singing Bowl","floor":19}],"player_experience":773186,"relics_obtained":[{"floor":6.0,"key":"Ginger"},{"floor":9,"key":"Singing Bowl"},{"floor":14,"key":"Lizard Tail"}],"event_choices":[{"cards_removed":["Purity"],"damage_healed":0.0,"max_hp_gain":0.0,"max_hp_loss":0.0,"gold_gain":0.0,"event_name":"NoteForYourself","player_choice":"Took Card","floor":2.0,"gold_loss":0.0,"damage_taken":0.0,"cards_obtained":["Double Tap"]}],"is_beta":false,"boss_relics":[{"not_picked":["Ectoplasm","ShineYinYang:ReiMu"],"picked":"SlaversCollar"}],"items_purged_floors":[10],"is_endless":false,"potions_floor_spawned":[1,3,4,16,18],"killed_by":"Cultist and Chosen","ascension_level":9}}