{"host":"91blwi3hgehj6ch9","time":1609674825,"event":{"mods":["2.2 Compatiblity","AchievementEnabler","BaseMod","Colored Map","DeckTracker","Keyboard Shortcuts","Minty Spire (QoL Compilation)","Permanent Neow","Quick Restart","StSLib","SuperFastMode"],"gold_per_floor":[118,130,130,147,147,147,147,174,198,6,19,19,34,44,44,146,146,163,174,193,292,292,292,310,310,310],"floor_reached":25,"playtime":1353,"items_purged":["Strike_G"],"score":287,"play_id":"73943ab0-5ce0-4dde-b250-6edd4a3e4225","local_time":"20210103205345","is_ascension_mode":true,"campfire_choices":[{"data":"Blur","floor":12.0,"key":"SMITH"},{"floor":15.0,"key":"REST"},{"floor":23.0,"key":"REST"}],"circlet_count":0,"master_deck":["Strike_G+1","Strike_G","Strike_G+1","Defend_G","Defend_G","Defend_G","Defend_G","Survivor","Neutralize","Backflip","Blur+1","Deadly Poison+1","Dagger Throw","Dagger Spray","Dodge and Roll","Malaise","Calculated Gamble","Sucker Punch+1","Noxious Fumes+1"],"relics":["Ring of the Snake","Potion Belt","Bag of Preparation","Membership Card","SacredBark"],"acts_visited":["Exordium","TheCity"],"potions_floor_usage":[25],"damage_taken":[{"damage":0.0,"enemies":"Jaw Worm","floor":1.0,"turns":6.0},{"damage":0.0,"enemies":"Small Slimes","floor":2.0,"turns":3.0},{"damage":0.0,"enemies":"Cultist","floor":4.0,"turns":3.0},{"damage":34.0,"enemies":"3 Sentries","floor":8.0,"turns":15.0},{"damage":2.0,"enemies":"Exordium Thugs","floor":11.0,"turns":4.0},{"damage":1.0,"enemies":"Exordium Wildlife","floor":13.0,"turns":6.0},{"damage":0.0,"enemies":"Lots of Slimes","floor":14.0,"turns":1.0},{"damage":13.0,"enemies":"Hexaghost","floor":16.0,"turns":11.0},{"damage":20.0,"enemies":"Shell Parasite","floor":18.0,"turns":9.0},{"damage":11.0,"enemies":"Spheric Guardian","floor":19.0,"turns":4.0},{"damage":29.0,"enemies":"Snecko","floor":20.0,"turns":12.0},{"damage":17.0,"enemies":"Centurion and Healer","floor":24.0,"turns":13.0},{"damage":8,"enemies":"Book of Stabbing","floor":25,"turns":4}],"seed_played":"2470697389461013860","potions_obtained":[{"floor":2.0,"key":"SteroidPotion"},{"floor":8.0,"key":"FearPotion"},{"floor":11.0,"key":"LiquidBronze"},{"floor":16.0,"key":"LiquidBronze"},{"floor":18.0,"key":"Block Potion"}],"is_trial":false,"path_per_floor":["M","M","?","M","?","?","?","E","T","$","M","R","M","M","R","B",null,"M","M","M","?","?","R","M","E"],"character_chosen":"THE_SILENT","items_purchased":["Membership Card"],"campfire_rested":2,"item_purchase_floors":[10],"current_hp_per_floor":[63,63,49,49,49,54,54,20,20,20,18,18,17,17,39,26,63,43,32,3,3,3,25,8,0,0],"gold":310,"neow_bonus":"REMOVE_CARD","is_daily":false,"chose_seed":false,"campfire_upgraded":1,"win_rate":0.0,"timestamp":1609674825,"path_taken":["M","M","?","M","?","?","?","E","T","$","M","R","M","M","R","BOSS","M","M","?","?","?","R","M","E"],"items_purchased_type":["Relic"],"build_version":"2020-12-22","purchased_purges":1,"victory":false,"max_hp_per_floor":[70,70,70,70,70,75,75,75,75,75,75,75,75,75,75,75,75,75,75,75,75,75,75,75,75,75],"card_choices":[{"not_picked":["Bane","PiercingWail"],"picked":"Backflip","floor":1.0},{"not_picked":["Outmaneuver","Choke"],"picked":"Blur","floor":2.0},{"not_picked":["Quick Slash","Prepared"],"picked":"Deadly Poison","floor":4.0},{"not_picked":["Blur","Doppelganger"],"picked":"Dagger Throw","floor":8.0},{"not_picked":["Quick Slash","Poisoned Stab"],"picked":"Dagger Spray","floor":11.0},{"not_picked":["Deadly Poison","Bane"],"picked":"Dodge and Roll","floor":13.0},{"not_picked":["Dodge and Roll","Deflect","Underhanded Strike"],"picked":"SKIP","floor":14.0},{"not_picked":["A Thousand Cuts","Envenom"],"picked":"Malaise","floor":16.0},{"not_picked":["Flying Knee","Endless Agony"],"picked":"Calculated Gamble","floor":18.0},{"not_picked":["Dagger Throw","Slice","Prepared"],"picked":"SKIP","floor":19.0},{"not_picked":["Blade Dance","Acrobatics"],"picked":"Sucker Punch+1","floor":20.0},{"not_picked":["Setup+1","Backflip"],"picked":"Noxious Fumes+1","floor":24.0}],"player_experience":129784,"relics_obtained":[{"floor":8.0,"key":"Potion Belt"},{"floor":9.0,"key":"Bag of Preparation"}],"event_choices":[{"damage_healed":0.0,"max_hp_gain":0.0,"max_hp_loss":0.0,"gold_gain":0.0,"event_name":"Shining Light","player_choice":"Entered Light","floor":3.0,"gold_loss":0.0,"damage_taken":14.0,"cards_upgraded":["Strike_G","Strike_G"]},{"damage_healed":0.0,"max_hp_gain":0.0,"max_hp_loss":0.0,"gold_gain":0.0,"event_name":"Liars Game","player_choice":"Ignored","floor":5.0,"gold_loss":0.0,"damage_taken":0.0},{"damage_healed":0.0,"max_hp_gain":5.0,"max_hp_loss":0.0,"gold_gain":0.0,"event_name":"Big Fish","player_choice":"Donut","floor":6.0,"gold_loss":0.0,"damage_taken":0.0},{"cards_removed":["Strike_G"],"damage_healed":0.0,"max_hp_gain":0.0,"max_hp_loss":0.0,"gold_gain":0.0,"event_name":"Bonfire Elementals","player_choice":"Offered Basic","floor":7.0,"gold_loss":0.0,"damage_taken":0.0},{"damage_healed":0.0,"max_hp_gain":0.0,"max_hp_loss":0.0,"gold_gain":99.0,"event_name":"Nest","player_choice":"Stole From Cult","floor":21.0,"gold_loss":0.0,"damage_taken":0.0},{"damage_healed":0.0,"max_hp_gain":0.0,"max_hp_loss":0.0,"gold_gain":0.0,"event_name":"Accursed Blacksmith","player_choice":"Forge","floor":22.0,"gold_loss":0.0,"damage_taken":0.0,"cards_upgraded":["Deadly Poison"]}],"is_beta":false,"boss_relics":[{"not_picked":["Calling Bell","Tiny House"],"picked":"SacredBark"}],"items_purged_floors":[10],"is_endless":false,"potions_floor_spawned":[2,8,11,16,18],"killed_by":"Book of Stabbing","ascension_level":8}}