{"host":"9l4mw5jqza9qz9hr","time":1609672048,"event":{"mods":["AchievementEnabler","Always Whale","BaseMod","Colored Map","Minty Spire (QoL Compilation)","StSLib","SuperFastMode"],"gold_per_floor":[117,192,202,215,68,97,97,124,124,147,221,231,247,260,260,260,260],"floor_reached":16,"playtime":606,"items_purged":["Strike_R"],"score":140,"play_id":"1494dc3c-c4be-4c39-a2aa-f324f938e52e","local_time":"20210103200728","is_ascension_mode":true,"campfire_choices":[{"data":"Armaments","floor":7.0,"key":"SMITH"},{"data":"Impervious","floor":15,"key":"SMITH"}],"circlet_count":0,"master_deck":["Strike_R","Strike_R","Strike_R","Strike_R","Defend_R","Defend_R","Defend_R","Defend_R","Bash","Master of Strategy","Armaments+1","Pommel Strike","Cleave","Flame Barrier","Body Slam","Entrench","Body Slam","Feel No Pain","Impervious+1"],"relics":["Burning Blood","WingedGreaves","Peace Pipe","Magic Flower","Potion Belt","Bottled Lightning"],"acts_visited":["Exordium"],"potions_floor_usage":[12],"damage_taken":[{"damage":6.0,"enemies":"2 Louse","floor":1.0,"turns":3.0},{"damage":1.0,"enemies":"Cultist","floor":3.0,"turns":4.0},{"damage":22.0,"enemies":"Jaw Worm","floor":4.0,"turns":6.0},{"damage":8.0,"enemies":"3 Sentries","floor":6.0,"turns":5.0},{"damage":36.0,"enemies":"Lagavulin","floor":8.0,"turns":8.0},{"damage":0,"enemies":"Lots of Slimes","floor":12,"turns":1},{"damage":12,"enemies":"Looter","floor":13,"turns":3},{"damage":10,"enemies":"Gremlin Gang","floor":14,"turns":4},{"damage":32,"enemies":"Hexaghost","floor":16,"turns":11}],"seed_played":"-7274411444754230575","potions_obtained":[{"floor":4.0,"key":"DuplicationPotion"},{"floor":8.0,"key":"SteroidPotion"},{"floor":13,"key":"Strength Potion"}],"is_trial":false,"path_per_floor":["M","?","M","M","$","E","R","E","T","T","T","M","M","M","R","B"],"character_chosen":"IRONCLAD","items_purchased":["Flame Barrier"],"campfire_rested":0,"item_purchase_floors":[5],"current_hp_per_floor":[72,65,70,54,54,52,52,22,22,22,22,31,28,27,27,0,0],"gold":260,"neow_bonus":"RANDOM_COLORLESS_2","is_daily":false,"chose_seed":false,"campfire_upgraded":2,"win_rate":0.0,"timestamp":1609672048,"path_taken":["M","?","M","?","$","E","R","E","T","?","?","?","?","M","R","BOSS"],"items_purchased_type":["Card"],"build_version":"2020-12-22","purchased_purges":1,"victory":false,"max_hp_per_floor":[72,72,72,72,72,72,72,72,72,72,72,72,72,72,72,72,72],"card_choices":[{"not_picked":["Thinking Ahead","Violence"],"picked":"Master of Strategy","floor":0.0},{"not_picked":["True Grit","Wild Strike"],"picked":"Armaments","floor":1.0},{"not_picked":["Spot Weakness","Searing Blow"],"picked":"Pommel Strike","floor":3.0},{"not_picked":["Twin Strike","Wild Strike"],"picked":"Cleave","floor":4.0},{"not_picked":["Anger","Shockwave"],"picked":"Body Slam","floor":6.0},{"not_picked":["Pommel Strike","Iron Wave"],"picked":"Entrench","floor":8.0},{"not_picked":["Anger","Cleave"],"picked":"Body Slam","floor":12},{"not_picked":["Thunderclap","Inflame"],"picked":"Feel No Pain","floor":13},{"not_picked":["Clothesline","Perfected Strike"],"picked":"Impervious","floor":14}],"player_experience":155352,"relics_obtained":[{"floor":6.0,"key":"WingedGreaves"},{"floor":8.0,"key":"Peace Pipe"},{"floor":9.0,"key":"Magic Flower"},{"floor":10.0,"key":"Potion Belt"},{"floor":11.0,"key":"Bottled Lightning"}],"event_choices":[{"damage_healed":0.0,"max_hp_gain":0.0,"max_hp_loss":0.0,"gold_gain":75.0,"event_name":"FaceTrader","player_choice":"Touch","floor":2.0,"gold_loss":0.0,"damage_taken":7.0}],"is_beta":false,"boss_relics":[],"items_purged_floors":[5],"is_endless":false,"potions_floor_spawned":[4,8,13],"killed_by":"Hexaghost","ascension_level":5}}