{"host":"eeeqmyc7a1933jos","time":1609680784,"event":{"mods":["2.2 Compatiblity","Act Like it!","BaseMod","CapriCore","Colored Powertips","Conspire","Downfall","Elementarium","Friendly Minions","Gensokyo","GifTheSpireLib","Gremlin Mod","Hallownest","Hermit","Hubris","Infinite Spire","Jorbs\u0027s Wanderer Trilogy","Marisa????????","Mimic Mod","Minty Spire (QoL Compilation)","Pale of the Ancients","Random Character Button","Random Character Mod","Reimu??????","Relic Sorter","Relic Stats","Replay The Spire","SIMod","Shade Mod","StSLib","The Administrix","The Bug Knight","The Hierophant","The Immortal","The Mystic","The Runesmith","The Senshi","The Vixen","TheBandit","TheFirefly","TheVacant","Wandering Minibosses"],"gold_per_floor":[99,13,13,24,24,24,51,51,3,3,3,37,52,68,82,178,178,178,194,209,209,240,150,174,207,226,226,1,55,72,41,78,195,195,195,232,232,232,247,247,247,247,285,318,338,338,45,59,78,98,98,152,1,1,21],"floor_reached":56,"playtime":5902,"items_purged":["stsjorbsmod:Amnesia","Hallownest:curseDreamersLament","Gremlin:Strike"],"score":1372,"play_id":"109e3118-9254-4b2c-8075-227a47362e70","local_time":"20210103143304","is_ascension_mode":true,"campfire_choices":[{"data":"Gremlin:InfiniteBlocks","floor":1,"key":"SMITH"},{"data":"Gremlin:TagTeam","floor":6,"key":"SMITH"},{"floor":8,"key":"RECALL"},{"data":"Sadistic Nature","floor":10,"key":"SMITH"}],"circlet_count":0,"master_deck":["Gremlin:Strike","Gremlin:Strike","Gremlin:Strike","Gremlin:Defend","Gremlin:Defend","Gremlin:Defend","Gremlin:TagTeam+1","Gremlin:InfiniteBlocks+1","Gremlin:BubbleBarrier+1","Sadistic Nature+1","Gremlin:BrokenShin","Gremlin:Pinprick","Gremlin:BubbleBarrier","Gremlin:Heckle","Gremlin:FlipOut","Gremlin:ProperTools","Gremlin:BubbleBarrier","Elementarium:GildedForm","Gremlin:AggressiveDefense","Gremlin:ProperTools","Gremlin:DaggerDance+1","Gremlin:Glimmer","Gremlin:Exacerbate","Gremlin:InfiniteBlocks","Gremlin:GremlinToss","Gremlin:GremlinToss","Gremlin:Glimmer","Gremlin:FairyDust","Gremlin:Pickpocket","ReplayTheSpireMod:Book of Names","Gremlin:AggressiveDefense+1","Gremlin:Patsy+1","Gremlin:BurlyBlow+1","Gremlin:Polish+1","Gremlin:Flurry","Gremlin:Mockery","Gremlin:PourSalt","Gremlin:Pinprick","Gremlin:Pinprick"],"relics":["Gremlin:GremlinKnob","Gensokyo:Mercy","ReplayTheSpireMod:CursedCoin","Mango","Gremlin:PricklyShields","Philosopher\u0027s Stone","Pen Nib","Onion Ring","downfall:HeartBlessingGreen","downfall:HeartBlessingBlue","downfall:HeartBlessingRed","Replay:Bottled Steam","Incense Burner","hubris:RunicObelisk","Hallownest:BeastSealRelic","OrangePellets","hubris:Towel","hubris:CrystalStatue","hubris:EmptyBottle","infinitespire:Broken Mirror"],"acts_visited":["Exordium","Gensokyo:Gensokyo","Elementarium:Elementarium","TheEnding"],"potions_floor_usage":[29,33,33,33,49,50,52,52,55,55],"damage_taken":[{"damage":1,"enemies":"Gensokyo:3_Fairies","floor":4,"turns":6},{"damage":0,"enemies":"downfall:FleeingMerchant","floor":9,"turns":4},{"damage":0,"enemies":"Gensokyo:Cirno","floor":12,"turns":8},{"damage":0,"enemies":"Gensokyo:Gryphon","floor":13,"turns":3},{"damage":0,"enemies":"Gensokyo:Python","floor":14,"turns":2},{"damage":1,"enemies":"Gensokyo:2_Rabbits","floor":15,"turns":4},{"damage":42,"enemies":"downfall:Ironclad","floor":16,"turns":13},{"damage":0,"enemies":"Elementarium:VoidCorruption","floor":19,"turns":4},{"damage":12,"enemies":"Elementarium:2_ELEMENTALS","floor":20,"turns":2},{"damage":14,"enemies":"Elementarium:VoidBeast","floor":22,"turns":6},{"damage":0,"enemies":"downfall:FleeingMerchant","floor":23,"turns":4},{"damage":19,"enemies":"Elementarium:ElementalPortal","floor":25,"turns":6},{"damage":36,"enemies":"Elementarium:3_ELEMENTALS","floor":26,"turns":3},{"damage":4,"enemies":"Elementarium:FIRE_NOBILITY","floor":29,"turns":5},{"damage":11,"enemies":"Elementarium:RubyGolem","floor":30,"turns":3},{"damage":6,"enemies":"downfall:FleeingMerchant","floor":31,"turns":5},{"damage":20,"enemies":"Elementarium:VOID_CORRUPTION_AND_TAR_GOLEM","floor":32,"turns":6},{"damage":7,"enemies":"downfall:Silent","floor":33,"turns":6},{"damage":0,"enemies":"Hallownest:3_Siblings","floor":36,"turns":5},{"damage":0,"enemies":"Hallownest:2_Littles","floor":39,"turns":1},{"damage":0,"enemies":"Hallownest:Shield_Sturdy","floor":43,"turns":3},{"damage":0,"enemies":"Hallownest:2_Wandering_and_1_Horned","floor":44,"turns":5},{"damage":0,"enemies":"Hallownest:2_Wing_and_1_Kings","floor":45,"turns":3},{"damage":0,"enemies":"Hallownest:Xero_Hu_Marmu","floor":48,"turns":1},{"damage":7,"enemies":"Hallownest:2_Soldiers_and_1_Guardian","floor":49,"turns":4},{"damage":0,"enemies":"downfall:Watcher","floor":50,"turns":6},{"damage":67,"enemies":"downfall:CharBossMerchant","floor":52,"turns":9},{"damage":11,"enemies":"downfall:NeowBoss","floor":55,"turns":28}],"seed_played":"-330514782802836047","potions_obtained":[{"floor":14,"key":"SpeedPotion"},{"floor":20,"key":"Dexterity Potion"},{"floor":29,"key":"SpeedPotion"},{"floor":30,"key":"Venom Potion"},{"floor":32,"key":"EssenceOfSteel"},{"floor":33,"key":"Energy Potion"},{"floor":36,"key":"champ:CounterPotion"},{"floor":45,"key":"SpeedPotion"},{"floor":49,"key":"BlessingOfTheForge"}],"is_trial":false,"path_per_floor":["R","COS","?","M","?","R","T","R","$","R","?","E","M","M","M","B",null,"R","M","M","?","M","$","T","E","M","?","R","E","M","$","M","B",null,"R","M","?","AVR","M","?","T","R","M","M","M","R","$","M","M","B",null,"E","$","R","B",null],"character_chosen":"GREMLIN","items_purchased":["ReplayTheSpireMod:CursedCoin","Sadistic Nature","Gremlin:GremlinToss","Incense Burner","Gremlin:Flurry","Gremlin:Mockery","hubris:EmptyBottle","Gremlin:Pinprick"],"campfire_rested":0,"item_purchase_floors":[9,9,31,31,47,47,47,53],"current_hp_per_floor":[20,20,20,20,20,20,20,20,20,20,20,23,22,22,23,2,23,22,22,22,21,18,10,10,21,6,2,4,19,12,19,12,5,23,22,22,22,22,22,22,22,21,21,21,21,20,20,20,20,20,20,20,20,19,8],"gold":21,"neow_bonus":"TRANSFORM_CARD","is_daily":false,"chose_seed":false,"campfire_upgraded":3,"win_rate":0.0,"timestamp":1609680784,"path_taken":["R","COS","?","M","?","R","T","R","?","R","?","E","M","M","M","BOSS","R","M","M","?","M","$","T","E","M","?","R","E","M","$","M","BOSS","R","M","?","AVR","M","?","T","R","M","M","M","R","$","M","M","BOSS","E","$","R","BOSS"],"items_purchased_type":["Relic","Card","Card","Relic","Card","Card","Relic","Card"],"build_version":"2020-12-22","purchased_purges":3,"victory":true,"max_hp_per_floor":[20,20,20,20,20,20,20,20,20,20,20,23,23,23,23,23,23,22,22,22,21,21,21,21,21,21,22,23,23,23,23,23,23,23,22,22,22,22,22,22,22,21,21,21,21,20,20,20,20,20,20,20,20,19,19],"relic_stats":{"OrangePellets":[13],"counters":[28,155],"Pen Nib":[26],"obtain_stats":[{"hubris:CrystalStatue":41,"downfall:HeartBlessingRed":28,"ReplayTheSpireMod:CursedCoin":9,"Mango":12,"downfall:HeartBlessingGreen":28,"Pen Nib":24,"Incense Burner":31,"hubris:RunicObelisk":34,"hubris:Towel":40,"hubris:EmptyBottle":47,"OrangePellets":38,"Gensokyo:Mercy":3,"downfall:HeartBlessingBlue":28,"infinitespire:Broken Mirror":52,"Gremlin:GremlinKnob":0,"Gremlin:PricklyShields":13,"Philosopher\u0027s Stone":17,"Onion Ring":25,"Replay:Bottled Steam":29,"Hallownest:BeastSealRelic":37},{"hubris:CrystalStatue":20,"downfall:HeartBlessingRed":13,"ReplayTheSpireMod:CursedCoin":2,"Mango":3,"downfall:HeartBlessingGreen":13,"Pen Nib":11,"Incense Burner":16,"hubris:RunicObelisk":18,"hubris:Towel":20,"hubris:EmptyBottle":23,"OrangePellets":19,"Gensokyo:Mercy":0,"downfall:HeartBlessingBlue":13,"infinitespire:Broken Mirror":27,"Gremlin:GremlinKnob":0,"Gremlin:PricklyShields":4,"Philosopher\u0027s Stone":7,"Onion Ring":12,"Replay:Bottled Steam":14,"Hallownest:BeastSealRelic":19},{"hubris:CrystalStatue":96,"downfall:HeartBlessingRed":65,"ReplayTheSpireMod:CursedCoin":10,"Mango":18,"downfall:HeartBlessingGreen":65,"Pen Nib":56,"Incense Burner":78,"hubris:RunicObelisk":90,"hubris:Towel":96,"hubris:EmptyBottle":107,"OrangePellets":95,"Gensokyo:Mercy":0,"downfall:HeartBlessingBlue":65,"infinitespire:Broken Mirror":127,"Gremlin:GremlinKnob":0,"Gremlin:PricklyShields":21,"Philosopher\u0027s Stone":40,"Onion Ring":62,"Replay:Bottled Steam":70,"Hallownest:BeastSealRelic":95}]},"card_choices":[{"not_picked":["Gremlin:TwistTheKnife","Gremlin:GremlinArms"],"picked":"Gremlin:BubbleBarrier","floor":4},{"not_picked":["Gremlin:Pinprick","Gremlin:BurlyBlow","Gremlin:FollowThrough"],"picked":"SKIP","floor":9},{"not_picked":["Gremlin:Pretaliation","Gremlin:Polish"],"picked":"Gremlin:BrokenShin","floor":12},{"not_picked":["Gremlin:CatScratch","Gremlin:Tricksy"],"picked":"Gremlin:Pinprick","floor":13},{"not_picked":["Gremlin:Irritability","Gremlin:ToeStub"],"picked":"Gremlin:BubbleBarrier","floor":14},{"not_picked":["Gremlin:Irritability","Gremlin:FollowThrough"],"picked":"Gremlin:Heckle","floor":15},{"not_picked":["Gremlin:ShowStopper","Gremlin:Erupt"],"picked":"Gremlin:FlipOut","floor":16},{"not_picked":["Gremlin:Tadah","Gremlin:Pickpocket+1"],"picked":"Gremlin:ProperTools","floor":19},{"not_picked":["Gremlin:Patsy","Gremlin:Jeer"],"picked":"Gremlin:BubbleBarrier","floor":20},{"not_picked":["Gremlin:Revel+1","Gremlin:Whiz"],"picked":"Gremlin:AggressiveDefense","floor":22},{"not_picked":["Gremlin:Pinprick","Gremlin:Tadah+1"],"picked":"Gremlin:ProperTools","floor":23},{"not_picked":["Gremlin:Presto","Gremlin:GremlinMeal"],"picked":"Gremlin:DaggerDance+1","floor":25},{"not_picked":["Gremlin:GremlinMeal","Gremlin:CatScratch"],"picked":"Gremlin:Glimmer","floor":26},{"not_picked":["Gremlin:Tricksy","Gremlin:Pickpocket"],"picked":"Gremlin:Exacerbate","floor":29},{"not_picked":["Gremlin:RageBreak","Gremlin:Dazzle","Gremlin:CatScratch"],"picked":"SKIP","floor":30},{"not_picked":["Gremlin:Glimmer","Gremlin:PourSalt"],"picked":"Gremlin:InfiniteBlocks","floor":31},{"not_picked":["Gremlin:Tricksy","Gremlin:Changeo+1"],"picked":"Gremlin:Glimmer","floor":32},{"not_picked":["Gremlin:Necromancy","Gremlin:Exacerbate"],"picked":"Gremlin:FairyDust","floor":33},{"not_picked":["Gremlin:ToeStub","Gremlin:Jeer+1"],"picked":"Gremlin:Pickpocket","floor":36},{"not_picked":["Gremlin:Revel","Gremlin:TwistTheKnife+1"],"picked":"Gremlin:AggressiveDefense+1","floor":39},{"not_picked":["Gremlin:Tricksy","Gremlin:GlitterGuard+1"],"picked":"Gremlin:Patsy+1","floor":43},{"not_picked":["Gremlin:Tadah","Gremlin:BulkUp+1"],"picked":"Gremlin:BurlyBlow+1","floor":44},{"not_picked":["Gremlin:GremlinArms+1","Gremlin:Astound+1"],"picked":"Gremlin:Polish+1","floor":45},{"not_picked":["Gremlin:Tricksy+1","Gremlin:Changeo+1"],"picked":"Gremlin:PourSalt","floor":48},{"not_picked":["Gremlin:Presto+1","Gremlin:Changeo","Gremlin:Jeer"],"picked":"SKIP","floor":49},{"not_picked":["Gremlin:Presto+1","Gremlin:BurlyBlow"],"picked":"Gremlin:Pinprick","floor":52}],"player_experience":1398929,"relics_obtained":[{"floor":12,"key":"Mango"},{"floor":24,"key":"Pen Nib"},{"floor":25,"key":"Onion Ring"},{"floor":29,"key":"Replay:Bottled Steam"},{"floor":41,"key":"hubris:CrystalStatue"},{"floor":52,"key":"infinitespire:Broken Mirror"}],"event_choices":[{"damage_healed":0,"gold_gain":0,"player_choice":"Leave","damage_taken":0,"max_hp_gain":0,"max_hp_loss":0,"event_name":"conspire:Investor","floor":11,"gold_loss":0},{"damage_healed":0,"gold_gain":0,"player_choice":"Dive in","damage_taken":0,"max_hp_gain":0,"max_hp_loss":2,"event_name":"Elementarium:FountainOfGold","floor":21,"gold_loss":0,"cards_obtained":["Elementarium:GildedForm"]},{"damage_healed":0,"gold_gain":0,"player_choice":"Sacrifice","damage_taken":5,"max_hp_gain":5,"max_hp_loss":0,"event_name":"Elementarium:RadiantAltar","floor":27,"gold_loss":0}],"is_beta":false,"boss_relics":[{"not_picked":["Honey Jar","Velvet Choker"],"picked":"Philosopher\u0027s Stone"},{"not_picked":["Painkiller Herb","hubris:TerracottaHorce"],"picked":"hubris:RunicObelisk"}],"items_purged_floors":[23,38,53],"is_endless":false,"potions_floor_spawned":[14,20,29,30,32,33,36,45,49],"ascension_level":3}}