{"host":"egwexuw5uvnxf11j","time":1609646066,"event":{"mods":["2.2 Compatiblity","Aspiration","BaseMod","Better Altar","Better Note","Better Sensory Stone","Better Third Choice","Displayed Cursed Tome","Downfall","Hermit","Key Reminder","Koishi","Marisa????????","Minty Spire (QoL Compilation)","Quick Restart","Shade Mod","Spicy Shops","StSLib","The Construct","The Cursed","The Hierophant","The Runesmith","The Senshi","The Servant 0.9.4","Transform Curses"],"gold_per_floor":[111,111,151,190,237,237,276,308,356,356,373,353,201,239,239,380,380,419,37,57,57,30,30,86,86,86,111,145,145,177,177,177,276,276,289,306,163,177,247,277,277,277,277],"floor_reached":42,"playtime":3039,"items_purged":[],"score":563,"play_id":"8e240e55-e17a-4647-97dc-3e05ef7c59ee","local_time":"20210102225426","is_ascension_mode":true,"campfire_choices":[{"floor":6,"key":"RECALL"},{"floor":10,"key":"REST"},{"floor":15,"key":"REST"},{"floor":23,"key":"REST"},{"floor":25,"key":"REST"},{"floor":32,"key":"REST"},{"floor":41,"key":"REST"}],"circlet_count":0,"master_deck":["Runesmith:Strike_RS","Runesmith:Strike_RS","Runesmith:Strike_RS","Runesmith:Strike_RS","Runesmith:Defend_RS","Runesmith:Defend_RS","Runesmith:Defend_RS","Runesmith:Defend_RS","Runesmith:CraftFirestone","Runesmith:Fortify","Runesmith:CraftReservo","HandOfGreed","Runesmith:CraftProtectio+1","Runesmith:RuneHurl","Runesmith:Grindstone","Runesmith:EarthShield+1","Runesmith:GrandSlam","Runesmith:LithiumIon","Runesmith:HeatedChisel","Runesmith:GrandSlam","Runesmith:HeatExchange","Runesmith:PoweredAnvil+1","Runesmith:RuneHurl","Runesmith:CraftMagma","Runesmith:GrandSlam","Runesmith:CraftVitae+1","Runesmith:Permafrost+1","Runesmith:RunicBlueprint+1","Runesmith:CreatorForm+1","Runesmith:StaticCage","Runesmith:LithiumIon+1","Runesmith:Reinforce","Runesmith:ChiselStab","Runesmith:Reinforce+1"],"relics":["Runesmith:BrokenRuby","aspiration:ChemicalBlood","Kunai","Vajra","War Paint","SacredBark","Frozen Egg 2","Blood Vial","aspiration:FrozenJewel","Pear","Matryoshka","construct:WeddingRing","Lee\u0027s Waffle","Mango","Boot"],"acts_visited":["Exordium","TheCity","TheBeyond"],"potions_floor_usage":[8,14,16,16,16,18,18,20,24,27,27,30,30,33,33,36,36,38,39,40],"damage_taken":[{"damage":2,"enemies":"Small Slimes","floor":1,"turns":4},{"damage":6,"enemies":"Jaw Worm","floor":3,"turns":3},{"damage":0,"enemies":"Cultist","floor":4,"turns":3},{"damage":2,"enemies":"3 Louse","floor":7,"turns":3},{"damage":20,"enemies":"Lagavulin","floor":8,"turns":6},{"damage":13,"enemies":"Exordium Thugs","floor":11,"turns":5},{"damage":7,"enemies":"Blue Slaver","floor":14,"turns":4},{"damage":9,"enemies":"Slime Boss","floor":16,"turns":16},{"damage":44,"enemies":"2 Thieves","floor":18,"turns":4},{"damage":16,"enemies":"3 Byrds","floor":20,"turns":5},{"damage":33,"enemies":"Centurion and Healer","floor":24,"turns":5},{"damage":16,"enemies":"Book of Stabbing","floor":27,"turns":6},{"damage":11,"enemies":"Snecko","floor":28,"turns":6},{"damage":17,"enemies":"Gremlin Leader","floor":30,"turns":6},{"damage":13,"enemies":"Collector","floor":33,"turns":10},{"damage":60,"enemies":"3 Darklings","floor":35,"turns":5},{"damage":5,"enemies":"3 Shapes","floor":36,"turns":4},{"damage":27,"enemies":"Maw","floor":38,"turns":10},{"damage":0,"enemies":"Mind Bloom Boss Battle","floor":39,"turns":5},{"damage":68,"enemies":"Reptomancer","floor":40,"turns":9},{"damage":70,"enemies":"2 Orb Walkers","floor":42,"turns":6}],"seed_played":"-3160947950712473459","potions_obtained":[{"floor":3,"key":"Energy Potion"},{"floor":4,"key":"AttackPotion"},{"floor":12,"key":"Swift Potion"},{"floor":14,"key":"Slimebound:ThreeZeroPotion"},{"floor":16,"key":"Regen Potion"},{"floor":18,"key":"Regen Potion"},{"floor":18,"key":"ColorlessPotion"},{"floor":20,"key":"EssenceOfSteel"},{"floor":24,"key":"SkillPotion"},{"floor":36,"key":"Fruit Juice"},{"floor":39,"key":"hexamod:EctoCoolerPotion"},{"floor":42,"key":"BlessingOfTheForge"}],"is_trial":false,"path_per_floor":["M","?","M","M","T","R","M","E","T","R","M","?","$","M","R","B",null,"M","$","M","?","$","R","M","R","T","E","M","?","E","T","R","B",null,"M","M","$","M","?","E","R","?"],"character_chosen":"RUNESMITH_CLASS","items_purchased":["War Paint","Runesmith:LithiumIon","Frozen Egg 2","Runesmith:PoweredAnvil+1","Runesmith:CraftMagma","Lee\u0027s Waffle"],"campfire_rested":6,"item_purchase_floors":[13,13,19,19,22,37],"current_hp_per_floor":[75,75,69,69,69,69,67,47,47,70,57,57,57,50,73,64,77,33,33,17,17,17,40,19,42,42,28,19,44,39,39,65,54,87,27,34,104,77,93,27,62,0,0],"gold":277,"neow_bonus":"TEN_PERCENT_HP_BONUS","is_daily":false,"chose_seed":false,"campfire_upgraded":0,"win_rate":0.0,"timestamp":1609646066,"path_taken":["M","?","M","M","?","R","?","E","T","R","M","?","?","M","R","BOSS","M","$","M","?","$","R","M","R","T","E","M","?","E","?","R","BOSS","M","M","$","?","?","E","R","?"],"items_purchased_type":["Relic","Card","Relic","Card","Card","Relic"],"build_version":"2020-12-22","purchased_purges":0,"victory":false,"max_hp_per_floor":[77,77,77,77,77,77,77,77,77,77,77,77,77,77,77,77,77,77,77,77,77,77,77,77,77,77,77,77,77,87,87,87,87,87,87,97,104,104,118,118,118,118,118],"card_choices":[{"not_picked":["Runesmith:CraftProtectio","Runesmith:Repurpose"],"picked":"Runesmith:CraftReservo","floor":1},{"not_picked":["expansioncontent:Sear","expansioncontent:DefensiveStance"],"picked":"HandOfGreed","floor":2},{"not_picked":["Runesmith:ChiselStab","Runesmith:HeatExchange"],"picked":"Runesmith:CraftProtectio","floor":3},{"not_picked":["Runesmith:BackupBattery","Runesmith:Electrocute"],"picked":"Runesmith:RuneHurl","floor":4},{"not_picked":["Runesmith:ChiselStab","Runesmith:HeatExchange"],"picked":"Runesmith:Grindstone","floor":7},{"not_picked":["Runesmith:MakeshiftArmor","Runesmith:HammerTime"],"picked":"Runesmith:EarthShield","floor":8},{"not_picked":["Runesmith:Grindstone","Runesmith:OneForEveryone"],"picked":"Runesmith:GrandSlam","floor":11},{"not_picked":["Runesmith:Overpower","Runesmith:EnergizedChisel"],"picked":"Runesmith:HeatedChisel","floor":14},{"not_picked":["Runesmith:CraftMedicinae","Runesmith:LastStand"],"picked":"Runesmith:GrandSlam","floor":16},{"not_picked":["Runesmith:ChiselStab","Runesmith:HammerAndChisel"],"picked":"Runesmith:HeatExchange","floor":18},{"not_picked":["Runesmith:Overpower","Runesmith:Grindstone"],"picked":"Runesmith:RuneHurl","floor":20},{"not_picked":["Runesmith:PoweredAnvil+1","Runesmith:CraftMagma"],"picked":"Runesmith:GrandSlam","floor":24},{"not_picked":["Runesmith:NanitesCloud+1","Runesmith:Augment"],"picked":"Runesmith:CraftVitae+1","floor":27},{"not_picked":["Runesmith:DoubleUp","Runesmith:ChiselStab"],"picked":"Runesmith:Permafrost+1","floor":28},{"not_picked":["Runesmith:HeatedChisel","Runesmith:Malloc+1"],"picked":"Runesmith:RunicBlueprint+1","floor":30},{"not_picked":["Runesmith:ArcReactor+1","Runesmith:FissionHammer"],"picked":"Runesmith:CreatorForm+1","floor":33},{"not_picked":["Runesmith:OneForEveryone","Runesmith:RuneHurl"],"picked":"Runesmith:StaticCage","floor":35},{"not_picked":["Runesmith:MakeshiftArmor","Runesmith:NegativeSpace"],"picked":"Runesmith:LithiumIon+1","floor":36},{"not_picked":["Runesmith:Terraform+1","Runesmith:RuneHurl"],"picked":"Runesmith:Reinforce","floor":38},{"not_picked":["Runesmith:HeatExchange+1","Runesmith:Permafrost+1"],"picked":"Runesmith:ChiselStab","floor":39},{"not_picked":["Runesmith:EnergizedChisel+1","Runesmith:HeatedChisel"],"picked":"Runesmith:Reinforce+1","floor":40}],"player_experience":2122193,"relics_obtained":[{"floor":5,"key":"aspiration:ChemicalBlood"},{"floor":8,"key":"Kunai"},{"floor":9,"key":"Vajra"},{"floor":27,"key":"aspiration:FrozenJewel"},{"floor":30,"key":"Pear"},{"floor":31,"key":"Matryoshka"},{"floor":39,"key":"Mango"},{"floor":40,"key":"Boot"}],"event_choices":[{"damage_healed":0,"gold_gain":1,"player_choice":"1","damage_taken":0,"max_hp_gain":0,"max_hp_loss":0,"event_name":"betterStone:BetterStone","floor":2,"gold_loss":0},{"damage_healed":0,"gold_gain":0,"player_choice":"Bought 1 Potion","damage_taken":0,"max_hp_gain":0,"max_hp_loss":0,"event_name":"The Woman in Blue","floor":12,"gold_loss":0},{"damage_healed":0,"gold_gain":0,"player_choice":"Opened","damage_taken":0,"relics_obtained":["Blood Vial"],"max_hp_gain":0,"max_hp_loss":0,"event_name":"The Mausoleum","floor":21,"gold_loss":0},{"damage_healed":25,"gold_gain":0,"player_choice":"Heal","damage_taken":0,"max_hp_gain":0,"max_hp_loss":0,"event_name":"The Library","floor":29,"gold_loss":0},{"damage_healed":0,"gold_gain":0,"player_choice":"Fight","damage_taken":0,"max_hp_gain":0,"max_hp_loss":0,"event_name":"MindBloom","floor":39,"gold_loss":0},{"damage_healed":0,"gold_gain":0,"player_choice":"Fight","damage_taken":0,"max_hp_gain":0,"max_hp_loss":0,"event_name":"Mysterious Sphere","floor":42,"gold_loss":0}],"is_beta":false,"boss_relics":[{"not_picked":["Coffee Dripper","Runic Dome"],"picked":"SacredBark"},{"not_picked":["Busted Crown","Astrolabe"],"picked":"construct:WeddingRing"}],"items_purged_floors":[],"is_endless":false,"potions_floor_spawned":[3,4,14,16,18,20,36,39],"killed_by":"2 Orb Walkers","ascension_level":2}}