{"host":"l84l8xigz5v5foa2","time":1609693361,"event":{"mods":["2.2 Compatiblity","AchievementEnabler","BaseMod","Better Note","Better Vampires","Card Filter","Colored Map","DeckTracker","Downfall","Gremlin Skip","Highlight Path","Keyboard Shortcuts","Minty Spire (QoL Compilation)","Permanent Neow","Quick Restart","Relic Filter","Relic Stats","StSLib","SuperFastMode","Transform Curses","Unknown Chances"],"gold_per_floor":[99,118,118,118,118,118,118,132,132,151,185,195,180,1,12,84,84,84,96,113,123,123,123,123],"floor_reached":22,"playtime":1250,"items_purged":[],"score":372,"play_id":"5f30f4b0-db91-42f5-930e-57e6749f9248","local_time":"20210104020241","is_ascension_mode":true,"campfire_choices":[{"data":"hexamod:Float","floor":1,"key":"SMITH"},{"data":"hexamod:FastForward","floor":6,"key":"SMITH"},{"data":"hexamod:ThermalTransfer","floor":9,"key":"SMITH"},{"data":"hexamod:NecessarySacrifice","floor":18,"key":"SMITH"}],"circlet_count":0,"master_deck":["AscendersBane","hexamod:Strike","hexamod:Strike+1","hexamod:Strike","hexamod:Strike","hexamod:Defend","hexamod:Defend","hexamod:Float+1","hexamod:FastForward+1","hexamod:ThirdSeal","hexamod:ThermalTransfer+1","hexamod:GhostShield","hexamod:AdvancingGuard","hexamod:FourthSeal","hexamod:Hexaguard","hexamod:SpectersWail+1","hexamod:InspiringFlames","hexamod:GhostOfSpirePast","hexamod:NecessarySacrifice+1","hexamod:TimeOfNeed","hexamod:StepThrough","hexamod:Hexaguard","hexamod:SixthSeal","hexamod:Hexaguard+1","hexamod:UnleashSpirits+1","hexamod:CatchUp+1","hexamod:SpectralSpark+1"],"relics":["hexamod:SpiritBrand","hexamod:Sixitude","Pear","Astrolabe"],"acts_visited":["Exordium","TheCity"],"potions_floor_usage":[11,11,16,20,21,22],"damage_taken":[{"damage":5,"enemies":"2 Louse","floor":2,"turns":2},{"damage":0,"enemies":"Small Slimes","floor":8,"turns":3},{"damage":0,"enemies":"Cultist","floor":10,"turns":3},{"damage":9,"enemies":"Lagavulin","floor":11,"turns":6},{"damage":9,"enemies":"Exordium Thugs","floor":12,"turns":6},{"damage":0,"enemies":"downfall:FleeingMerchant","floor":13,"turns":4},{"damage":0,"enemies":"downfall:FleeingMerchant","floor":14,"turns":4},{"damage":4,"enemies":"Exordium Wildlife","floor":15,"turns":5},{"damage":10,"enemies":"downfall:Ironclad","floor":16,"turns":9},{"damage":16,"enemies":"Spheric Guardian","floor":19,"turns":6},{"damage":7,"enemies":"3 Byrds","floor":20,"turns":4},{"damage":30,"enemies":"Shelled Parasite and Fungi","floor":21,"turns":6},{"damage":17,"enemies":"Shelled Parasite and Fungi","floor":22,"turns":3}],"seed_played":"346099790155407552","potions_obtained":[{"floor":5,"key":"SkillPotion"},{"floor":5,"key":"DistilledChaos"},{"floor":10,"key":"PowerPotion"},{"floor":11,"key":"FearPotion"},{"floor":12,"key":"SpeedPotion"},{"floor":13,"key":"CultistPotion"},{"floor":19,"key":"Slimebound:ThreeZeroPotion"},{"floor":20,"key":"hexamod:EctoCoolerPotion"},{"floor":21,"key":"ColorlessPotion"}],"is_trial":false,"path_per_floor":["R","M","?","?","?","R","T","M","R","M","E","M","$","$","M","B",null,"R","M","M","M","?"],"character_chosen":"THE_SPIRIT","items_purchased":["hexamod:TimeOfNeed","hexamod:StepThrough"],"campfire_rested":0,"item_purchase_floors":[14,14],"current_hp_per_floor":[57,52,52,52,52,52,52,52,52,52,53,44,44,44,40,30,62,62,46,39,9,0,0,0],"gold":123,"neow_bonus":"THREE_CARDS","is_daily":false,"chose_seed":false,"campfire_upgraded":4,"win_rate":0.0,"timestamp":1609693361,"path_taken":["R","M","?","?","?","R","T","?","R","M","E","M","?","$","M","BOSS","R","M","M","M","?"],"items_purchased_type":["Card","Card"],"build_version":"2020-12-22","purchased_purges":0,"victory":false,"max_hp_per_floor":[63,63,63,63,63,63,63,63,63,63,73,73,73,73,73,73,73,73,73,73,73,73,73,73],"relic_stats":{"counters":[13,61],"Astrolabe":["hexamod:Hexaguard","hexamod:UnleashSpirits","hexamod:CatchUp"],"obtain_stats":[{"Pear":11,"Astrolabe":17,"hexamod:Sixitude":7,"hexamod:SpiritBrand":0},{"Pear":4,"Astrolabe":9,"hexamod:Sixitude":1,"hexamod:SpiritBrand":0},{"Pear":14,"Astrolabe":42,"hexamod:Sixitude":2,"hexamod:SpiritBrand":0}]},"card_choices":[{"not_picked":["hexamod:Haunt","hexamod:PhantomCloak"],"picked":"hexamod:GhostLash","floor":0},{"not_picked":["hexamod:GhostLash","hexamod:HauntingEcho"],"picked":"hexamod:FastForward","floor":2},{"not_picked":["hexamod:Again","hexamod:NightmareGuise"],"picked":"hexamod:ThermalTransfer","floor":8},{"not_picked":["hexamod:EmpoweredFlame","hexamod:ShieldOfDarkness"],"picked":"hexamod:GhostShield","floor":8},{"not_picked":["hexamod:RainOfEmbers","hexamod:RetreatToShadows"],"picked":"hexamod:AdvancingGuard","floor":10},{"not_picked":["hexamod:SpectersWail","hexamod:FastForward"],"picked":"hexamod:FourthSeal","floor":10},{"not_picked":["hexamod:ApocalypticArmor","hexamod:Firestarter","hexamod:NightmareStrike"],"picked":"SKIP","floor":11},{"not_picked":["hexamod:ExtraCrispy","hexamod:GhostflameInferno","hexamod:AdvancingGuard"],"picked":"SKIP","floor":11},{"not_picked":["hexamod:ApocalypticArmor","hexamod:Firestarter","hexamod:NightmareStrike"],"picked":"SKIP","floor":11},{"not_picked":["hexamod:ExtraCrispy","hexamod:GhostflameInferno","hexamod:AdvancingGuard"],"picked":"SKIP","floor":11},{"not_picked":["hexamod:NightmareGuise","hexamod:FourthSeal"],"picked":"hexamod:Hexaguard","floor":12},{"not_picked":["hexamod:EtherealExpedition","hexamod:FastForward"],"picked":"hexamod:SpectersWail","floor":12},{"not_picked":["hexamod:BurningTouch","hexamod:GhostLash"],"picked":"hexamod:InspiringFlames","floor":13},{"not_picked":["hexamod:FastForward","hexamod:BurningTouch"],"picked":"hexamod:GhostOfSpirePast","floor":13},{"not_picked":["hexamod:FourthSeal","hexamod:StepThrough"],"picked":"hexamod:NecessarySacrifice","floor":14},{"not_picked":["hexamod:ExtraCrispy","hexamod:GhostLash","hexamod:ChargedBarrage"],"picked":"SKIP","floor":14},{"not_picked":["hexamod:RetreatToShadows","hexamod:BurningTouch"],"picked":"hexamod:Hexaguard","floor":15},{"not_picked":["hexamod:AdvancingGuard","hexamod:ParanormalForm","hexamod:ThermalTransfer"],"picked":"SKIP","floor":15},{"not_picked":["hexamod:GiftsFromTheDead","hexamod:VolcanoVisage"],"picked":"hexamod:SixthSeal","floor":16},{"not_picked":["hexamod:FastForward+1","hexamod:NightmareStrike","hexamod:ExtraCrispy"],"picked":"SKIP","floor":19},{"not_picked":["hexamod:InspiringFlames","hexamod:NightmareStrike","hexamod:FlamesFromBeyond"],"picked":"SKIP","floor":19},{"not_picked":["hexamod:ShieldOfDarkness","hexamod:Hexaguard","hexamod:NecessarySacrifice"],"picked":"SKIP","floor":20},{"not_picked":["hexamod:Firestarter+1","hexamod:GhostLash","hexamod:HauntingEcho"],"picked":"SKIP","floor":20},{"not_picked":["hexamod:ShieldOfDarkness","hexamod:GhostShield"],"picked":"hexamod:SpectralSpark+1","floor":21},{"not_picked":["hexamod:GhostflameInferno","hexamod:BurningTouch","hexamod:NightmareGuise"],"picked":"SKIP","floor":21}],"player_experience":2818745,"relics_obtained":[{"floor":7,"key":"hexamod:Sixitude"},{"floor":11,"key":"Pear"}],"event_choices":[{"damage_healed":0,"gold_gain":0,"player_choice":"Got Potions","damage_taken":0,"max_hp_gain":0,"max_hp_loss":0,"event_name":"Lab","floor":5,"gold_loss":0}],"is_beta":false,"boss_relics":[{"not_picked":["downfall:Hecktoplasm","Busted Crown"],"picked":"Astrolabe"}],"items_purged_floors":[],"is_endless":false,"potions_floor_spawned":[10,15,16,20,21],"killed_by":"Shelled Parasite and Fungi","ascension_level":20}}