{"host":"cwp0xoxch9uxtnfk","time":1609686773,"event":{"mods":["AchievementEnabler","BaseMod","Bestiary","Colored Map","Colored Powertips","DeckTracker","Highlight Path","Minty Spire (QoL Compilation)","Rare Cards Sparkle","Relic Sorter","Relic Stats"],"gold_per_floor":[215,228,245,245,263,263,288,300,373,373,383,395,395,423,423,526,526,540,439,456,469,479,479,499,243,243,261,280,290,290,305,305,401,401,418,428,428,446,462,462,462,472,472,490,430,430,449,449,449],"floor_reached":48,"playtime":5853,"items_purged":["Defend_B","Defend_B"],"score":456,"play_id":"07850d34-89f0-4fd5-9501-7966a11ec738","local_time":"20210103151253","is_ascension_mode":false,"campfire_choices":[{"floor":6.0,"key":"RECALL"},{"floor":10.0,"key":"REST"},{"data":"Loop","floor":15.0,"key":"SMITH"},{"floor":23.0,"key":"REST"},{"floor":30,"key":"REST"},{"floor":32,"key":"REST"},{"floor":40,"key":"REST"},{"floor":46,"key":"REST"}],"circlet_count":0,"master_deck":["Strike_B","Strike_B","Strike_B","Defend_B","Defend_B","Zap","Dualcast+1","Genetic Algorithm","Ball Lightning","Genetic Algorithm","Glacier","Cold Snap","Loop+1","Barrage","Sweeping Beam","Creative AI","FTL","Hologram","Hologram","Capacitor","Sweeping Beam+1","Ball Lightning","Compile Driver","Loop","Cold Snap","Glacier","Thunder Strike","Barrage","Hologram+1","Mayhem","Good Instincts","Mayhem","Ball Lightning","Barrage"],"relics":["Cracked Core","Dead Branch","Du-Vu Doll","Runic Pyramid","Orrery","Strawberry","Sozu","Meat on the Bone"],"acts_visited":["Exordium","TheCity","TheBeyond"],"potions_floor_usage":[33,33],"damage_taken":[{"damage":0.0,"enemies":"Small Slimes","floor":1.0,"turns":3.0},{"damage":1.0,"enemies":"Cultist","floor":2.0,"turns":3.0},{"damage":0.0,"enemies":"2 Louse","floor":3.0,"turns":1.0},{"damage":8.0,"enemies":"Large Slime","floor":5.0,"turns":5.0},{"damage":21.0,"enemies":"Lagavulin","floor":7.0,"turns":9.0},{"damage":0.0,"enemies":"2 Fungi Beasts","floor":8.0,"turns":3.0},{"damage":0.0,"enemies":"3 Louse","floor":11.0,"turns":2.0},{"damage":7.0,"enemies":"Gremlin Gang","floor":12.0,"turns":5.0},{"damage":5.0,"enemies":"Gremlin Nob","floor":14.0,"turns":3.0},{"damage":10.0,"enemies":"The Guardian","floor":16.0,"turns":12.0},{"damage":18.0,"enemies":"3 Byrds","floor":18.0,"turns":8.0},{"damage":0.0,"enemies":"Spheric Guardian","floor":20.0,"turns":3.0},{"damage":23.0,"enemies":"Centurion and Healer","floor":21.0,"turns":10.0},{"damage":5.0,"enemies":"Sentry and Sphere","floor":22.0,"turns":6.0},{"damage":2.0,"enemies":"3 Cultists","floor":24.0,"turns":7.0},{"damage":9.0,"enemies":"Snake Plant","floor":27.0,"turns":9.0},{"damage":3.0,"enemies":"Sentry and Sphere","floor":28.0,"turns":6.0},{"damage":11.0,"enemies":"3 Cultists","floor":29.0,"turns":6.0},{"damage":6,"enemies":"Snecko","floor":31,"turns":6},{"damage":48,"enemies":"Automaton","floor":33,"turns":18},{"damage":0,"enemies":"3 Shapes","floor":35,"turns":4},{"damage":0,"enemies":"Orb Walker","floor":36,"turns":4},{"damage":21,"enemies":"Spire Growth","floor":38,"turns":8},{"damage":3,"enemies":"Transient","floor":39,"turns":5},{"damage":8,"enemies":"4 Shapes","floor":42,"turns":3},{"damage":17,"enemies":"Spire Growth","floor":44,"turns":7},{"damage":0,"enemies":"Transient","floor":47,"turns":5},{"damage":90,"enemies":"Maw","floor":48,"turns":13}],"seed_played":"-7530097494294592173","potions_obtained":[{"floor":3.0,"key":"ColorlessPotion"},{"floor":5.0,"key":"FearPotion"},{"floor":11.0,"key":"FocusPotion"},{"floor":14.0,"key":"Regen Potion"},{"floor":16.0,"key":"SteroidPotion"},{"floor":20.0,"key":"SkillPotion"},{"floor":22.0,"key":"Explosive Potion"},{"floor":24.0,"key":"AttackPotion"},{"floor":31,"key":"PowerPotion"}],"is_trial":false,"path_per_floor":["M","M","M","?","M","R","E","M","T","R","M","M","?","E","R","B",null,"M","$","M","M","M","R","M","$","T","M","M","M","R","M","R","B",null,"M","M","?","M","M","R","?","M","T","M","?","R","M","M"],"character_chosen":"DEFECT","items_purchased":["Hologram","Orrery"],"campfire_rested":6,"item_purchase_floors":[19,25],"current_hp_per_floor":[75,74,74,74,66,66,45,45,45,67,67,60,65,60,60,65,80,62,62,62,39,34,58,56,56,63,54,51,40,66,60,86,38,87,87,87,77,56,53,79,79,71,71,54,54,80,80,0,0],"gold":449,"neow_bonus":"HUNDRED_GOLD","is_daily":false,"chose_seed":false,"campfire_upgraded":1,"win_rate":0.0,"timestamp":1609686773,"path_taken":["M","M","M","?","M","R","E","?","T","R","M","M","?","E","R","BOSS","M","$","M","M","M","R","M","$","T","M","M","M","R","M","R","BOSS","M","M","?","M","M","R","?","M","T","M","?","R","?","M"],"items_purchased_type":["Card","Relic"],"build_version":"2020-12-22","purchased_purges":2,"victory":false,"max_hp_per_floor":[75,75,75,75,75,75,75,75,75,75,75,75,80,80,80,80,80,80,80,80,80,80,80,80,80,87,87,87,87,87,87,87,87,87,87,87,87,87,87,87,87,87,87,87,87,87,87,87,87],"relic_stats":{"Sozu":4,"counters":[28,171],"Dead Branch":[62],"obtain_stats":[{"Du-Vu Doll":14,"Sozu":34,"Dead Branch":7,"Strawberry":26,"Orrery":25,"Cracked Core":0,"Runic Pyramid":17,"Meat on the Bone":43},{"Du-Vu Doll":9,"Sozu":20,"Dead Branch":5,"Strawberry":15,"Orrery":15,"Cracked Core":0,"Runic Pyramid":10,"Meat on the Bone":25},{"Du-Vu Doll":34,"Sozu":122,"Dead Branch":21,"Strawberry":78,"Orrery":78,"Cracked Core":0,"Runic Pyramid":46,"Meat on the Bone":146}],"Meat on the Bone":0},"card_choices":[{"not_picked":["Turbo","Leap"],"picked":"Genetic Algorithm","floor":1.0},{"not_picked":["Rip and Tear","Go for the Eyes"],"picked":"Ball Lightning","floor":2.0},{"not_picked":["Cold Snap","Steam"],"picked":"Genetic Algorithm","floor":3.0},{"not_picked":["Stack","Reprogram"],"picked":"Glacier","floor":5.0},{"not_picked":["Turbo","Steam"],"picked":"Cold Snap","floor":7.0},{"not_picked":["Gash","Self Repair"],"picked":"Loop","floor":8.0},{"not_picked":["Reprogram","Amplify"],"picked":"Barrage","floor":11.0},{"not_picked":["Turbo","Static Discharge"],"picked":"Sweeping Beam","floor":12.0},{"not_picked":["Coolheaded","Redo","Lockon"],"picked":"SKIP","floor":14.0},{"not_picked":["Meteor Strike","Thunder Strike"],"picked":"Creative AI","floor":16.0},{"not_picked":["Redo","Go for the Eyes"],"picked":"FTL","floor":18.0},{"not_picked":["Steam","Reprogram"],"picked":"Hologram","floor":20.0},{"not_picked":["Stack+1","Leap+1"],"picked":"Capacitor","floor":21.0},{"not_picked":["Leap","Beam Cell"],"picked":"Sweeping Beam+1","floor":22.0},{"not_picked":["Sweeping Beam","Gash+1"],"picked":"Ball Lightning","floor":24.0},{"not_picked":["Leap","Go for the Eyes"],"picked":"Compile Driver","floor":25.0},{"not_picked":["Steam+1","Streamline+1"],"picked":"Loop","floor":25.0},{"not_picked":["Go for the Eyes","FTL"],"picked":"Cold Snap","floor":25.0},{"not_picked":["Leap+1","Fission"],"picked":"Glacier","floor":25.0},{"not_picked":["Reprogram","Hologram","BootSequence"],"picked":"SKIP","floor":27.0},{"not_picked":["Steam+1","Auto Shields","Tempest"],"picked":"SKIP","floor":28.0},{"not_picked":["Leap","Sunder+1","Turbo"],"picked":"SKIP","floor":29},{"not_picked":["Leap","Sunder+1","Turbo"],"picked":"SKIP","floor":29},{"not_picked":["Glacier","Tempest","Sunder"],"picked":"SKIP","floor":31},{"not_picked":["Meteor Strike","All For One"],"picked":"Thunder Strike","floor":33},{"not_picked":["Force Field","Hologram+1"],"picked":"Barrage","floor":35},{"not_picked":["Go for the Eyes","Undo+1"],"picked":"Hologram+1","floor":36},{"not_picked":["Impatience","Blind"],"picked":"Mayhem","floor":37},{"not_picked":["Deep Breath","Panacea"],"picked":"Good Instincts","floor":37},{"not_picked":["Secret Weapon","Forethought"],"picked":"Mayhem","floor":37},{"not_picked":["Lockon+1","Recycle+1"],"picked":"Ball Lightning","floor":38},{"not_picked":["Auto Shields+1","Scrape+1","Redo"],"picked":"SKIP","floor":39},{"not_picked":["Ball Lightning+1","Coolheaded","Leap"],"picked":"SKIP","floor":42},{"not_picked":["Go for the Eyes+1","Streamline+1"],"picked":"Barrage","floor":44},{"not_picked":["Cold Snap","Steam+1","Gash+1"],"picked":"SKIP","floor":47}],"player_experience":150046,"relics_obtained":[{"floor":7.0,"key":"Dead Branch"},{"floor":14.0,"key":"Du-Vu Doll"},{"floor":26.0,"key":"Strawberry"},{"floor":43,"key":"Meat on the Bone"}],"event_choices":[{"damage_healed":0.0,"max_hp_gain":0.0,"max_hp_loss":0.0,"gold_gain":0.0,"event_name":"Upgrade Shrine","player_choice":"Upgraded","floor":4.0,"gold_loss":0.0,"damage_taken":0.0,"cards_upgraded":["Dualcast"]},{"damage_healed":0.0,"max_hp_gain":5.0,"max_hp_loss":0.0,"gold_gain":0.0,"event_name":"Big Fish","player_choice":"Donut","floor":13.0,"gold_loss":0.0,"damage_taken":0.0},{"damage_healed":0,"gold_gain":0,"player_choice":"Memory 3","damage_taken":10,"max_hp_gain":0,"max_hp_loss":0,"event_name":"SensoryStone","floor":37,"gold_loss":0},{"damage_healed":0,"gold_gain":0,"player_choice":"Ignored","damage_taken":0,"max_hp_gain":0,"max_hp_loss":0,"event_name":"Tomb of Lord Red Mask","floor":41,"gold_loss":0},{"cards_removed":["Strike_B"],"damage_healed":0,"gold_gain":0,"player_choice":"Single Remove","damage_taken":0,"max_hp_gain":0,"max_hp_loss":0,"event_name":"Designer","floor":45,"gold_loss":60}],"is_beta":false,"boss_relics":[{"not_picked":["Runic Dome","Busted Crown"],"picked":"Runic Pyramid"},{"not_picked":["SacredBark","Snecko Eye"],"picked":"Sozu"}],"items_purged_floors":[19,25],"is_endless":false,"potions_floor_spawned":[3,5,11,14,16,20,22,24,31,35,38,39,47],"killed_by":"Maw","ascension_level":0}}