{"host":"0azimyi6n3ugndj4","time":1609635536,"event":{"mods":["2.2 Compatiblity","BaseMod","Bestiary","Conspire","Curses Come First","Defuse TimeMaze Blight","Downfall","Hermit","Hyrulean Relics","Infinite Spire","Minty Spire (QoL Compilation)","Relic Filter","Relic Stats","Replay The Spire","StSLib","SuperFastMode","The Cursed","Uncapped","¡¼?Úª?ø«¡½REMEMod"],"gold_per_floor":[141,141,198,198,246,321,321,417,468,573,573,111,111,144,94,94,94,94],"floor_reached":16,"playtime":449,"items_purged":["octo:OctoBerserk"],"score":361,"play_id":"6046348b-acda-435a-bab1-1454654d9f16","local_time":"20210103095856","daily_mods":["SealedDeck","Hoarder","Insanity","Chimera","Specialized","Vintage","ControlledChaos","Allstar","Diverse","Colorless Cards","Heirloom","Time Dilation","Flight","downfall:Jewelcrafting","downfall:Improvised","downfall:Lament","Elite Swarm","Lethality","Midas","downfall:WorldOfGoo","downfall:Enraging","Binary"],"is_ascension_mode":true,"campfire_choices":[{"floor":15,"key":"REST"}],"circlet_count":0,"master_deck":["Demon Form","Wraith Form v2","Echo Form","DevaForm","Guardian:ConstructionForm","hexamod:ParanormalForm","Slimebound:DuplicatedForm","sneckomod:SerpentMind","AscendersBane","Bash","Survivor","Zap","Strike_R","Strike_G","Strike_B","Defend_R","Defend_G","Defend_P","Gash","hermit:HighCaliber","champ:StanceDance","Armaments","sneckomod:UnknownBlock","Guardian:Reroute","Bouncing Flask","champ:Backstep","conspire:Rain","Poisoned Stab","REME_Cut","Slimebound:LeadByExample","Flex","champ:Aggression","Iron Wave","Clothesline","Thunderclap","Panic Button","Replay:Sssssssssshield","Guardian:DecasProtection","Slimebound:SplitLeeching","hermit:ItchyTrigger","Guardian:RefractedBeam","hermit:WideOpen","Steam","sneckomod:IronFang","hexamod:BacktrackSmack","hexamod:GhostLash","Guardian:CrystalBeam","Dagger Throw","champ:GladiatorsShout","Sucker Punch","Coolheaded","Deep Breath","hermit:Roulette","LikeWater","TheCursedMod:Wield","champ:CrookedStrike","Wild Strike","sneckomod:UnknownStrike","Deadly Poison","Guardian:CrystalBeam","Replay:SS_forest_6","champ:GutPunch","hermit:Quickdraw","champ:RapidStrikes","PiercingWail","hermit:Roulette","Slimebound:SpikyOuterGoop","Guardian:ExploitGems","Guardian:ExploitGems","sneckomod:UnknownCommonAttack","sneckomod:UnknownCommonAttack","sneckomod:UnknownCommonAttack","sneckomod:UnknownCommonSkill","sneckomod:UnknownCommonSkill","sneckomod:UnknownCommonSkill","sneckomod:UnknownUncommonAttack","sneckomod:UnknownUncommonSkill","sneckomod:UnknownUncommonPower","sneckomod:Unknown","Metallicize","Metallicize","Metallicize","Metallicize","Metallicize","Metallicize","Metallicize","Metallicize","Metallicize","Metallicize","Metallicize","Metallicize","Metallicize","Metallicize","Metallicize","sneckomod:UnknownClassSLIMEBOUND","sneckomod:UnknownClassSLIMEBOUND","sneckomod:UnknownClassSLIMEBOUND","ReplayTheSpireMod:Limb From Limb","ReplayTheSpireMod:Limb From Limb","ReplayTheSpireMod:Limb From Limb","Guardian:Planning","Guardian:Planning","Guardian:Planning","ReplaySort","ReplaySort","ReplaySort","sneckomod:Nope","sneckomod:Nope","sneckomod:Nope","Rupture","Rupture","Rupture","Halt","Halt","Halt","expansioncontent:FaceSlap","expansioncontent:FaceSlap","expansioncontent:FaceSlap","champ:BringItOn","champ:BringItOn","champ:BringItOn","sneckomod:RainOfDice","sneckomod:RainOfDice","sneckomod:RainOfDice","Mayhem","Mayhem","Mayhem","Cleave","Cleave","Cleave","hexamod:CrushingStance","hexamod:CrushingStance","hexamod:CrushingStance"],"relics":["Slimebound:AbsorbEndCombat","Frozen Eye","Busted Crown","REME_ComplimentaryCards","Guardian:PickAxe","NeowsBlessing","Gambling Chip","REME_PuzzleBoxRelic","Boot","CultistMask","Art of War","zeldaRelics:CourageTriforce","zeldaRelics:WisdomPiece","Slimebound:GreedOozeRelic","Membership Card","Tiny Chest","infinitespire:ShieldingShard","infinitespire:Joker Card"],"acts_visited":["Exordium"],"potions_floor_usage":[],"damage_taken":[{"damage":2,"enemies":"2 Louse","floor":1,"turns":2},{"damage":0,"enemies":"Cultist","floor":3,"turns":1},{"damage":0,"enemies":"Small Slimes","floor":5,"turns":1},{"damage":17,"enemies":"3 Sentries","floor":6,"turns":3},{"damage":0,"enemies":"Lagavulin","floor":8,"turns":5},{"damage":11,"enemies":"3 Sentries","floor":10,"turns":3},{"damage":13,"enemies":"Red Slaver","floor":14,"turns":2},{"damage":47,"enemies":"Fading Forest","floor":16,"turns":11}],"seed_played":"5182687429208828967","potions_obtained":[{"floor":3,"key":"Slimebound:SlimyTonguePotion"}],"is_trial":true,"path_per_floor":["M","?","M","?","M","E","R","E","T","E","?","$","?","M","R","B"],"character_chosen":"SLIMEBOUND","items_purchased":["Membership Card","Tiny Chest","infinitespire:ShieldingShard"],"campfire_rested":1,"item_purchase_floors":[12,12,12],"current_hp_per_floor":[47,47,47,47,47,45,45,45,45,34,34,34,34,21,37,0,0,0],"gold":94,"neow_bonus":"","is_daily":false,"chose_seed":false,"campfire_upgraded":0,"win_rate":0.0,"timestamp":1609635536,"path_taken":["M","?","?","?","?","E","R","E","T","E","?","$","?","?","R","BOSS"],"items_purchased_type":["Relic","Relic","Relic"],"build_version":"2020-12-22","purchased_purges":1,"victory":false,"max_hp_per_floor":[54,54,54,54,54,54,54,54,54,54,54,54,54,54,54,54,54,54],"relic_stats":{"Busted Crown":10,"counters":[8,28],"Gambling Chip":[40],"Tiny Chest":0,"Art of War":[2],"Boot":[0],"obtain_stats":[{"zeldaRelics:WisdomPiece":10,"NeowsBlessing":0,"infinitespire:Joker Card":14,"Boot":3,"zeldaRelics:CourageTriforce":9,"Guardian:PickAxe":0,"Slimebound:GreedOozeRelic":11,"Frozen Eye":0,"Busted Crown":0,"infinitespire:ShieldingShard":12,"Gambling Chip":0,"Tiny Chest":12,"CultistMask":4,"Slimebound:AbsorbEndCombat":0,"Art of War":5,"zeldaRelics:CouragePiece":6,"Membership Card":12,"REME_PuzzleBoxRelic":1,"REME_ComplimentaryCards":0},{"zeldaRelics:WisdomPiece":6,"NeowsBlessing":0,"infinitespire:Joker Card":7,"Boot":2,"zeldaRelics:CourageTriforce":5,"Guardian:PickAxe":0,"Slimebound:GreedOozeRelic":6,"Frozen Eye":0,"Busted Crown":0,"infinitespire:ShieldingShard":6,"Gambling Chip":0,"Tiny Chest":6,"CultistMask":2,"Slimebound:AbsorbEndCombat":0,"Art of War":3,"zeldaRelics:CouragePiece":4,"Membership Card":6,"REME_PuzzleBoxRelic":1,"REME_ComplimentaryCards":0},{"zeldaRelics:WisdomPiece":15,"NeowsBlessing":0,"infinitespire:Joker Card":17,"Boot":3,"zeldaRelics:CourageTriforce":12,"Guardian:PickAxe":0,"Slimebound:GreedOozeRelic":15,"Frozen Eye":0,"Busted Crown":0,"infinitespire:ShieldingShard":15,"Gambling Chip":0,"Tiny Chest":15,"CultistMask":3,"Slimebound:AbsorbEndCombat":0,"Art of War":4,"zeldaRelics:CouragePiece":7,"Membership Card":15,"REME_PuzzleBoxRelic":2,"REME_ComplimentaryCards":0}]},"card_choices":[],"player_experience":1519025,"relics_obtained":[{"floor":1,"key":"REME_PuzzleBoxRelic"},{"floor":3,"key":"Boot"},{"floor":5,"key":"Art of War"},{"floor":6,"key":"zeldaRelics:CouragePiece"},{"floor":8,"key":"zeldaRelics:CouragePiece"},{"floor":9,"key":"zeldaRelics:CouragePiece"},{"floor":10,"key":"zeldaRelics:WisdomPiece"},{"floor":14,"key":"infinitespire:Joker Card"}],"event_choices":[{"cards_removed":["Eruption"],"damage_healed":0,"gold_gain":0,"player_choice":"Purged","damage_taken":0,"max_hp_gain":0,"max_hp_loss":0,"event_name":"Purifier","floor":2,"gold_loss":0},{"damage_healed":0,"gold_gain":0,"player_choice":"Trade","damage_taken":0,"relics_obtained":["CultistMask"],"max_hp_gain":0,"max_hp_loss":0,"event_name":"FaceTrader","floor":4,"gold_loss":0},{"damage_healed":0,"gold_gain":0,"player_choice":"2 cards matched","damage_taken":0,"max_hp_gain":0,"max_hp_loss":0,"event_name":"Match and Keep!","floor":13,"gold_loss":0,"cards_obtained":["Cleave","hexamod:CrushingStance"]}],"is_beta":false,"boss_relics":[],"items_purged_floors":[12],"is_endless":false,"potions_floor_spawned":[3],"killed_by":"Fading Forest","ascension_level":20}}