{"host":"3iouabftir4t7z56","time":1609637852,"event":{"mods":["2.2 Compatiblity","Act Like it!","BaseMod","Colored Map","Hallownest","Minty Spire (QoL Compilation)","StSLib","The Bug Knight"],"gold_per_floor":[219,144,144,156,172,172,202,25,48,67,80,80,91,101,101,101,101],"floor_reached":16,"playtime":1243,"items_purged":["HollowMod:NailStrikeStart","HollowMod:NailStrikeStart"],"score":104,"play_id":"8966e823-21f7-4acb-894e-b07c22aca3c8","local_time":"20210103023732","is_ascension_mode":false,"campfire_choices":[{"data":"HollowMod:CycloneSlash","floor":6,"key":"SMITH"},{"data":"HollowMod:HowlingWraiths","floor":12,"key":"SMITH"},{"data":"HollowMod:MonarchWings","floor":15,"key":"SMITH"}],"circlet_count":0,"master_deck":["HollowMod:NailStrikeStart","HollowMod:NailStrikeStart","HollowMod:QuickDashStart","HollowMod:QuickDashStart","HollowMod:QuickDashStart","HollowMod:QuickDashStart","HollowMod:FocusHealStart","HollowMod:PogoStrike","HollowMod:CycloneSlash+1","HollowMod:DungDefenderAura","HollowMod:MonarchWings+1","HollowMod:HowlingWraiths+1","HollowMod:CornifersMapStart"],"relics":["HollowMod:VesselMask","Hallownest:DreamNailRelic","Pen Nib"],"acts_visited":["Hallownest:Greenpath"],"potions_floor_usage":[16,16,16],"damage_taken":[{"damage":6,"enemies":"Hallownest:monsterHuskWarrior","floor":1,"turns":4},{"damage":3,"enemies":"Hallownest:monsterHuskGuard","floor":4,"turns":5},{"damage":0,"enemies":"Hallownest:2_Baldur","floor":5,"turns":3},{"damage":18,"enemies":"Hallownest:eliteMossKnight","floor":7,"turns":7},{"damage":0,"enemies":"Hallownest:monsterMossCharger","floor":10,"turns":4},{"damage":15,"enemies":"Hallownest:1_Ooma_and_2_Uuma","floor":11,"turns":6},{"damage":3,"enemies":"Hallownest:Wandering_and_Horned","floor":13,"turns":3},{"damage":3,"enemies":"Hallownest:MossCreep_and_Mosskin","floor":14,"turns":3},{"damage":74,"enemies":"Hallownest:BossHornet","floor":16,"turns":12}],"seed_played":"-3984647375222498629","potions_obtained":[{"floor":4,"key":"Weak Potion"},{"floor":5,"key":"AttackPotion"},{"floor":7,"key":"SkillPotion"},{"floor":13,"key":"DuplicationPotion"}],"is_trial":false,"path_per_floor":["M","$","?","M","M","R","E","$","T","M","M","R","M","M","R","B"],"character_chosen":"THE_BUGKNIGHT","items_purchased":["HollowMod:MonarchWings"],"campfire_rested":0,"item_purchase_floors":[8],"current_hp_per_floor":[69,69,69,72,75,75,63,63,63,69,64,64,61,58,58,0,0],"gold":101,"neow_bonus":"HUNDRED_GOLD","is_daily":false,"chose_seed":false,"campfire_upgraded":3,"win_rate":0.0,"timestamp":1609637852,"path_taken":["M","$","?","M","M","R","E","$","T","?","M","R","M","M","R","BOSS"],"items_purchased_type":["Card"],"build_version":"2020-12-22","purchased_purges":2,"victory":false,"max_hp_per_floor":[75,75,75,75,75,75,75,75,75,75,75,75,75,75,75,75,75],"card_choices":[{"not_picked":["HollowMod:SiblingsShadow","HollowMod:DescendingDark"],"picked":"HollowMod:CycloneSlash","floor":1},{"not_picked":["HollowMod:SoulVessel","HollowMod:SharpenedShadows","HollowMod:FastStrike"],"picked":"SKIP","floor":4},{"not_picked":["HollowMod:CornifersMapStart","HollowMod:SoulStrike","HollowMod:NewGlowingWomb"],"picked":"SKIP","floor":5},{"not_picked":["HollowMod:HeavyBlow","HollowMod:SoulVessel"],"picked":"HollowMod:DungDefenderAura","floor":7},{"not_picked":["HollowMod:TaintedHusks","HollowMod:NewJinnsSoul","HollowMod:BaldurShell"],"picked":"SKIP","floor":10},{"not_picked":["HollowMod:HornetsHelp","HollowMod:TaintedHusks"],"picked":"HollowMod:HowlingWraiths","floor":11},{"not_picked":["HollowMod:NewLittleFool","HollowMod:HowlingWraiths","HollowMod:HeavyBlow"],"picked":"SKIP","floor":13},{"not_picked":["HollowMod:VengefulVoid","HollowMod:HowlingWraiths"],"picked":"HollowMod:CornifersMapStart","floor":14}],"player_experience":590042,"relics_obtained":[{"floor":7,"key":"Pen Nib"}],"event_choices":[],"is_beta":false,"boss_relics":[],"items_purged_floors":[2,8],"is_endless":false,"potions_floor_spawned":[4,5,7,13,14],"killed_by":"Hallownest:BossHornet","ascension_level":0}}