{"host":"56ghxnzsglgdq727","time":1609654095,"event":{"mods":["AchievementEnabler","BaseMod","Downfall","Minty Spire (QoL Compilation)","StSLib"],"gold_per_floor":[99,111,125,125,143,243,243,262,275,304,316,191,191,201,212,316,316,266,285,303,70,80,280,280,298,248,266,281,231,241,126,138,234,234,184,195,215,228,20,20,20,20,20,37,70,70,20,20,34,34],"floor_reached":51,"playtime":2538,"items_purged":["Slimebound:Defend_Slimebound","Slimebound:LeadByExample","Slimebound:Defend_Slimebound"],"score":744,"play_id":"f5a5c7d5-846c-422b-a876-ef9c227705b5","local_time":"20210103010815","is_ascension_mode":true,"campfire_choices":[{"data":"Slimebound:Split","floor":1,"key":"SMITH"},{"data":"Slimebound:Repurpose","floor":12,"key":"SMITH"},{"data":"Slimebound:DouseInSlime","floor":18,"key":"SMITH"},{"floor":26,"key":"REST"},{"data":"Slimebound:MassRepurpose","floor":29,"key":"SMITH"},{"floor":35,"key":"RECALL"},{"data":"Panache","floor":47,"key":"SMITH"}],"circlet_count":0,"master_deck":["Slimebound:Split+1","Slimebound:ItLooksTasty","Slimebound:SamplingLick","Slimebound:SplitAcid","Slimebound:PressTheAttack","Slimebound:SlimeBrawl","Slimebound:DivideAndConquer","Slimebound:SplitLeeching","Slimebound:SplitMire","Slimebound:Repurpose+1","Slimebound:Split","Slimebound:DouseInSlime+1","Slimebound:GrowthPunch","Slimebound:RejuvenatingLick","Slimebound:WasteNot","Slimebound:ForwardTackle+1","Slimebound:GoopSpray+1","Slimebound:RallyTheTroops+1","Slimebound:Gluttony+1","Slimebound:SplitBruiser+1","Slimebound:GrowthPunch","Slimebound:MassRepurpose+1","Slimebound:SpikyOuterGoop","Slimebound:PressTheAttack+1","Slimebound:MassFeed","Slimebound:SlimeTap","Slimebound:MegaLick+1","Slimebound:SplitBruiser+1","Panache+1","expansioncontent:DecasProtection","Slimebound:Teamwork","expansioncontent:DonusPower","expansioncontent:LastStand","Slimebound:SelfFormingGoo"],"relics":["Slimebound:AbsorbEndCombat","Slimebound:GreedOozeRelic","FossilizedHelix","Bottled Lightning","downfall:HeartBlessingGreen","Astrolabe","Boot","Bird Faced Urn","SlaversCollar","Strawberry","Vajra","Pen Nib"],"acts_visited":["Exordium","TheCity","TheBeyond"],"potions_floor_usage":[21,21,27,28,28,36,38,44,50],"damage_taken":[{"damage":10,"enemies":"Small Slimes","floor":2,"turns":3},{"damage":21,"enemies":"Jaw Worm","floor":3,"turns":2},{"damage":12,"enemies":"Cultist","floor":5,"turns":2},{"damage":4,"enemies":"Blue Slaver","floor":8,"turns":2},{"damage":17,"enemies":"Red Slaver","floor":9,"turns":2},{"damage":44,"enemies":"Lagavulin","floor":10,"turns":4},{"damage":22,"enemies":"Exordium Thugs","floor":11,"turns":3},{"damage":9,"enemies":"Blue Slaver","floor":14,"turns":2},{"damage":16,"enemies":"Lots of Slimes","floor":15,"turns":3},{"damage":46,"enemies":"downfall:Watcher","floor":16,"turns":6},{"damage":39,"enemies":"3 Byrds","floor":19,"turns":4},{"damage":9,"enemies":"Shell Parasite","floor":20,"turns":3},{"damage":37,"enemies":"downfall:FleeingMerchant","floor":21,"turns":4},{"damage":48,"enemies":"3 Cultists","floor":22,"turns":5},{"damage":43,"enemies":"Shelled Parasite and Fungi","floor":25,"turns":4},{"damage":15,"enemies":"Centurion and Healer","floor":27,"turns":2},{"damage":31,"enemies":"Chosen and Byrds","floor":28,"turns":4},{"damage":21,"enemies":"Cultist and Chosen","floor":30,"turns":4},{"damage":24,"enemies":"downfall:FleeingMerchant","floor":31,"turns":4},{"damage":33,"enemies":"Snake Plant","floor":32,"turns":3},{"damage":98,"enemies":"downfall:Silent","floor":33,"turns":7},{"damage":24,"enemies":"Orb Walker","floor":36,"turns":3},{"damage":31,"enemies":"3 Darklings","floor":37,"turns":3},{"damage":32,"enemies":"Transient","floor":38,"turns":5},{"damage":16,"enemies":"downfall:FleeingMerchant","floor":39,"turns":2},{"damage":42,"enemies":"Maw","floor":44,"turns":5},{"damage":54,"enemies":"Reptomancer","floor":45,"turns":4},{"damage":26,"enemies":"4 Shapes","floor":49,"turns":5},{"damage":46,"enemies":"downfall:Ironclad","floor":50,"turns":5}],"seed_played":"-2933831009366777659","potions_obtained":[{"floor":10,"key":"FearPotion"},{"floor":11,"key":"Slimebound:SlimyTonguePotion"},{"floor":14,"key":"SpeedPotion"},{"floor":15,"key":"Dexterity Potion"},{"floor":16,"key":"Slimebound:SlimyTonguePotion"},{"floor":25,"key":"SkillPotion"},{"floor":27,"key":"Regen Potion"},{"floor":33,"key":"PowerPotion"},{"floor":36,"key":"Slimebound:SlimyTonguePotion"},{"floor":38,"key":"Strength Potion"},{"floor":49,"key":"Dexterity Potion"}],"is_trial":false,"path_per_floor":["R","M","M","?","M","?","T","M","M","E","M","R","?","M","M","B",null,"R","M","M","$","M","?","T","M","R","M","M","R","M","$","M","B",null,"R","M","M","M","$","?","T","$","?","M","E","$","R","?","M","B",null],"character_chosen":"SLIMEBOUND","items_purchased":["Boot","Strawberry","Panache","expansioncontent:DecasProtection"],"campfire_rested":1,"item_purchase_floors":[21,39,39,39],"current_hp_per_floor":[54,54,49,49,53,53,53,54,43,23,21,21,21,26,26,20,54,54,45,54,52,28,28,28,21,37,44,49,49,54,50,49,12,54,54,46,54,51,64,64,64,64,64,49,55,55,55,50,54,64],"gold":34,"neow_bonus":"TRANSFORM_TWO_CARDS","is_daily":false,"chose_seed":false,"campfire_upgraded":5,"win_rate":0.0,"timestamp":1609654095,"path_taken":["R","M","M","?","M","?","T","?","M","E","M","R","?","M","M","BOSS","R","M","M","$","M","?","T","M","R","M","M","R","M","?","M","BOSS","R","M","M","M","$","?","T","$","?","?","E","?","R","?","M","BOSS"],"items_purchased_type":["Relic","Relic","Card","Card"],"build_version":"2020-12-22","purchased_purges":3,"victory":true,"max_hp_per_floor":[54,54,54,54,54,54,54,54,54,54,54,54,54,54,54,54,54,54,54,54,54,54,54,54,54,54,54,54,54,54,54,54,54,54,54,54,57,57,64,64,64,64,64,64,64,64,64,64,64,64],"card_choices":[{"not_picked":["Slimebound:SamplingLick","Slimebound:PressTheAttack"],"picked":"Slimebound:SplitAcid","floor":2},{"not_picked":["Slimebound:SamplingLick","Slimebound:SlimeSpikes"],"picked":"Slimebound:PressTheAttack","floor":3},{"not_picked":["Slimebound:Nibble","Slimebound:Prepare"],"picked":"Slimebound:SlimeBrawl","floor":5},{"not_picked":["Slimebound:LeechingTouch","Slimebound:DisruptingSlam"],"picked":"Slimebound:DivideAndConquer","floor":8},{"not_picked":["Slimebound:LivingWall","Slimebound:ComboTackle"],"picked":"Slimebound:SplitLeeching","floor":9},{"not_picked":["Slimebound:RollThrough","Slimebound:ViciousTackle"],"picked":"Slimebound:SplitMire","floor":10},{"not_picked":["Slimebound:ProtectTheBoss","Slimebound:ItLooksTasty"],"picked":"Slimebound:Repurpose","floor":11},{"not_picked":["Slimebound:ViciousTackle","Slimebound:SlimeBrawl","Slimebound:TongueLash"],"picked":"SKIP","floor":14},{"not_picked":["Slimebound:PressTheAttack","Slimebound:LeechEnergy"],"picked":"Slimebound:RejuvenatingLick","floor":15},{"not_picked":["Slimebound:Overexert","Slimebound:RallyTheTroops"],"picked":"Slimebound:WasteNot","floor":16},{"not_picked":["Slimebound:SplitAcid","Slimebound:FinishingTackle"],"picked":"Slimebound:Gluttony+1","floor":19},{"not_picked":["Slimebound:SplitLeeching","Slimebound:SlimeSpikes+1"],"picked":"Slimebound:SplitBruiser+1","floor":20},{"not_picked":["Slimebound:LeechingTouch","Slimebound:Nibble"],"picked":"Slimebound:LeadByExample","floor":21},{"not_picked":["Slimebound:FlameTackle","Slimebound:ViciousTackle","Slimebound:Chomp"],"picked":"SKIP","floor":22},{"not_picked":["Slimebound:SplitAcid","Slimebound:SplitMire+1","Slimebound:GoopSpray+1"],"picked":"SKIP","floor":25},{"not_picked":["Slimebound:ServeAndProtect","Slimebound:SplitAcid"],"picked":"Slimebound:GrowthPunch","floor":27},{"not_picked":["Slimebound:PressTheAttack","Slimebound:RainOfGoop"],"picked":"Slimebound:MassRepurpose","floor":28},{"not_picked":["Slimebound:ComboTackle","Slimebound:Grow"],"picked":"Slimebound:SpikyOuterGoop","floor":30},{"not_picked":["Slimebound:SpikyOuterGoop+1","Slimebound:GoopSpray+1"],"picked":"Slimebound:PressTheAttack+1","floor":31},{"not_picked":["Slimebound:TongueLash+1","Slimebound:RollThrough","Slimebound:LeechingTouch"],"picked":"SKIP","floor":32},{"not_picked":["Slimebound:CheckThePlaybook","Slimebound:DuplicatedForm"],"picked":"Slimebound:MassFeed","floor":33},{"not_picked":["Slimebound:SplitBruiser","Slimebound:ViciousTackle+1"],"picked":"Slimebound:SlimeTap","floor":36},{"not_picked":["Slimebound:RollThrough+1","Slimebound:SlimeSpikes"],"picked":"Slimebound:MegaLick+1","floor":37},{"not_picked":["Slimebound:Nibble","Slimebound:BestDefense+1"],"picked":"Slimebound:SplitBruiser+1","floor":38},{"not_picked":["Slimebound:Gluttony+1","Slimebound:DisruptingSlam","Slimebound:LeechingTouch+1"],"picked":"SKIP","floor":39},{"not_picked":["Slimebound:Chomp+1","Slimebound:Replication+1","Slimebound:DisruptingSlam+1"],"picked":"SKIP","floor":44},{"not_picked":["Slimebound:Gluttony+1","Slimebound:Equalize+1"],"picked":"Slimebound:Teamwork","floor":45},{"not_picked":["expansioncontent:ChargeUp","expansioncontent:YouAreMine"],"picked":"expansioncontent:DonusPower","floor":48},{"not_picked":["expansioncontent:Sear","expansioncontent:DefensiveMode"],"picked":"expansioncontent:LastStand","floor":48},{"not_picked":["Slimebound:RollThrough","Slimebound:SplitMire"],"picked":"Slimebound:SelfFormingGoo","floor":49}],"player_experience":97094,"relics_obtained":[{"floor":7,"key":"FossilizedHelix"},{"floor":10,"key":"Bottled Lightning"},{"floor":24,"key":"Bird Faced Urn"},{"floor":41,"key":"Vajra"},{"floor":45,"key":"Pen Nib"}],"event_choices":[{"cards_removed":["Slimebound:Strike_Slimebound"],"damage_healed":0,"gold_gain":0,"player_choice":"Removed Attack","damage_taken":0,"max_hp_gain":0,"max_hp_loss":0,"event_name":"Falling","floor":40,"gold_loss":0},{"cards_removed":["Slimebound:CorrosiveSpit"],"damage_healed":0,"gold_gain":0,"player_choice":"Purged","damage_taken":0,"max_hp_gain":0,"max_hp_loss":0,"event_name":"Purifier","floor":43,"gold_loss":0}],"is_beta":false,"boss_relics":[{"not_picked":["Slimebound:TarBlob","downfall:Hecktoplasm"],"picked":"Astrolabe"},{"not_picked":["Coffee Dripper","Fusion Hammer"],"picked":"SlaversCollar"}],"items_purged_floors":[21,31,39],"is_endless":false,"potions_floor_spawned":[10,11,14,15,16,20,25,27,33,36,38,49],"ascension_level":1}}