{"host":"8f5cu9y0fpol72qs","time":1609666988,"event":{"mods":["AlwaysNeverKeys","BaseMod","Colored Map","Colored Powertips","Curses Come First","Highlight Path","Key Reminder","Minty Spire (QoL Compilation)","StSLib"],"gold_per_floor":[111,286,18,30,30,62,62,96,96,116,116,116],"floor_reached":11,"playtime":579,"items_purged":["Doubt"],"score":134,"play_id":"419aa845-2eba-4458-b54c-d423dd694ce4","local_time":"20210103014308","is_ascension_mode":true,"campfire_choices":[],"circlet_count":0,"master_deck":["AscendersBane","Strike_G","Strike_G","Strike_G","Strike_G","Strike_G","Defend_G","Defend_G","Defend_G","Defend_G","Defend_G","Survivor","Neutralize","Dagger Spray","Footwork","Dodge and Roll","Noxious Fumes","Caltrops","Well Laid Plans","Burst"],"relics":["Ring of the Snake","Juzu Bracelet","Paper Crane","Dream Catcher","Gremlin Horn"],"acts_visited":["Exordium"],"potions_floor_usage":[8,10],"damage_taken":[{"damage":2,"enemies":"Jaw Worm","floor":1,"turns":5},{"damage":9,"enemies":"Small Slimes","floor":4,"turns":4},{"damage":20,"enemies":"3 Sentries","floor":6,"turns":8},{"damage":31,"enemies":"Gremlin Nob","floor":8,"turns":6},{"damage":0,"enemies":"Cultist","floor":10,"turns":4},{"damage":13,"enemies":"3 Sentries","floor":11,"turns":4}],"seed_played":"1574586256200820859","potions_obtained":[{"floor":4,"key":"Block Potion"},{"floor":8,"key":"Swift Potion"}],"is_trial":false,"path_per_floor":["M","?","$","M","?","E","?","E","T","M","E"],"character_chosen":"THE_SILENT","items_purchased":["Footwork","Juzu Bracelet"],"campfire_rested":0,"item_purchase_floors":[3,3],"current_hp_per_floor":[68,68,68,59,59,39,44,13,13,13,0,0],"gold":116,"neow_bonus":"TEN_PERCENT_HP_BONUS","is_daily":false,"chose_seed":false,"campfire_upgraded":0,"win_rate":0.0,"timestamp":1609666988,"path_taken":["M","?","$","M","?","E","?","E","T","M","E"],"items_purchased_type":["Card","Relic"],"build_version":"2020-12-22","purchased_purges":1,"victory":false,"max_hp_per_floor":[77,77,77,77,77,77,82,82,82,82,82,82],"card_choices":[{"not_picked":["Dagger Throw","Dodge and Roll"],"picked":"Dagger Spray","floor":1},{"not_picked":["Cloak And Dagger","Flying Knee"],"picked":"Dodge and Roll","floor":4},{"not_picked":["Poisoned Stab","Cloak And Dagger"],"picked":"Caltrops","floor":6},{"not_picked":["Sucker Punch","Distraction"],"picked":"Well Laid Plans","floor":8},{"not_picked":["Dagger Spray","Dodge and Roll"],"picked":"Burst","floor":10}],"player_experience":787965,"relics_obtained":[{"floor":6,"key":"Paper Crane"},{"floor":8,"key":"Dream Catcher"},{"floor":9,"key":"Gremlin Horn"}],"event_choices":[{"damage_healed":0,"gold_gain":175,"player_choice":"AGREE","damage_taken":0,"max_hp_gain":0,"max_hp_loss":0,"event_name":"Liars Game","floor":2,"gold_loss":0,"cards_obtained":["Doubt"]},{"damage_healed":0,"gold_gain":0,"player_choice":"1 cards matched","damage_taken":0,"max_hp_gain":0,"max_hp_loss":0,"event_name":"Match and Keep!","floor":5,"gold_loss":0,"cards_obtained":["Noxious Fumes"]},{"damage_healed":0,"gold_gain":0,"player_choice":"Donut","damage_taken":0,"max_hp_gain":5,"max_hp_loss":0,"event_name":"Big Fish","floor":7,"gold_loss":0}],"is_beta":false,"boss_relics":[],"items_purged_floors":[3],"is_endless":false,"potions_floor_spawned":[4,8],"killed_by":"3 Sentries","ascension_level":13}}