{"host":"tm3ghj8mno6gwywm","time":1609651697,"event":{"mods":["2.2 Compatiblity","AchievementEnabler","Bard","BaseMod","Beaked The Cultist","Better Third Choice","Colored Map","Colored Powertips","Conspire","Downfall","Glutton Mod","GungeonMod","Halation","Hermit","Hubris","Infinite Spire","Jorbs\u0027s Wanderer Trilogy","Lobotomy","Mad Scientist","Marisa????????","Marked Mod","Mimic Mod","Minty Spire (QoL Compilation)","Potionbrewer","Quick Restart","READ ME - Guardian Mod","Replay The Spire","Shade Mod","Shop Mod","Somnambulant","Spicy Shops","StSLib","SuperFastMode","The Bug Knight","The Construct","The Cursed","The Disciple","The Factory","The Hierophant","The IronCluck","The Judge","The Jungle","The Necromancer","The Runesmith","The Servant 0.9.4","egg"],"gold_per_floor":[110,128,144,163,163,189,72,72,143,172,212,232,102,120,120,216,216,233,248,16,16,16,33,33,51,51,51,51,51,70,70,70,179,179,199,220,220,245,295,295,295,325,365,365,385,427,427,480,480,487,487,487,487,16,57,64],"floor_reached":57,"playtime":2982,"items_purged":["Replay:Hysterical Blindness","Doubt"],"score":1320,"play_id":"61ea2a10-cbf0-4481-968b-99d069fa2759","local_time":"20210103002817","is_ascension_mode":false,"campfire_choices":[{"floor":15,"key":"RECALL"},{"floor":24,"key":"REST"},{"floor":27,"key":"REST"},{"data":"hermit:Defend_Hermit","floor":29,"key":"SMITH"},{"data":"hermit:Defend_Hermit","floor":32,"key":"SMITH"},{"floor":40,"key":"REST"},{"floor":44,"key":"REST"},{"floor":47,"key":"REST"},{"data":"hermit:Strike_Hermit","floor":49,"key":"SMITH"},{"data":"hermit:Strike_Hermit","floor":53,"key":"SMITH"}],"circlet_count":0,"master_deck":["hermit:Strike_Hermit+1","hermit:Strike_Hermit","hermit:Strike_Hermit+1","hermit:Strike_Hermit+1","hermit:Defend_Hermit+1","hermit:Defend_Hermit+1","hermit:Defend_Hermit+1","hermit:Defend_Hermit+1","hermit:Snapshot+1","hermit:Covet+1","expansioncontent:Torchfire+1","hermit:Glare+1","hermit:Headshot+1","hermit:Magnum+1","hermit:ItchyTrigger+1","hermit:Adapt+1","hermit:BigShot+1","hermit:Enervate+1","hermit:Gestalt+1","hermit:WideOpen+1","hermit:ItchyTrigger+1","hermit:Dive+1","hermit:Quickdraw+1","hermit:EternalForm+1","hermit:BigShot+1","hermit:Scavenge+1","hermit:EyeOfTheStorm+1","hermit:Combo+1","hermit:CalledShot+1","hermit:Snipe+1","hermit:RoundhouseKick+1","hermit:Feint+1","hermit:CalledShot+1","hermit:FlashPowder+1","hermit:Horror+1","hermit:Horror+1","hermit:HighNoon+1","DemoMod:Invincible+1","hermit:BigShot+1","Swift Strike+1"],"relics":["hermit:Momento","Lizard Tail","Mummified Hand","Black Star","Molten Egg 2","Toxic Egg 2","Frozen Egg 2","Quantum Egg","Membership Card","WingedGreaves","hubris:DisguiseKit","Sundial","StrikeDummy","Pet Ghost","Boot","potionbrewer:MortarAndPestle","Strawberry","DemoMod:Bottle","champ:Barbells","Enchiridion","Mercury Hourglass","Gambling Chip","War Paint","Thread and Needle","DemoMod:VorpalBullet","ReplayTheSpireMod:TigerMarble","Oddly Smooth Stone","TungstenRod","hubris:64BitClover","conspire:DecoderRing","Nunchaku","potionbrewer:ToyAutogyro","Bag of Preparation","Centennial Puzzle"],"acts_visited":["Exordium","TheCity","TheBeyond","TheEnding"],"potions_floor_usage":[33,50,56,56,56,56],"damage_taken":[{"damage":4,"enemies":"conspire:RoseBush","floor":1,"turns":2},{"damage":0,"enemies":"Cultist","floor":2,"turns":2},{"damage":0,"enemies":"Small Slimes","floor":3,"turns":2},{"damage":0,"enemies":"Blue Slaver","floor":4,"turns":1},{"damage":11,"enemies":"Gremlin Nob","floor":6,"turns":3},{"damage":26,"enemies":"3 Sentries","floor":10,"turns":6},{"damage":0,"enemies":"Looter","floor":11,"turns":2},{"damage":1,"enemies":"Looter","floor":12,"turns":2},{"damage":0,"enemies":"Red Slaver","floor":14,"turns":1},{"damage":16,"enemies":"The Guardian","floor":16,"turns":9},{"damage":0,"enemies":"Spheric Guardian","floor":18,"turns":3},{"damage":6,"enemies":"3 Byrds","floor":19,"turns":6},{"damage":16,"enemies":"Centurion and Healer","floor":23,"turns":3},{"damage":0,"enemies":"Sentry and Sphere","floor":25,"turns":3},{"damage":2,"enemies":"Snake Plant","floor":30,"turns":2},{"damage":17,"enemies":"Collector","floor":33,"turns":6},{"damage":10,"enemies":"3 Darklings","floor":35,"turns":4},{"damage":2,"enemies":"Orb Walker","floor":36,"turns":5},{"damage":18,"enemies":"Writhing Mass","floor":38,"turns":4},{"damage":9,"enemies":"Mind Bloom Boss Battle","floor":39,"turns":3},{"damage":1,"enemies":"Nemesis","floor":42,"turns":6},{"damage":2,"enemies":"4 Shapes","floor":43,"turns":4},{"damage":10,"enemies":"4 Shapes","floor":45,"turns":3},{"damage":0,"enemies":"Giant Head","floor":46,"turns":3},{"damage":0,"enemies":"2 Orb Walkers","floor":48,"turns":4},{"damage":48,"enemies":"Awakened One","floor":50,"turns":10},{"damage":17,"enemies":"Shield and Spear","floor":55,"turns":6},{"damage":10,"enemies":"The Heart","floor":56,"turns":8}],"seed_played":"-6984367370783666615","potions_obtained":[{"floor":1,"key":"potionbrewer:ToxicPotion"},{"floor":4,"key":"Weak Potion"},{"floor":16,"key":"conspire:TimeTravelPotion"},{"floor":23,"key":"sneckomod:MuddlingPotion"},{"floor":36,"key":"potionbrewer:NoxiousPotion"},{"floor":48,"key":"EssenceOfSteel"}],"is_trial":false,"path_per_floor":["M","M","M","M","?","E","$","?","T","E","MIM","M","$","M","R","B",null,"M","M","$","?","$","M","R","M","T","R","?","R","M","T","R","B",null,"M","M","?","M","?","R","?","E","MIM","R","M","E","R","?","R","B",null,null,"R","$","E","B",null],"character_chosen":"HERMIT","items_purchased":["hermit:BigShot+1","hermit:Enervate+1","Strawberry","hermit:Dive+1","hermit:EyeOfTheStorm+1","hermit:Combo+1","DemoMod:Bottle","champ:Barbells","DemoMod:Invincible+1","conspire:DecoderRing","hermit:BigShot+1","Nunchaku","potionbrewer:ToyAutogyro","Dexterity Potion","Swift Strike+1"],"campfire_rested":5,"item_purchase_floors":[7,7,13,13,20,20,20,20,54,54,54,54,54,54,54],"current_hp_per_floor":[71,71,71,71,71,60,60,45,45,19,19,18,25,25,25,9,82,82,76,76,60,60,44,68,68,68,82,82,82,80,80,80,63,82,72,70,70,52,43,67,67,66,64,82,72,72,82,82,82,34,34,82,82,82,63,60],"gold":64,"neow_bonus":"RANDOM_COLORLESS","is_daily":false,"chose_seed":false,"campfire_upgraded":4,"win_rate":0.0,"timestamp":1609651697,"path_taken":["M","M","M","?","?","E","$","?","T","E","?","M","?","M","R","BOSS","M","M","$","?","?","M","R","M","T","R","?","R","?","?","R","BOSS","M","M","?","?","?","R","?","E","MIM","R","M","E","R","?","R","BOSS","R","$","E","BOSS"],"items_purchased_type":["Card","Card","Relic","Card","Card","Card","Relic","Relic","Card","Relic","Card","Relic","Relic","Potion","Card"],"build_version":"2020-12-22","purchased_purges":2,"victory":true,"max_hp_per_floor":[75,75,75,75,75,75,75,75,75,75,75,75,82,82,82,82,82,82,82,82,82,82,82,82,82,82,82,82,82,82,82,82,82,82,82,82,82,82,82,82,82,82,82,82,82,82,82,82,82,82,82,82,82,82,80,80],"card_choices":[{"not_picked":["Replay:SS_fish_3","Forethought"],"picked":"expansioncontent:Torchfire","floor":0},{"not_picked":["hermit:Snipe+1","hermit:Ricochet+1"],"picked":"hermit:Glare+1","floor":1},{"not_picked":["hermit:Ricochet+1","hermit:TrackingShot+1"],"picked":"hermit:Headshot+1","floor":2},{"not_picked":["hermit:DeadMansHand+1","hermit:Glare+1"],"picked":"hermit:Magnum+1","floor":3},{"not_picked":["hermit:Combo+1","hermit:Misfire+1"],"picked":"hermit:ItchyTrigger+1","floor":4},{"not_picked":["hermit:GoldenBullet+1","hermit:Feint+1","DemoMod:SkilledReload"],"picked":"hermit:Adapt+1","floor":6},{"not_picked":["hermit:Desperado+1","hermit:Midnight+1","DemoMod:TeaPot"],"picked":"hermit:Gestalt+1","floor":10},{"not_picked":["hermit:HoleUp+1","hermit:Misfire+1","DemoMod:TeaPot"],"picked":"hermit:WideOpen+1","floor":11},{"not_picked":["hermit:BodyArmor+1","hermit:Roulette+1","DemoMod:AC15"],"picked":"hermit:ItchyTrigger+1","floor":12},{"not_picked":["hermit:Feint+1","hermit:Virtue+1","DemoMod:SkilledReload"],"picked":"hermit:Quickdraw+1","floor":14},{"not_picked":["hermit:Roughhouse+1","hermit:Gambit+1","DemoMod:GunslingerForm"],"picked":"hermit:EternalForm+1","floor":16},{"not_picked":["hermit:Misfire+1","hermit:Ricochet+1","DemoMod:PotionOfGunFriendShip"],"picked":"hermit:BigShot+1","floor":18},{"not_picked":["hermit:Vantage+1","hermit:Feint+1","DemoMod:StickyCrossBow"],"picked":"hermit:Scavenge+1","floor":19},{"not_picked":["hermit:Combo+1","hermit:ItchyTrigger+1","hermit:Glare+1","DemoMod:ConditionalReflex"],"picked":"SKIP","floor":23},{"not_picked":["hermit:Grudge+1","hermit:Dive+1","DemoMod:SpreadAmmo"],"picked":"hermit:CalledShot+1","floor":25},{"not_picked":["hermit:Manifest+1","hermit:Vantage+1","DemoMod:TeaPot"],"picked":"hermit:Snipe+1","floor":30},{"not_picked":["hermit:HighNoon+1","hermit:Magnum+1","DemoMod:DoubleVision"],"picked":"hermit:RoundhouseKick+1","floor":33},{"not_picked":["hermit:Coalescence+1","hermit:Desperado+1","DemoMod:FeignSurrender"],"picked":"hermit:Feint+1","floor":35},{"not_picked":["hermit:Glare+1","hermit:HighCaliber+1","hermit:Misfire+1","DemoMod:StickyCrossBow"],"picked":"SKIP","floor":36},{"not_picked":["hermit:LoneWolf+1","hermit:Coalescence+1","hermit:GoldenBullet+1","DemoMod:GunShield"],"picked":"SKIP","floor":38},{"not_picked":["hermit:CursedWeapon+1","hermit:LoneWolf+1","DemoMod:EasyReloadBullets"],"picked":"hermit:CalledShot+1","floor":39},{"not_picked":["hermit:Desperado+1","hermit:WideOpen+1","hermit:LuckOfTheDraw+1","DemoMod:SAA"],"picked":"SKIP","floor":42},{"not_picked":["hermit:GoldenBullet+1","hermit:Dive+1","DemoMod:StickyCrossBow"],"picked":"hermit:FlashPowder+1","floor":43},{"not_picked":["hermit:Misfire+1","hermit:Grudge+1","DemoMod:SAA"],"picked":"hermit:Horror+1","floor":45},{"not_picked":["hermit:Glare+1","hermit:WideOpen+1","DemoMod:AC15"],"picked":"hermit:Horror+1","floor":46},{"not_picked":["hermit:CursedWeapon+1","hermit:Misfire+1","DemoMod:SniperShot"],"picked":"hermit:HighNoon+1","floor":48},{"not_picked":["hermit:SprayPray+1","hermit:Dive+1","DemoMod:Spice+1","DemoMod:StickyCrossBow"],"picked":"SKIP","floor":55},{"not_picked":["hermit:SprayPray+1","hermit:Dive+1","DemoMod:Spice+1","DemoMod:StickyCrossBow"],"picked":"SKIP","floor":55}],"player_experience":794318,"relics_obtained":[{"floor":6,"key":"Sundial"},{"floor":6,"key":"DemoMod:WeirdEgg"},{"floor":10,"key":"Pet Ghost"},{"floor":11,"key":"Boot"},{"floor":11,"key":"potionbrewer:MortarAndPestle"},{"floor":21,"key":"Enchiridion"},{"floor":26,"key":"Mercury Hourglass"},{"floor":39,"key":"Gambling Chip"},{"floor":42,"key":"War Paint"},{"floor":42,"key":"Thread and Needle"},{"floor":43,"key":"DemoMod:VorpalBullet"},{"floor":43,"key":"ReplayTheSpireMod:TigerMarble"},{"floor":46,"key":"Oddly Smooth Stone"},{"floor":46,"key":"TungstenRod"},{"floor":48,"key":"hubris:64BitClover"},{"floor":55,"key":"Bag of Preparation"},{"floor":55,"key":"Centennial Puzzle"}],"event_choices":[{"damage_healed":60,"gold_gain":0,"player_choice":"Upgrade","damage_taken":15,"max_hp_gain":0,"max_hp_loss":75,"event_name":"betterThird:BetterShining","floor":8,"gold_loss":0,"cards_upgraded":["hermit:Strike_Hermit","hermit:Snapshot"]},{"damage_healed":0,"gold_gain":0,"player_choice":"Obtained Book","damage_taken":16,"max_hp_gain":0,"max_hp_loss":0,"event_name":"Cursed Tome","floor":21,"gold_loss":0},{"damage_healed":0,"gold_gain":0,"player_choice":"Upgraded","damage_taken":0,"max_hp_gain":0,"max_hp_loss":0,"event_name":"Upgrade Shrine","floor":28,"gold_loss":0,"cards_upgraded":["hermit:Covet"]},{"damage_healed":0,"gold_gain":0,"player_choice":"Ignored","damage_taken":0,"max_hp_gain":0,"max_hp_loss":0,"event_name":"NoteForYourself","floor":37,"gold_loss":0},{"damage_healed":0,"gold_gain":0,"player_choice":"Fight","damage_taken":0,"max_hp_gain":0,"max_hp_loss":0,"event_name":"MindBloom","floor":39,"gold_loss":0},{"damage_healed":0,"gold_gain":0,"player_choice":"Memory 1","damage_taken":0,"max_hp_gain":0,"max_hp_loss":0,"event_name":"SensoryStone","floor":41,"gold_loss":0},{"damage_healed":0,"gold_gain":0,"player_choice":"Fight","damage_taken":0,"max_hp_gain":0,"max_hp_loss":0,"event_name":"Mysterious Sphere","floor":48,"gold_loss":0}],"is_beta":false,"boss_relics":[{"not_picked":["Ring of Chaos","halation:PlatinumPhoenix","ChewingGum"]},{"not_picked":["Replay:Grab Bag","Painkiller Herb","Coffee Dripper"]}],"items_purged_floors":[7,20],"is_endless":false,"potions_floor_spawned":[1,4,16,18,23,30,36,45,48,55],"ascension_level":0}}