{"host":"2461dio7vetlq1z3","time":1609689480,"event":{"mods":["2.2 Compatiblity","AchievementEnabler","Aspiration","BaseMod","Better Third Choice","Friendly Minions","Minty Spire (QoL Compilation)","Relic Stats","Spicy Shops","StSLib","Waifu the Spire"],"gold_per_floor":[109,121,121,18,18,46,74,74,155,155,165,196,213,231,231,306,306,323,25,75,75,88,88,420,420,420,455,455,486,187,198,198,269,269,283,296,1295,467,485,485,510,510,510,510,47,47,58,76,76,76,76,76,76,26,54,54],"floor_reached":57,"playtime":2845,"items_purged":["Injury","Writhe","Strike_G","Strike_G","Normality","Defend_G","Defend_G"],"score":3367,"play_id":"5058d2b5-9fbe-4956-9e9a-5a158a60c066","local_time":"20210103165800","is_ascension_mode":true,"campfire_choices":[{"data":"Neutralize","floor":8,"key":"SMITH"},{"data":"Noxious Fumes","floor":10,"key":"SMITH"},{"data":"Glass Knife","floor":15,"key":"SMITH"},{"data":"After Image","floor":23,"key":"SMITH"},{"floor":28,"key":"REST"},{"data":"Defragment","floor":32,"key":"SMITH"},{"data":"Panache","floor":40,"key":"SMITH"},{"floor":44,"key":"RECALL"},{"data":"Glass Knife","floor":46,"key":"SMITH"},{"data":"Caltrops","floor":49,"key":"SMITH"},{"data":"Noxious Fumes","floor":53,"key":"SMITH"}],"circlet_count":0,"master_deck":["AscendersBane","Defend_G+1","Defend_G+1","Defend_G","Survivor","Neutralize+1","Quick Slash","Cloak And Dagger","Backflip+1","Noxious Fumes+1","Caltrops+1","Blur+1","Glass Knife+1","Backflip+1","After Image+1","Blade Dance+1","Noxious Fumes+1","Panache+1","Static Discharge+1","Hologram+1","Coolheaded+1","Aggregate+1","Defragment+1","Genetic Algorithm+1","Infinite Blades","Deflect+1","Night Terror+1","Acrobatics+1","Cloak And Dagger+1","Crippling Poison+1","Glass Knife+1","FTL+1","PiercingWail+1","Hologram+1","Blade Dance+1","Calculated Gamble+1"],"relics":["Ring of the Snake","NeowsBlessing","Toxic Egg 2","Du-Vu Doll","Odd Mushroom","InkBottle","Pantograph","aspiration:DefectSkillbook","Membership Card","Kunai","Old Coin","Shuriken","Blue Candle","Art of War","FossilizedHelix","War Paint","Philosopher\u0027s Stone","ClockworkSouvenir","Nunchaku","Strawberry","Orrery","StoneCalendar","aspiration:SneckoTail","Smiling Mask","Medical Kit","Happy Flower","Gambling Chip","Ancient Tea Set","Bronze Scales"],"acts_visited":["Exordium","TheCity","TheBeyond","TheEnding"],"potions_floor_usage":[27,33,56,56],"damage_taken":[{"damage":0,"enemies":"Small Slimes","floor":1,"turns":1},{"damage":0,"enemies":"2 Louse","floor":2,"turns":1},{"damage":0,"enemies":"Gremlin Nob","floor":6,"turns":1},{"damage":10,"enemies":"The Mushroom Lair","floor":7,"turns":5},{"damage":0,"enemies":"Jaw Worm","floor":11,"turns":4},{"damage":9,"enemies":"Lagavulin","floor":12,"turns":8},{"damage":0,"enemies":"Blue Slaver","floor":13,"turns":4},{"damage":0,"enemies":"3 Louse","floor":14,"turns":4},{"damage":4,"enemies":"The Guardian","floor":16,"turns":11},{"damage":0,"enemies":"3 Byrds","floor":18,"turns":4},{"damage":8,"enemies":"Shell Parasite","floor":22,"turns":3},{"damage":4,"enemies":"Book of Stabbing","floor":24,"turns":4},{"damage":29,"enemies":"Slavers","floor":27,"turns":4},{"damage":1,"enemies":"Book of Stabbing","floor":29,"turns":4},{"damage":0,"enemies":"Snake Plant","floor":31,"turns":3},{"damage":0,"enemies":"Automaton","floor":33,"turns":6},{"damage":0,"enemies":"Orb Walker","floor":35,"turns":3},{"damage":0,"enemies":"3 Shapes","floor":36,"turns":3},{"damage":0,"enemies":"3 Darklings","floor":39,"turns":3},{"damage":0,"enemies":"Reptomancer","floor":41,"turns":4},{"damage":0,"enemies":"Maw","floor":47,"turns":4},{"damage":0,"enemies":"Spire Growth","floor":48,"turns":3},{"damage":0,"enemies":"Donu and Deca","floor":50,"turns":5},{"damage":0,"enemies":"Time Eater","floor":51,"turns":9},{"damage":0,"enemies":"Shield and Spear","floor":55,"turns":3},{"damage":0,"enemies":"The Heart","floor":56,"turns":6}],"seed_played":"-3545365537392004236","potions_obtained":[{"floor":1,"key":"Block Potion"},{"floor":7,"key":"Dexterity Potion"},{"floor":29,"key":"SteroidPotion"},{"floor":33,"key":"SteroidPotion"},{"floor":36,"key":"Swift Potion"},{"floor":48,"key":"Weak Potion"}],"is_trial":false,"path_per_floor":["M","M","?","$","?","E","?","R","T","R","M","E","M","M","R","B",null,"M","$","?","?","M","R","E","?","T","E","R","E","$","M","R","B",null,"M","M","?","$","M","R","E","?","T","R","$","R","M","M","R","B","B",null,"R","$","E","B",null],"character_chosen":"THE_SILENT","items_purchased":["Backflip+1","Membership Card","Noxious Fumes","Panache","FossilizedHelix","Infinite Blades","War Paint","ClockworkSouvenir","Nunchaku","Strawberry","Orrery","StoneCalendar","aspiration:SneckoTail","Medical Kit","Happy Flower","Gambling Chip","Ancient Tea Set"],"campfire_rested":1,"item_purchase_floors":[4,19,19,19,30,30,30,38,38,38,38,38,38,45,45,45,45],"current_hp_per_floor":[59,59,59,59,52,52,42,42,42,42,42,33,33,33,33,54,63,63,63,63,63,55,55,51,51,51,22,41,40,40,40,40,65,66,66,66,66,73,73,73,73,73,73,73,73,73,73,73,73,73,73,73,73,73,73,73],"gold":54,"neow_bonus":"THREE_ENEMY_KILL","is_daily":false,"chose_seed":false,"campfire_upgraded":9,"win_rate":0.0,"timestamp":1609689480,"path_taken":["M","M","?","$","?","E","?","R","T","R","M","E","?","M","R","BOSS","M","$","?","?","M","R","E","?","T","E","R","E","$","M","R","BOSS","M","M","?","$","M","R","E","?","T","R","$","R","M","M","R","BOSS","BOSS","R","$","E","BOSS"],"items_purchased_type":["Card","Relic","Card","Card","Relic","Card","Relic","Relic","Relic","Relic","Relic","Relic","Relic","Relic","Relic","Relic","Relic"],"build_version":"2020-12-22","purchased_purges":7,"victory":true,"max_hp_per_floor":[66,66,66,66,66,66,66,66,66,66,66,66,66,66,66,66,66,66,66,66,66,66,66,66,66,66,66,66,66,66,66,66,66,66,66,66,66,73,73,73,73,73,73,73,73,73,73,73,73,73,73,73,73,73,73,73],"relic_stats":{"Happy Flower":[10],"counters":[26,109],"Blue Candle":[3],"StoneCalendar":[52],"War Paint":["Defend_G","Defend_G"],"Smiling Mask":113,"Medical Kit":[6],"Nunchaku":[15],"Shuriken":[49],"Pantograph":50,"Gambling Chip":[12],"Bronze Scales":[69],"Art of War":[5],"Kunai":[52],"obtain_stats":[{"aspiration:SneckoTail":38,"StoneCalendar":38,"Smiling Mask":41,"Ancient Tea Set":45,"Old Coin":24,"ClockworkSouvenir":38,"Nunchaku":38,"aspiration:DefectSkillbook":17,"Pantograph":12,"Strawberry":38,"Gambling Chip":45,"Philosopher\u0027s Stone":34,"Kunai":21,"Toxic Egg 2":3,"InkBottle":9,"Ring of the Snake":0,"NeowsBlessing":0,"Happy Flower":45,"Blue Candle":27,"Odd Mushroom":7,"War Paint":30,"Medical Kit":45,"Du-Vu Doll":6,"Shuriken":26,"Bronze Scales":55,"Orrery":38,"Art of War":29,"Membership Card":19,"FossilizedHelix":30},{"aspiration:SneckoTail":18,"StoneCalendar":18,"Smiling Mask":20,"Ancient Tea Set":20,"Old Coin":12,"ClockworkSouvenir":18,"Nunchaku":18,"aspiration:DefectSkillbook":9,"Pantograph":6,"Strawberry":18,"Gambling Chip":20,"Philosopher\u0027s Stone":16,"Kunai":10,"Toxic Egg 2":2,"InkBottle":4,"Ring of the Snake":0,"NeowsBlessing":0,"Happy Flower":20,"Blue Candle":13,"Odd Mushroom":4,"War Paint":14,"Medical Kit":20,"Du-Vu Doll":3,"Shuriken":12,"Bronze Scales":25,"Orrery":18,"Art of War":14,"Membership Card":10,"FossilizedHelix":14},{"aspiration:SneckoTail":72,"StoneCalendar":72,"Smiling Mask":79,"Ancient Tea Set":79,"Old Coin":50,"ClockworkSouvenir":72,"Nunchaku":72,"aspiration:DefectSkillbook":39,"Pantograph":20,"Strawberry":72,"Gambling Chip":79,"Philosopher\u0027s Stone":66,"Kunai":43,"Toxic Egg 2":2,"InkBottle":8,"Ring of the Snake":0,"NeowsBlessing":0,"Happy Flower":79,"Blue Candle":54,"Odd Mushroom":8,"War Paint":58,"Medical Kit":79,"Du-Vu Doll":3,"Shuriken":50,"Bronze Scales":103,"Orrery":72,"Art of War":58,"Membership Card":43,"FossilizedHelix":58}],"InkBottle":[60],"Ring of the Snake":[52]},"card_choices":[{"not_picked":["Escape Plan","Backflip"],"picked":"Quick Slash","floor":1},{"not_picked":["Flying Knee","Underhanded Strike"],"picked":"Cloak And Dagger","floor":2},{"not_picked":["Escape Plan+1","Deflect+1"],"picked":"Noxious Fumes","floor":6},{"not_picked":["Poisoned Stab","Eviscerate"],"picked":"Caltrops","floor":7},{"not_picked":["Quick Slash","Terror+1"],"picked":"Blur+1","floor":11},{"not_picked":["Dagger Throw","Concentrate+1"],"picked":"Glass Knife","floor":12},{"not_picked":["Expertise+1","Riddle With Holes","Accuracy"],"picked":"SKIP","floor":13},{"not_picked":["Dash","Terror+1"],"picked":"Backflip+1","floor":14},{"not_picked":["Storm of Steel+1","Unload"],"picked":"After Image","floor":16},{"not_picked":["Force Field+1","Riddle With Holes+1","Consume+1"],"picked":"Blade Dance+1","floor":18},{"not_picked":["Backflip+1","Leg Sweep+1","Backstab"],"picked":"Static Discharge+1","floor":22},{"not_picked":["Endless Agony","Static Discharge","Outmaneuver+1"],"picked":"Hologram+1","floor":24},{"not_picked":["Steam Power+1","Conserve Battery+1","Slice+1"],"picked":"Defragment","floor":27},{"not_picked":["Heatsinks","Backflip+1","Conserve Battery+1"],"picked":"Genetic Algorithm+1","floor":29},{"not_picked":["Beam Cell","Steam+1","Streamline+1"],"picked":"Deflect+1","floor":31},{"not_picked":["Corpse Explosion+1","Envenom","Hyperbeam"],"picked":"Night Terror+1","floor":33},{"not_picked":["Sucker Punch","Ball Lightning","Aggregate+1","Reflex+1"],"picked":"SKIP","floor":35},{"not_picked":["BootSequence+1","Gash","Slice+1"],"picked":"Acrobatics+1","floor":36},{"not_picked":["Cold Snap+1","Skim+1","Eviscerate"],"picked":"Cloak And Dagger+1","floor":38},{"not_picked":["Double Energy+1","Ball Lightning","Endless Agony"],"picked":"Crippling Poison+1","floor":38},{"not_picked":["Steam Power+1","Backstab","Bouncing Flask+1"],"picked":"Glass Knife","floor":38},{"not_picked":["Dodge and Roll+1","Deflect+1","Coolheaded+1"],"picked":"FTL+1","floor":38},{"not_picked":["Gash","Poisoned Stab","Sweeping Beam"],"picked":"PiercingWail+1","floor":39},{"not_picked":["Bane+1","Turbo+1","PiercingWail+1"],"picked":"Hologram+1","floor":41},{"not_picked":["Escape Plan+1","Chaos+1","Genetic Algorithm+1"],"picked":"Blade Dance+1","floor":47},{"not_picked":["Gash+1","Steam Power+1","Consume+1","Blizzard"],"picked":"SKIP","floor":48},{"not_picked":["Turbo+1","Flying Knee","Bullet Time+1"],"picked":"Calculated Gamble+1","floor":55}],"player_experience":1037981,"relics_obtained":[{"floor":6,"key":"Du-Vu Doll"},{"floor":7,"key":"Odd Mushroom"},{"floor":9,"key":"InkBottle"},{"floor":12,"key":"Pantograph"},{"floor":24,"key":"Old Coin"},{"floor":26,"key":"Shuriken"},{"floor":27,"key":"Blue Candle"},{"floor":29,"key":"Art of War"},{"floor":41,"key":"Smiling Mask"},{"floor":55,"key":"Bronze Scales"}],"event_choices":[{"cards_removed":["Strike_G"],"damage_healed":0,"gold_gain":0,"player_choice":"Card Removal","damage_taken":7,"max_hp_gain":0,"max_hp_loss":0,"event_name":"Golden Wing","floor":5,"gold_loss":0},{"damage_healed":0,"gold_gain":0,"player_choice":"Fought Mushrooms","damage_taken":0,"max_hp_gain":0,"max_hp_loss":0,"event_name":"Mushrooms","floor":7,"gold_loss":0},{"damage_healed":0,"gold_gain":50,"player_choice":"Steal","damage_taken":0,"max_hp_gain":0,"max_hp_loss":0,"event_name":"betterThird:BetterNest","floor":20,"gold_loss":0},{"damage_healed":0,"gold_gain":0,"player_choice":"Opened","damage_taken":0,"relics_obtained":["Kunai"],"max_hp_gain":0,"max_hp_loss":0,"event_name":"The Mausoleum","floor":21,"gold_loss":0,"cards_obtained":["Writhe"]},{"damage_healed":0,"gold_gain":0,"cards_transformed":["Strike_G","Strike_G"],"player_choice":"Became Test Subject","damage_taken":0,"max_hp_gain":0,"max_hp_loss":0,"event_name":"Drug Dealer","floor":25,"gold_loss":0,"cards_obtained":["Coolheaded","Aggregate"]},{"damage_healed":0,"gold_gain":999,"player_choice":"Gold","damage_taken":0,"max_hp_gain":0,"max_hp_loss":0,"event_name":"MindBloom","floor":37,"gold_loss":0,"cards_obtained":["Normality","Normality"]},{"cards_removed":["Normality","Clumsy"],"damage_healed":0,"gold_gain":0,"player_choice":"Removed Curses","damage_taken":0,"max_hp_gain":0,"max_hp_loss":0,"event_name":"Fountain of Cleansing","floor":42,"gold_loss":0}],"is_beta":false,"boss_relics":[{"not_picked":["Ring of the Serpent","SlaversCollar"],"picked":"aspiration:DefectSkillbook"},{"not_picked":["aspiration:SecretTechniqueScroll","WristBlade"],"picked":"Philosopher\u0027s Stone"}],"items_purged_floors":[4,30,30,38,38,45,54],"is_endless":false,"potions_floor_spawned":[1,7,12,16,18,24,29,33,35,36,48,55],"ascension_level":20}}