{"host":"16bdbdkejmwbwkj8","time":1609683906,"event":{"mods":["BaseMod","Colored Map","Downfall","Minty Spire (QoL Compilation)","StSLib"],"gold_per_floor":[114,114,214,230,240,304,304,229,245,2,2,2,22,7,7,7,7,7],"floor_reached":16,"playtime":1312,"items_purged":[],"score":115,"play_id":"60e2f9d2-0d6d-46c2-b0e2-64de93fe5b2e","local_time":"20210103092506","is_ascension_mode":false,"campfire_choices":[{"floor":8,"key":"REST"},{"floor":15,"key":"REST"}],"circlet_count":0,"master_deck":["Slimebound:Strike_Slimebound","Slimebound:Strike_Slimebound","Slimebound:Strike_Slimebound","Slimebound:Tackle","Slimebound:Defend_Slimebound","Slimebound:Defend_Slimebound","Slimebound:Defend_Slimebound","Slimebound:Defend_Slimebound","Slimebound:Split","Slimebound:CorrosiveSpit","Slimebound:Schlurp","Slimebound:ProtectTheBoss","Slimebound:LeechEnergy","Slimebound:SplitBruiser","Slimebound:SlimeBarrage","Slimebound:Grow","Slimebound:AcidTongue","Slimebound:SlimeBarrage","Slimebound:SplitAcid"],"relics":["Slimebound:AbsorbEndCombat","Juzu Bracelet","Lantern","downfall:HeartBlessingBlue","ClockworkSouvenir","Pen Nib","downfall:BrokenWingStatue"],"acts_visited":["Exordium"],"potions_floor_usage":[16],"damage_taken":[{"damage":11,"enemies":"Cultist","floor":1,"turns":5},{"damage":4,"enemies":"Small Slimes","floor":4,"turns":2},{"damage":6,"enemies":"2 Louse","floor":5,"turns":2},{"damage":50,"enemies":"Lagavulin Event","floor":6,"turns":8},{"damage":34,"enemies":"Exordium Wildlife","floor":9,"turns":5},{"damage":13,"enemies":"downfall:FleeingMerchant","floor":10,"turns":4},{"damage":15,"enemies":"Blue Slaver","floor":13,"turns":3},{"damage":16,"enemies":"downfall:FleeingMerchant","floor":14,"turns":4},{"damage":59,"enemies":"downfall:Watcher","floor":16,"turns":12}],"seed_played":"2707700380340278191","potions_obtained":[{"floor":6,"key":"Strength Potion"},{"floor":9,"key":"SteroidPotion"},{"floor":13,"key":"sneckomod:MuddlingPotion"}],"is_trial":false,"path_per_floor":["M","?","?","M","M","?","T","R","M","$","T","?","M","$","R","B"],"character_chosen":"SLIMEBOUND","items_purchased":["ClockworkSouvenir","Slimebound:AcidTongue"],"campfire_rested":2,"item_purchase_floors":[10,10],"current_hp_per_floor":[55,60,60,64,61,25,25,57,37,36,36,36,31,25,47,0,0,0],"gold":7,"neow_bonus":"RANDOM_COMMON_RELIC","is_daily":false,"chose_seed":false,"campfire_upgraded":0,"win_rate":0.0,"timestamp":1609683906,"path_taken":["M","?","?","M","M","?","T","R","M","$","?","?","M","$","R","BOSS"],"items_purchased_type":["Relic","Card"],"build_version":"2020-12-22","purchased_purges":0,"victory":false,"max_hp_per_floor":[60,65,65,65,65,65,65,75,75,75,75,75,75,75,75,75,75,75],"card_choices":[{"not_picked":["Slimebound:RollThrough","Slimebound:ViciousTackle"],"picked":"Slimebound:Schlurp","floor":1},{"not_picked":["Slimebound:ForwardTackle","Slimebound:Overexert"],"picked":"Slimebound:ProtectTheBoss","floor":4},{"not_picked":["Slimebound:GoopSpray","Slimebound:FinishingTackle"],"picked":"Slimebound:LeechEnergy","floor":5},{"not_picked":["Slimebound:Prepare","Slimebound:Schlurp"],"picked":"Slimebound:SplitBruiser","floor":6},{"not_picked":["Slimebound:FirmFortitude","Slimebound:GoopSpray"],"picked":"Slimebound:SlimeBarrage","floor":9},{"not_picked":["Slimebound:CheckThePlaybook","Slimebound:FirmFortitude"],"picked":"Slimebound:Grow","floor":10},{"not_picked":["Slimebound:ComboTackle","Slimebound:FlameTackle"],"picked":"Slimebound:SlimeBarrage","floor":13},{"not_picked":["Slimebound:RainOfGoop","Slimebound:Schlurp"],"picked":"Slimebound:SplitAcid","floor":14}],"player_experience":97088,"relics_obtained":[{"floor":6,"key":"Lantern"},{"floor":11,"key":"Pen Nib"}],"event_choices":[{"damage_healed":0,"gold_gain":0,"player_choice":"Donut","damage_taken":0,"max_hp_gain":5,"max_hp_loss":0,"event_name":"Big Fish","floor":2,"gold_loss":0}],"is_beta":false,"boss_relics":[],"items_purged_floors":[],"is_endless":false,"potions_floor_spawned":[6,9,13],"killed_by":"downfall:Watcher","ascension_level":0}}