{"host":"yecadp3kwkksam5a","time":1609685256,"event":{"mods":["BaseMod","Minty Spire (QoL Compilation)","StSLib"],"gold_per_floor":[109,123,137,87,87,120,120,182,234,234,263,280,293,293,293,392,392,407,99,99,119,119,144,144,144,221,240,0,30,47,55,55,158,158],"floor_reached":33,"playtime":2026,"items_purged":["Strike_R","Strike_R"],"score":715,"play_id":"d8340cd7-f666-4796-ad57-45bdea776ec4","local_time":"20210103234736","is_ascension_mode":true,"campfire_choices":[{"floor":7.0,"key":"REST"},{"data":"Bash","floor":10.0,"key":"SMITH"},{"floor":15.0,"key":"REST"},{"data":"Corruption","floor":24.0,"key":"SMITH"},{"floor":32,"key":"RECALL"}],"circlet_count":1,"master_deck":["AscendersBane","Defend_R","Defend_R","Defend_R","Defend_R","Bash+1","Inflame","Cleave","Inflame","Spot Weakness","Corruption+1","Sentinel","Sword Boomerang","Rampage","Sword Boomerang","Feel No Pain","Dark Embrace+1","Flame Barrier","Warcry","Rage","Disarm","Burning Pact+1","Shrug It Off","Body Slam","Body Slam","Panacea"],"relics":["Burning Blood","Juzu Bracelet","Ancient Tea Set","Centennial Puzzle","Tiny Chest","Circlet","Dead Branch","SlaversCollar","Strawberry","Paper Frog","Bottled Tornado","Singing Bowl","ClockworkSouvenir","Eternal Feather"],"acts_visited":["Exordium","TheCity"],"potions_floor_usage":[],"damage_taken":[{"damage":15.0,"enemies":"2 Louse","floor":1.0,"turns":4.0},{"damage":8.0,"enemies":"Jaw Worm","floor":2.0,"turns":4.0},{"damage":7.0,"enemies":"Small Slimes","floor":3.0,"turns":4.0},{"damage":46.0,"enemies":"Lagavulin","floor":6.0,"turns":8.0},{"damage":34.0,"enemies":"Gremlin Nob","floor":8.0,"turns":5.0},{"damage":10.0,"enemies":"3 Sentries","floor":11.0,"turns":5.0},{"damage":8.0,"enemies":"Exordium Wildlife","floor":12.0,"turns":4.0},{"damage":2.0,"enemies":"2 Fungi Beasts","floor":13.0,"turns":3.0},{"damage":13.0,"enemies":"Large Slime","floor":14.0,"turns":4.0},{"damage":12.0,"enemies":"The Guardian","floor":16.0,"turns":4.0},{"damage":33.0,"enemies":"3 Byrds","floor":18.0,"turns":5.0},{"damage":20.0,"enemies":"Chosen","floor":21.0,"turns":5.0},{"damage":43.0,"enemies":"Slavers","floor":23.0,"turns":5.0},{"damage":0,"enemies":"Snake Plant","floor":27,"turns":1},{"damage":0,"enemies":"Slavers","floor":29,"turns":3},{"damage":14,"enemies":"Centurion and Healer","floor":30,"turns":3},{"damage":17,"enemies":"Champ","floor":33,"turns":5}],"seed_played":"-1498428879478275060","potions_obtained":[{"floor":2.0,"key":"Weak Potion"},{"floor":3.0,"key":"Fire Potion"},{"floor":12.0,"key":"Regen Potion"},{"floor":13.0,"key":"SmokeBomb"},{"floor":18.0,"key":"BlessingOfTheForge"}],"is_trial":false,"path_per_floor":["M","M","M","?","?","E","R","?","T","R","E","M","M","M","R","B",null,"M","$","?","M","?","E","R","E","T","M","$","E","M","$","R","B"],"character_chosen":"IRONCLAD","items_purchased":["Warcry","Rage","Strawberry","Shrug It Off","ClockworkSouvenir","Panacea"],"campfire_rested":2,"item_purchase_floors":[19,19,19,28,28,31],"current_hp_per_floor":[71,69,68,68,68,28,54,26,26,26,22,20,24,17,43,37,75,48,55,55,41,41,58,58,58,58,66,66,72,64,64,79,68,68],"gold":158,"neow_bonus":"TEN_PERCENT_HP_BONUS","is_daily":false,"chose_seed":false,"campfire_upgraded":2,"win_rate":0.0,"timestamp":1609685256,"path_taken":["M","M","M","?","?","E","R","?","T","R","E","M","M","M","R","BOSS","M","$","?","M","?","E","R","E","T","M","?","E","M","$","R","BOSS"],"items_purchased_type":["Card","Card","Relic","Card","Relic","Card"],"build_version":"2020-12-22","purchased_purges":2,"victory":false,"max_hp_per_floor":[88,88,88,88,88,88,88,88,88,88,88,88,88,88,88,88,88,88,95,95,95,95,95,95,95,95,97,97,97,97,97,97,97,97],"card_choices":[{"not_picked":["Twin Strike","Cleave"],"picked":"Inflame","floor":1.0},{"not_picked":["Perfected Strike","Clothesline"],"picked":"Cleave","floor":2.0},{"not_picked":["Uppercut","Combust"],"picked":"Inflame","floor":3.0},{"not_picked":["Dark Embrace","Hemokinesis"],"picked":"Corruption","floor":6.0},{"not_picked":["Twin Strike","Clothesline"],"picked":"Sentinel","floor":8.0},{"not_picked":["Fire Breathing","Heavy Blade"],"picked":"Sword Boomerang","floor":11.0},{"not_picked":["Perfected Strike","True Grit"],"picked":"Rampage","floor":12.0},{"not_picked":["Intimidate","Clash"],"picked":"Sword Boomerang","floor":13.0},{"not_picked":["Thunderclap+1","Dual Wield+1"],"picked":"Flame Barrier","floor":18.0},{"not_picked":["Inflame","Seeing Red"],"picked":"Disarm","floor":21.0},{"not_picked":["Metallicize","Heavy Blade"],"picked":"Burning Pact+1","floor":23.0},{"not_picked":["Whirlwind","Havoc","Flex+1"],"picked":"Singing Bowl","floor":27},{"not_picked":["Whirlwind+1","Warcry"],"picked":"Body Slam","floor":29},{"not_picked":["Anger","Warcry"],"picked":"Body Slam","floor":30}],"player_experience":333422,"relics_obtained":[{"floor":6.0,"key":"Juzu Bracelet"},{"floor":8.0,"key":"Ancient Tea Set"},{"floor":9.0,"key":"Centennial Puzzle"},{"floor":11.0,"key":"Tiny Chest"},{"floor":23.0,"key":"Paper Frog"},{"floor":26,"key":"Singing Bowl"},{"floor":29,"key":"Eternal Feather"}],"event_choices":[{"cards_removed":["Strike_R"],"damage_healed":0.0,"max_hp_gain":0.0,"max_hp_loss":0.0,"gold_gain":0.0,"event_name":"The Cleric","player_choice":"Card Removal","floor":4.0,"gold_loss":50.0,"damage_taken":0.0},{"damage_healed":0.0,"max_hp_gain":0.0,"max_hp_loss":0.0,"gold_gain":0.0,"cards_transformed":["Strike_R"],"event_name":"Living Wall","player_choice":"Change","floor":5.0,"gold_loss":0.0,"damage_taken":0.0,"cards_obtained":["Spot Weakness"]},{"damage_healed":0.0,"max_hp_gain":0.0,"max_hp_loss":0.0,"gold_gain":0.0,"event_name":"Dead Adventurer","player_choice":"Searched \u00272\u0027 times","floor":8.0,"gold_loss":0.0,"damage_taken":0.0},{"cards_removed":["Strike_R"],"damage_healed":0.0,"max_hp_gain":0.0,"max_hp_loss":0.0,"gold_gain":0.0,"event_name":"Back to Basics","player_choice":"Elegance","floor":20.0,"gold_loss":0.0,"damage_taken":0.0},{"damage_healed":0.0,"max_hp_gain":0.0,"max_hp_loss":0.0,"gold_gain":0.0,"event_name":"Vampires","player_choice":"Ignored","floor":22.0,"gold_loss":0.0,"damage_taken":0.0}],"is_beta":false,"boss_relics":[{"not_picked":["Black Blood","Tiny House"],"picked":"SlaversCollar"}],"items_purged_floors":[19,28],"is_endless":false,"potions_floor_spawned":[2,3,12,13,14,18,21,23,30],"killed_by":"Champ","ascension_level":11}}