{"host":"a4s27ghlnr83kbqz","time":1609645418,"event":{"mods":["AchievementEnabler","BaseMod","Colored Map","Minty Spire (QoL Compilation)","Permanent Neow","SuperFastMode"],"gold_per_floor":[114,125,144,144,162,162,162,189,189,205,205,230,246,259,259,335,335,347,54,65,83,40,74,124,124,124],"floor_reached":25,"playtime":455,"items_purged":["Strike_R"],"score":520,"play_id":"7561064b-3e01-4965-86dd-e3d4efcff6cd","local_time":"20210103114338","is_ascension_mode":true,"campfire_choices":[{"data":"Hemokinesis","floor":6.0,"key":"SMITH"},{"data":"Bash","floor":11.0,"key":"SMITH"},{"data":"Disarm","floor":15.0,"key":"SMITH"}],"circlet_count":0,"master_deck":["AscendersBane","Strike_R","Strike_R","Defend_R","Defend_R","Defend_R","Bash+1","Pommel Strike","Reckless Charge","Hemokinesis+1","Flame Barrier","Disarm+1","Second Wind","Shrug It Off","Immolate","Feel No Pain","Power Through","Seeing Red","Double Tap"],"relics":["Burning Blood","Boot","Pen Nib","Matryoshka","Mark of Pain","Membership Card","Bronze Scales"],"acts_visited":["Exordium","TheCity"],"potions_floor_usage":[23,23],"damage_taken":[{"damage":7.0,"enemies":"Small Slimes","floor":1.0,"turns":4.0},{"damage":3.0,"enemies":"2 Louse","floor":2.0,"turns":3.0},{"damage":1.0,"enemies":"Cultist","floor":3.0,"turns":3.0},{"damage":8.0,"enemies":"Blue Slaver","floor":5.0,"turns":3.0},{"damage":62.0,"enemies":"3 Sentries","floor":8.0,"turns":10.0},{"damage":2.0,"enemies":"2 Fungi Beasts","floor":10.0,"turns":3.0},{"damage":2.0,"enemies":"Gremlin Nob","floor":12.0,"turns":2.0},{"damage":3.0,"enemies":"Exordium Wildlife","floor":13.0,"turns":3.0},{"damage":5.0,"enemies":"3 Louse","floor":14.0,"turns":4.0},{"damage":19.0,"enemies":"Hexaghost","floor":16.0,"turns":9.0},{"damage":20.0,"enemies":"2 Thieves","floor":18.0,"turns":3.0},{"damage":22.0,"enemies":"Spheric Guardian","floor":20.0,"turns":4.0},{"damage":3,"enemies":"3 Cultists","floor":21,"turns":3},{"damage":17,"enemies":"Slavers","floor":23,"turns":7},{"damage":53,"enemies":"Shelled Parasite and Fungi","floor":25,"turns":4}],"seed_played":"-437974306974966453","potions_obtained":[{"floor":1.0,"key":"Swift Potion"},{"floor":5.0,"key":"BloodPotion"},{"floor":12.0,"key":"Ancient Potion"},{"floor":13.0,"key":"LiquidBronze"},{"floor":20.0,"key":"Block Potion"}],"is_trial":false,"path_per_floor":["M","M","M","?","M","R","?","E","T","M","R","E","M","M","R","B",null,"M","$","M","M","$","E","?","M"],"character_chosen":"IRONCLAD","items_purchased":["Feel No Pain","Membership Card","Seeing Red"],"campfire_rested":0,"item_purchase_floors":[19,19,22],"current_hp_per_floor":[67,68,68,73,71,71,71,15,15,19,19,23,26,27,27,14,58,44,44,28,31,31,34,34,0,0],"gold":124,"neow_bonus":"REMOVE_TWO","is_daily":false,"chose_seed":false,"campfire_upgraded":3,"win_rate":0.0,"timestamp":1609645418,"path_taken":["M","M","M","?","M","R","?","E","T","M","R","E","M","M","R","BOSS","M","?","M","M","$","E","?","M"],"items_purchased_type":["Card","Relic","Card"],"build_version":"2020-12-22","purchased_purges":1,"victory":false,"max_hp_per_floor":[68,68,68,73,73,73,73,73,73,73,73,73,73,73,73,73,73,73,73,73,73,73,73,73,73,73],"card_choices":[{"not_picked":["Flex","Shrug It Off"],"picked":"Pommel Strike","floor":1.0},{"not_picked":["Twin Strike","Dark Embrace"],"picked":"Reckless Charge","floor":2.0},{"not_picked":["Warcry","Rampage","Thunderclap"],"picked":"SKIP","floor":3.0},{"not_picked":["Spot Weakness","Warcry"],"picked":"Hemokinesis","floor":5.0},{"not_picked":["Rampage","Wild Strike"],"picked":"Flame Barrier","floor":8.0},{"not_picked":["Wild Strike","Heavy Blade"],"picked":"Disarm","floor":10.0},{"not_picked":["Warcry","Rampage","Body Slam"],"picked":"SKIP","floor":12.0},{"not_picked":["Power Through","Clash"],"picked":"Second Wind","floor":13.0},{"not_picked":["Heavy Blade","Armaments"],"picked":"Shrug It Off","floor":14.0},{"not_picked":["Berserk","Exhume"],"picked":"Immolate","floor":16.0},{"not_picked":["Flex","Sentinel","Headbutt"],"picked":"SKIP","floor":18.0},{"not_picked":["Blood for Blood","Pommel Strike","Wild Strike"],"picked":"SKIP","floor":20.0},{"not_picked":["Clothesline","Body Slam"],"picked":"Power Through","floor":21},{"not_picked":["Pommel Strike","Inflame"],"picked":"Double Tap","floor":23}],"player_experience":1081414,"relics_obtained":[{"floor":8.0,"key":"Boot"},{"floor":9.0,"key":"Pen Nib"},{"floor":12.0,"key":"Matryoshka"},{"floor":23,"key":"Bronze Scales"}],"event_choices":[{"damage_healed":0.0,"max_hp_gain":5.0,"max_hp_loss":0.0,"gold_gain":0.0,"event_name":"Big Fish","player_choice":"Donut","floor":4.0,"gold_loss":0.0,"damage_taken":0.0},{"cards_removed":["Strike_R"],"damage_healed":0.0,"max_hp_gain":0.0,"max_hp_loss":0.0,"gold_gain":0.0,"event_name":"Bonfire Elementals","player_choice":"Offered Basic","floor":7.0,"gold_loss":0.0,"damage_taken":0.0},{"damage_healed":0,"gold_gain":50,"player_choice":"Stole From Cult","damage_taken":0,"max_hp_gain":0,"max_hp_loss":0,"event_name":"Nest","floor":24,"gold_loss":0}],"is_beta":false,"boss_relics":[{"not_picked":["Astrolabe","Runic Pyramid"],"picked":"Mark of Pain"}],"items_purged_floors":[19],"is_endless":false,"potions_floor_spawned":[1,5,8,12,13,14,20],"killed_by":"Shelled Parasite and Fungi","ascension_level":20}}