{"host":"w9yruvs4bqht6bhw","time":1609714782,"event":{"mods":["BaseMod","Colored Powertips","Minty Spire (QoL Compilation)"],"gold_per_floor":[119,194,208,226,15,50,50,64,90,117,117,39,69,82,82,183,183,195,195,214,224,244,277,277,35,35,35,48,48,48,148,148,249,249,260,160,177,177,14,44,44,70,70,70,95,95,108,120,120,120,120],"floor_reached":50,"playtime":2673,"items_purged":["Strike_P","Strike_P","Strike_P"],"score":649,"play_id":"75009ffe-8d40-402c-a2aa-e137673a0f4d","local_time":"20210103175942","is_ascension_mode":true,"campfire_choices":[{"data":"DevaForm","floor":7,"key":"SMITH"},{"floor":11,"key":"REST"},{"data":"BattleHymn","floor":15,"key":"SMITH"},{"floor":24,"key":"REST"},{"data":"Perseverance","floor":27,"key":"SMITH"},{"floor":29,"key":"REST"},{"floor":32,"key":"REST"},{"floor":49,"key":"REST"}],"circlet_count":0,"master_deck":["Strike_P+1","Defend_P","Defend_P","Defend_P","Defend_P","Eruption+1","Vigilance","Worship","CarveReality","Perseverance+1","Pray","DeceiveReality","DevaForm+1","CarveReality","InnerPeace","Prostrate","Fasting2","BattleHymn+1","DeusExMachina","DeusExMachina","ThirdEye","Devotion","Alpha","Doubt"],"relics":["PureWater","NeowsBlessing","Orrery","Damaru","Ancient Tea Set","Mango","Busted Crown","Nloth\u0027s Gift","Akabeko","Membership Card","Gremlin Horn","Torii","Mercury Hourglass","SacredBark","HandDrill","The Courier","Bottled Flame","Juzu Bracelet"],"acts_visited":["Exordium","TheCity","TheBeyond"],"potions_floor_usage":[6,8,21,23,31,31,33,37,40,40,42,45,45,45,47,50],"damage_taken":[{"damage":0,"enemies":"Cultist","floor":1,"turns":1},{"damage":0,"enemies":"Small Slimes","floor":3,"turns":1},{"damage":0,"enemies":"2 Louse","floor":4,"turns":1},{"damage":8,"enemies":"Lagavulin","floor":6,"turns":6},{"damage":6,"enemies":"Large Slime","floor":8,"turns":7},{"damage":18,"enemies":"Gremlin Nob","floor":10,"turns":4},{"damage":27,"enemies":"3 Sentries","floor":13,"turns":8},{"damage":0,"enemies":"3 Louse","floor":14,"turns":3},{"damage":0,"enemies":"The Guardian","floor":16,"turns":5},{"damage":12,"enemies":"2 Thieves","floor":18,"turns":3},{"damage":10,"enemies":"Chosen","floor":20,"turns":4},{"damage":0,"enemies":"Snake Plant","floor":21,"turns":3},{"damage":2,"enemies":"Centurion and Healer","floor":22,"turns":4},{"damage":29,"enemies":"Gremlin Leader","floor":23,"turns":5},{"damage":12,"enemies":"Snecko","floor":28,"turns":5},{"damage":15,"enemies":"Colosseum Slavers","floor":31,"turns":2},{"damage":25,"enemies":"Colosseum Nobs","floor":31,"turns":4},{"damage":20,"enemies":"Champ","floor":33,"turns":8},{"damage":2,"enemies":"Orb Walker","floor":35,"turns":3},{"damage":0,"enemies":"3 Darklings","floor":37,"turns":3},{"damage":20,"enemies":"Giant Head","floor":40,"turns":6},{"damage":33,"enemies":"Reptomancer","floor":42,"turns":5},{"damage":55,"enemies":"Nemesis","floor":45,"turns":7},{"damage":0,"enemies":"Maw","floor":47,"turns":6},{"damage":45,"enemies":"Spire Growth","floor":48,"turns":5},{"damage":68,"enemies":"Awakened One","floor":50,"turns":7}],"seed_played":"-5286221067090693462","potions_obtained":[{"floor":1,"key":"Ambrosia"},{"floor":6,"key":"Weak Potion"},{"floor":18,"key":"Block Potion"},{"floor":22,"key":"ColorlessPotion"},{"floor":23,"key":"GamblersBrew"},{"floor":33,"key":"SkillPotion"},{"floor":37,"key":"AttackPotion"},{"floor":44,"key":"StancePotion"},{"floor":44,"key":"Regen Potion"},{"floor":44,"key":"GamblersBrew"},{"floor":45,"key":"GamblersBrew"},{"floor":47,"key":"Dexterity Potion"}],"is_trial":false,"path_per_floor":["M","?","M","M","$","E","R","M","T","E","R","$","E","M","R","B",null,"M","?","M","M","M","E","R","$","T","R","M","R","?","?","R","B",null,"M","$","M","?","$","E","?","E","T","?","E","?","M","M","R","B"],"character_chosen":"WATCHER","items_purchased":["Pray","Orrery","Fasting2","Membership Card","BottledMiracle","Energy Potion","SteroidPotion","BlessingOfTheForge","HandDrill","Energy Potion"],"campfire_rested":5,"item_purchase_floors":[5,5,12,25,25,25,36,36,39,39],"current_hp_per_floor":[72,65,65,65,65,57,57,51,51,33,54,54,41,41,41,41,86,74,74,64,64,62,33,58,58,58,58,46,71,71,31,56,36,86,84,84,84,84,84,64,64,31,31,31,21,82,82,37,61,0,0],"gold":120,"neow_bonus":"THREE_ENEMY_KILL","is_daily":false,"chose_seed":false,"campfire_upgraded":3,"win_rate":0.0,"timestamp":1609714782,"path_taken":["M","?","?","M","$","E","R","M","T","E","R","$","E","?","R","BOSS","M","?","M","M","M","E","R","$","T","R","?","R","?","?","R","BOSS","M","$","M","?","$","E","?","E","T","?","E","?","M","M","R","BOSS"],"items_purchased_type":["Card","Relic","Card","Relic","Potion","Potion","Potion","Potion","Relic","Potion"],"build_version":"2020-12-22","purchased_purges":3,"victory":false,"max_hp_per_floor":[72,72,72,72,72,72,72,72,72,72,72,72,86,86,86,86,86,86,86,86,86,86,86,86,86,86,86,86,86,86,86,86,86,86,86,86,86,86,86,86,82,82,82,82,82,82,82,82,82,82,82],"card_choices":[{"not_picked":["Perseverance","FearNoEvil"],"picked":"Worship","floor":1},{"not_picked":["Protect","FollowUp"],"picked":"CarveReality","floor":3},{"not_picked":["JustLucky","CrushJoints"],"picked":"Perseverance","floor":4},{"not_picked":["ConjureBlade","SashWhip"],"picked":"DeceiveReality","floor":5},{"not_picked":["ClearTheMind","FearNoEvil"],"picked":"DevaForm","floor":5},{"not_picked":["FollowUp","BowlingBash"],"picked":"CarveReality","floor":5},{"not_picked":["FlurryOfBlows","EmptyBody"],"picked":"InnerPeace","floor":5},{"not_picked":["Halt","Nirvana","DeceiveReality"],"picked":"SKIP","floor":6},{"not_picked":["Protect","JustLucky"],"picked":"Prostrate","floor":8},{"not_picked":["FlurryOfBlows","EmptyFist","FearNoEvil"],"picked":"SKIP","floor":10},{"not_picked":["Meditate","ForeignInfluence","Crescendo"],"picked":"SKIP","floor":13},{"not_picked":["ThirdEye","BowlingBash"],"picked":"BattleHymn","floor":14},{"not_picked":["MasterReality","Brilliance"],"picked":"DeusExMachina","floor":16},{"not_picked":["EmptyBody+1"],"picked":"SKIP","floor":18},{"not_picked":["Adaptation"],"picked":"SKIP","floor":20},{"not_picked":["Indignation"],"picked":"SKIP","floor":21},{"not_picked":["FlyingSleeves"],"picked":"SKIP","floor":22},{"not_picked":[],"picked":"DeusExMachina","floor":23},{"not_picked":[],"picked":"ThirdEye","floor":28},{"not_picked":[],"picked":"Devotion","floor":33},{"not_picked":["FlurryOfBlows+1"],"picked":"SKIP","floor":35},{"not_picked":["CutThroughFate+1"],"picked":"SKIP","floor":37},{"not_picked":["EmptyFist"],"picked":"SKIP","floor":40},{"not_picked":["LessonLearned"],"picked":"SKIP","floor":42},{"not_picked":[],"picked":"Alpha","floor":45},{"not_picked":["PathToVictory+1"],"picked":"SKIP","floor":47},{"not_picked":["WreathOfFlame+1"],"picked":"SKIP","floor":48}],"player_experience":302092,"relics_obtained":[{"floor":6,"key":"Damaru"},{"floor":9,"key":"Whetstone"},{"floor":10,"key":"Ancient Tea Set"},{"floor":13,"key":"Mango"},{"floor":23,"key":"Akabeko"},{"floor":26,"key":"Gremlin Horn"},{"floor":31,"key":"Torii"},{"floor":31,"key":"Mercury Hourglass"},{"floor":40,"key":"The Courier"},{"floor":42,"key":"Bottled Flame"},{"floor":45,"key":"Juzu Bracelet"}],"event_choices":[{"damage_healed":0,"gold_gain":75,"player_choice":"Touch","damage_taken":7,"max_hp_gain":0,"max_hp_loss":0,"event_name":"FaceTrader","floor":2,"gold_loss":0},{"damage_healed":0,"gold_gain":0,"player_choice":"Traded Relic","damage_taken":0,"relics_obtained":["Nloth\u0027s Gift"],"max_hp_gain":0,"max_hp_loss":0,"event_name":"N\u0027loth","floor":19,"relics_lost":["Whetstone"],"gold_loss":0},{"damage_healed":0,"gold_gain":0,"player_choice":"Ignored","damage_taken":0,"max_hp_gain":0,"max_hp_loss":0,"event_name":"The Mausoleum","floor":30,"gold_loss":0},{"damage_healed":0,"gold_gain":0,"player_choice":"Fight","damage_taken":0,"max_hp_gain":0,"max_hp_loss":0,"event_name":"Colosseum","floor":31,"gold_loss":0},{"damage_healed":0,"gold_gain":0,"player_choice":"Fought Nobs","damage_taken":0,"max_hp_gain":0,"max_hp_loss":0,"event_name":"Colosseum","floor":31,"gold_loss":0},{"damage_healed":0,"gold_gain":0,"player_choice":"Ignored","damage_taken":0,"max_hp_gain":0,"max_hp_loss":0,"event_name":"Tomb of Lord Red Mask","floor":38,"gold_loss":0},{"damage_healed":0,"gold_gain":0,"player_choice":"Max HP","damage_taken":0,"max_hp_gain":0,"max_hp_loss":4,"event_name":"Winding Halls","floor":41,"gold_loss":0},{"damage_healed":0,"gold_gain":0,"player_choice":"Got Potions","damage_taken":0,"max_hp_gain":0,"max_hp_loss":0,"event_name":"Lab","floor":44,"gold_loss":0},{"damage_healed":61,"gold_gain":0,"player_choice":"Heal","damage_taken":0,"max_hp_gain":0,"max_hp_loss":0,"event_name":"MindBloom","floor":46,"gold_loss":0,"cards_obtained":["Doubt"]}],"is_beta":false,"boss_relics":[{"not_picked":["Snecko Eye","Philosopher\u0027s Stone"],"picked":"Busted Crown"},{"not_picked":["SlaversCollar","Coffee Dripper"],"picked":"SacredBark"}],"items_purged_floors":[25,36,39],"is_endless":false,"potions_floor_spawned":[1,6,18,22,23,33,37,45,47],"killed_by":"Awakened One","ascension_level":1}}