{"host":"mtg945c5jssv10ty","time":1609715588,"event":{"mods":["Ascension Unlocker","BaseMod","Downfall","Minty Spire (QoL Compilation)","StSLib","SuperFastMode"],"gold_per_floor":[99,110,125,141,141,141,141,168,268,268,278,313,313,333,348,348,348,348,348,449,449,449,467,478,478,24,56,56,56,15,48,65,92,192,224,240,338,338,338,353,366,377,427,460,514,514,320,20,33,33,33,62,74,74,74,108,60,60,60,60,60],"floor_reached":59,"playtime":4254,"items_purged":["downfall:Malfunctioning","champ:ViciousMockery+1"],"score":1495,"play_id":"21cf2888-a9b1-4062-a031-a4d21b23a021","local_time":"20210103181308","is_ascension_mode":true,"campfire_choices":[{"data":"champ:Execute","floor":1.0,"key":"SMITH"},{"data":"champ:RageSigil","floor":10.0,"key":"SMITH"},{"data":"champ:Parry","floor":13.0,"key":"SMITH"},{"data":"champ:Parry","floor":22.0,"key":"SMITH"},{"floor":39,"key":"RECALL"},{"data":"champ:GladiatorStyle","floor":48,"key":"SMITH"},{"floor":58,"key":"REST"}],"circlet_count":0,"master_deck":["champ:Strike","champ:Strike+1","champ:Strike","champ:Strike","champ:Defend+1","champ:Defend+1","champ:Defend+1","champ:Defend+1","champ:Execute+1","champ:Taunt","champ:RageSigil+1","champ:Parry+1","champ:SkillfulDodge","champ:Parry+1","champ:ShieldSigil","champ:BringItOn","champ:EnchantShield","champ:StanceDance+1","champ:BladeFlurry+1","champ:StanceDance+1","champ:EnGarde","expansioncontent:BronzeBeam","champ:EnchantShield","champ:PreciseThrust","champ:TornadoPunch","champ:PreemptiveStrike","champ:SetATrap+1","champ:StrikeOfGenius","champ:RageSigil+1","champ:EnchantShield+1","champ:FlashCut+1","champ:FlashCut+1","champ:RageSigil+1","champ:EnGarde+1","champ:GladiatorStyle+1","champ:StanceDance+1","champ:EnGarde+1","champ:FancyFootwork+1","champ:UltimateStance+1"],"relics":["champ:ChampionCrown","Gremlin Horn","Toy Ornithopter","Black Star","downfall:RedIOU","Pantograph","War Paint","Ancient Tea Set","Bottled Lightning","Bronze Scales","Toxic Egg 2","Calipers","Happy Flower","champ:BlackKnightHelmet","White Beast Statue","Darkstone Periapt","champ:SpectersHand","SacredBark","Bird Faced Urn","Anchor","Meat on the Bone","downfall:HeartBlessingRed","downfall:HeartBlessingGreen","downfall:HeartBlessingBlue","FossilizedHelix","Eternal Feather","Bag of Marbles","Ice Cream","champ:DefensiveTrainingManual"],"acts_visited":["Exordium","Exordium","TheCity","TheBeyond","TheEnding"],"potions_floor_usage":[41,44,56,56,56,56,59],"damage_taken":[{"damage":7.0,"enemies":"Small Slimes","floor":2.0,"turns":3.0},{"damage":6.0,"enemies":"Jaw Worm","floor":3.0,"turns":4.0},{"damage":7.0,"enemies":"2 Louse","floor":4.0,"turns":2.0},{"damage":6.0,"enemies":"2 Fungi Beasts","floor":11.0,"turns":3.0},{"damage":19.0,"enemies":"Lagavulin","floor":12.0,"turns":5.0},{"damage":11.0,"enemies":"Large Slime","floor":14.0,"turns":6.0},{"damage":4.0,"enemies":"2 Fungi Beasts","floor":15.0,"turns":4.0},{"damage":48.0,"enemies":"downfall:Defect","floor":18.0,"turns":9.0},{"damage":73.0,"enemies":"downfall:Defect","floor":19.0,"turns":11.0},{"damage":0.0,"enemies":"downfall:Ironclad","floor":20.0,"turns":1.0},{"damage":25.0,"enemies":"Chosen","floor":23.0,"turns":6.0},{"damage":23.0,"enemies":"Spheric Guardian","floor":24.0,"turns":4.0},{"damage":8.0,"enemies":"downfall:FleeingMerchant","floor":26.0,"turns":4.0},{"damage":0.0,"enemies":"Gremlin Leader","floor":27.0,"turns":8.0},{"damage":20.0,"enemies":"downfall:FleeingMerchant","floor":30.0,"turns":4.0},{"damage":42.0,"enemies":"Slavers","floor":31.0,"turns":7.0},{"damage":8.0,"enemies":"Centurion and Healer","floor":32.0,"turns":3.0},{"damage":19.0,"enemies":"Gremlin Leader","floor":33.0,"turns":8.0},{"damage":51.0,"enemies":"Gremlin Leader","floor":34.0,"turns":10.0},{"damage":8.0,"enemies":"Slavers","floor":35.0,"turns":5.0},{"damage":6.0,"enemies":"Shelled Parasite and Fungi","floor":36.0,"turns":4.0},{"damage":37.0,"enemies":"downfall:Watcher","floor":37.0,"turns":11.0},{"damage":5,"enemies":"3 Shapes","floor":40,"turns":2},{"damage":5,"enemies":"3 Darklings","floor":41,"turns":4},{"damage":35,"enemies":"Maw","floor":42,"turns":9},{"damage":19,"enemies":"Maw","floor":43,"turns":8},{"damage":38,"enemies":"Reptomancer","floor":44,"turns":6},{"damage":0,"enemies":"downfall:FleeingMerchant","floor":47,"turns":4},{"damage":3,"enemies":"Jaw Worm Horde","floor":49,"turns":4},{"damage":74,"enemies":"Giant Head","floor":52,"turns":11},{"damage":19,"enemies":"Spire Growth","floor":53,"turns":4},{"damage":75,"enemies":"downfall:Silent","floor":54,"turns":13},{"damage":171,"enemies":"downfall:CharBossMerchant","floor":56,"turns":10},{"damage":159,"enemies":"downfall:NeowBoss","floor":59,"turns":16}],"seed_played":"6057669231092800057","potions_obtained":[{"floor":3.0,"key":"Energy Potion"},{"floor":11.0,"key":"BlessingOfTheForge"},{"floor":14.0,"key":"Dexterity Potion"},{"floor":20.0,"key":"Energy Potion"},{"floor":24.0,"key":"SneckoOil"},{"floor":27.0,"key":"EssenceOfSteel"},{"floor":32.0,"key":"Slimebound:ThreeZeroPotion"},{"floor":33.0,"key":"champ:OpenerPotion"},{"floor":35.0,"key":"champ:TechniquePotion"},{"floor":36.0,"key":"Energy Potion"},{"floor":37.0,"key":"AttackPotion"},{"floor":40,"key":"CultistPotion"},{"floor":41,"key":"hexamod:SoulburnPotion"},{"floor":44,"key":"Regen Potion"},{"floor":49,"key":"EntropicBrew"},{"floor":56,"key":"Guardian:BlockOnCardUsePotion"}],"is_trial":false,"path_per_floor":["R","M","M","M","?","?","T","T","?","R","M","E","R","M","M","B",null,"M","M","B",null,"R","M","M","?","$","E","T","?","$","E","M","E","?","E","M","B",null,"R","M","M","M","?","E","T","?","$","R","M","T","?","E","M","B",null,"E","$","R","B"],"character_chosen":"THE_CHAMP","items_purchased":["champ:EnGarde","Pantograph","expansioncontent:BronzeBeam","champ:TornadoPunch","champ:EnGarde+1","champ:GladiatorStyle","SkillPotion"],"campfire_rested":1,"item_purchase_floors":[26,26,26,30,47,47,57],"current_hp_per_floor":[99,97,96,94,94,94,94,94,94,94,93,80,80,69,65,65,108,70,13,13,108,108,96,78,78,78,83,83,83,77,55,50,47,11,9,9,11,108,108,108,108,76,90,66,66,66,68,78,80,80,80,43,60,45,118,34,34,90,0,0,0],"gold":60,"neow_bonus":"TEN_PERCENT_HP_BONUS","is_daily":false,"chose_seed":false,"campfire_upgraded":5,"win_rate":0.0,"timestamp":1609715588,"path_taken":["R","M","M","M","?","?","T","?","?","R","M","E","R","M","M","BOSS","BOSS","R","M","M","?","$","E","T","?","$","E","M","E","?","E","M","BOSS","R","M","M","M","?","E","T","?","$","R","M","?","?","E","M","BOSS","E","$","R","BOSS"],"items_purchased_type":["Card","Relic","Card","Card","Card","Card","Potion"],"build_version":"2020-12-22","purchased_purges":2,"victory":false,"max_hp_per_floor":[99,99,99,99,99,99,99,99,99,99,99,99,99,99,99,99,108,108,108,108,108,108,108,108,108,108,108,108,108,108,108,108,108,108,108,108,108,108,108,108,108,108,108,108,108,108,108,118,118,118,118,118,118,118,118,118,118,118,118,118,118],"card_choices":[{"not_picked":["champ:FanOfKnives","champ:Circumvent"],"picked":"champ:RageSigil","floor":2.0},{"not_picked":["champ:StanceDance","champ:EndlessRage"],"picked":"champ:Parry","floor":3.0},{"not_picked":["champ:ShieldSigil","champ:GutPunch"],"picked":"champ:SkillfulDodge","floor":4.0},{"not_picked":["champ:PerfectedStrike","champ:RageSigil"],"picked":"champ:DefensiveShout","floor":11.0},{"not_picked":["champ:DefensiveShout","champ:CrookedStrike"],"picked":"champ:Parry","floor":12.0},{"not_picked":["champ:BerserkerStyle","champ:Haymaker"],"picked":"champ:ShieldSigil","floor":14.0},{"not_picked":["champ:ShieldSigil","champ:RecklessLeap"],"picked":"champ:BringItOn","floor":15.0},{"not_picked":["champ:HeartStrike","champ:Circumvent","champ:Duel"],"picked":"SKIP","floor":18.0},{"not_picked":["champ:TornadoPunch","champ:HoldFirm","champ:GladiatorStyle"],"picked":"SKIP","floor":19.0},{"not_picked":["champ:SteelEdge","champ:LastStand"],"picked":"champ:EnchantShield","floor":20.0},{"not_picked":["champ:BladeFlurry","champ:Backstep"],"picked":"champ:StanceDance+1","floor":23.0},{"not_picked":["champ:FaceSlap","champ:Parry"],"picked":"champ:BladeFlurry+1","floor":24.0},{"not_picked":["champ:AdrenalArmor","champ:FanOfKnives"],"picked":"champ:StanceDance+1","floor":26.0},{"not_picked":["champ:Circumvent","champ:DefensiveShout"],"picked":"champ:EnchantShield","floor":27.0},{"not_picked":["champ:HeartStrike","champ:BerserkerStyle+1"],"picked":"champ:PreciseThrust","floor":30.0},{"not_picked":["champ:GutPunch+1","champ:TornadoPunch"],"picked":"champ:ViciousMockery+1","floor":31.0},{"not_picked":["champ:FlashCut","champ:DancingMaster"],"picked":"champ:PreemptiveStrike","floor":32.0},{"not_picked":["champ:CrownThrow+1","champ:ArenaPreparation+1"],"picked":"champ:SetATrap+1","floor":33.0},{"not_picked":["champ:FanOfKnives","champ:PreciseThrust"],"picked":"champ:StrikeOfGenius","floor":35.0},{"not_picked":["champ:BringItOn+1","champ:BladeFlurry"],"picked":"champ:RageSigil+1","floor":36.0},{"not_picked":["champ:DancingMaster","champ:SwordThrow"],"picked":"champ:EnchantShield+1","floor":37.0},{"not_picked":["champ:Backstep+1","champ:GutPunch+1"],"picked":"champ:FlashCut+1","floor":40},{"not_picked":["champ:Haymaker","champ:Shatter+1","champ:FanOfKnives+1"],"picked":"SKIP","floor":41},{"not_picked":["champ:BladeFlurry","champ:Encircle+1","champ:RecklessLeap"],"picked":"SKIP","floor":42},{"not_picked":["champ:CheapShot","champ:GladiatorStyle"],"picked":"champ:FlashCut+1","floor":43},{"not_picked":["champ:TornadoPunch","champ:ArenaPreparation+1"],"picked":"champ:RageSigil+1","floor":44},{"not_picked":["champ:Shatter","champ:RageSigil+1","champ:CrownThrow"],"picked":"SKIP","floor":47},{"not_picked":["champ:Shatter","champ:BerserkersShout+1"],"picked":"champ:StanceDance+1","floor":49},{"not_picked":["champ:FlashCut","champ:Shatter+1"],"picked":"champ:EnGarde+1","floor":52},{"not_picked":["champ:Shatter+1","champ:BladeFlurry+1"],"picked":"champ:FancyFootwork+1","floor":53},{"not_picked":["champ:ShieldSigil+1","champ:GutPunch"],"picked":"champ:UltimateStance+1","floor":56}],"player_experience":183039,"relics_obtained":[{"floor":7.0,"key":"Gremlin Horn"},{"floor":8.0,"key":"Toy Ornithopter"},{"floor":12.0,"key":"Regal Pillow"},{"floor":27.0,"key":"War Paint"},{"floor":27.0,"key":"Ancient Tea Set"},{"floor":28.0,"key":"Bottled Lightning"},{"floor":31.0,"key":"Bronze Scales"},{"floor":31.0,"key":"Toxic Egg 2"},{"floor":33.0,"key":"Calipers"},{"floor":33.0,"key":"Happy Flower"},{"floor":34.0,"key":"champ:BlackKnightHelmet"},{"floor":34.0,"key":"White Beast Statue"},{"floor":35.0,"key":"Darkstone Periapt"},{"floor":35.0,"key":"champ:SpectersHand"},{"floor":43,"key":"Bird Faced Urn"},{"floor":44,"key":"Anchor"},{"floor":44,"key":"Meat on the Bone"},{"floor":50,"key":"FossilizedHelix"},{"floor":52,"key":"Eternal Feather"},{"floor":52,"key":"Bag of Marbles"},{"floor":56,"key":"Ice Cream"},{"floor":56,"key":"champ:DefensiveTrainingManual"}],"event_choices":[{"cards_removed":["champ:DefensiveShout"],"damage_healed":0,"gold_gain":0,"player_choice":"Removed Skill","damage_taken":0,"max_hp_gain":0,"max_hp_loss":0,"event_name":"Falling","floor":51,"gold_loss":0}],"is_beta":false,"boss_relics":[{"not_picked":["SlaversCollar","Snecko Eye"],"picked":"Black Star"},{"not_picked":["Astrolabe","Velvet Choker"],"picked":"SacredBark"}],"items_purged_floors":[26,47],"is_endless":false,"potions_floor_spawned":[3,11,14,18,20,24,27,32,33,35,36,37,40,41,42,43,44,47,49,52,53,56],"killed_by":"downfall:NeowBoss","ascension_level":1}}