{"host":"1eo5f82aifdzd7pr","time":1609701002,"event":{"mods":["AchievementEnabler","BaseMod","Colored Map","Colored Powertips","DeckTracker","Marisa????????","Minty Spire (QoL Compilation)","StSLib","SuperFastMode"],"gold_per_floor":[363,383,400,416,341,341,355,355,355,355,355,5,23,42,42,137,137,148,23,43,54,68,68,68,88,115,115,132,82,82,181,181,181,181],"floor_reached":33,"playtime":576,"items_purged":["Strike_R","Strike_R","Strike_R"],"score":266,"play_id":"c79bfc4b-f760-415e-a1a5-0cb7215c8107","local_time":"20210103211002","is_ascension_mode":false,"campfire_choices":[{"data":"Bash","floor":6,"key":"SMITH"},{"data":"Cleave","floor":8,"key":"SMITH"},{"floor":15,"key":"REST"},{"data":"Inflame","floor":23,"key":"SMITH"},{"data":"Metallicize","floor":30,"key":"SMITH"},{"data":"Shrug It Off","floor":32,"key":"SMITH"}],"circlet_count":0,"master_deck":["Strike_R","Strike_R","Defend_R","Defend_R","Bash+1","Sword Boomerang","Cleave+1","Pummel","Shrug It Off","Shrug It Off+1","Feed","Inflame+1","Dropkick+1","Metallicize+1"],"relics":["Black Blood","StrikeDummy","HornCleat","Juzu Bracelet","MutagenicStrength"],"acts_visited":["Exordium","TheCity"],"potions_floor_usage":[16,21,28,33,33],"damage_taken":[{"damage":6,"enemies":"Cultist","floor":1,"turns":3},{"damage":10,"enemies":"Small Slimes","floor":2,"turns":4},{"damage":1,"enemies":"Jaw Worm","floor":3,"turns":5},{"damage":0,"enemies":"3 Louse","floor":4,"turns":2},{"damage":14,"enemies":"2 Fungi Beasts","floor":7,"turns":3},{"damage":7,"enemies":"Blue Slaver","floor":13,"turns":2},{"damage":8,"enemies":"Red Slaver","floor":14,"turns":2},{"damage":40,"enemies":"Hexaghost","floor":16,"turns":9},{"damage":20,"enemies":"Spheric Guardian","floor":18,"turns":4},{"damage":42,"enemies":"Shell Parasite","floor":20,"turns":6},{"damage":16,"enemies":"Snake Plant","floor":21,"turns":5},{"damage":24,"enemies":"Shelled Parasite and Fungi","floor":22,"turns":4},{"damage":0,"enemies":"Snecko","floor":25,"turns":4},{"damage":7,"enemies":"Snake Plant","floor":28,"turns":3},{"damage":73,"enemies":"Collector","floor":33,"turns":7}],"seed_played":"4615155757837063299","potions_obtained":[{"floor":1,"key":"Fire Potion"},{"floor":4,"key":"SmokeBomb"},{"floor":13,"key":"LiquidBronze"},{"floor":16,"key":"Regen Potion"},{"floor":22,"key":"GamblersBrew"},{"floor":28,"key":"Fruit Juice"}],"is_trial":false,"path_per_floor":["M","M","M","M","$","R","M","R","T","?","?","$","M","M","R","B",null,"M","$","M","M","M","R","?","M","T","?","M","$","R","?","R","B"],"character_chosen":"IRONCLAD","items_purchased":["HornCleat","Block Potion"],"campfire_rested":1,"item_purchase_floors":[12,29],"current_hp_per_floor":[56,52,57,63,63,63,55,55,55,55,48,48,47,45,69,35,80,75,75,48,59,50,50,50,62,62,62,72,72,72,72,72,0,0],"gold":181,"neow_bonus":"TWO_FIFTY_GOLD","is_daily":false,"chose_seed":false,"campfire_upgraded":5,"win_rate":0.0,"timestamp":1609701002,"path_taken":["M","M","M","M","$","R","M","R","T","?","?","$","?","M","R","BOSS","M","$","M","M","M","R","?","M","T","?","M","$","R","?","R","BOSS"],"items_purchased_type":["Relic","Potion"],"build_version":"2020-12-22","purchased_purges":3,"victory":false,"max_hp_per_floor":[80,80,80,80,80,80,80,80,80,80,80,80,80,80,80,80,80,83,83,86,89,92,92,92,92,92,92,97,97,97,97,97,97,97],"card_choices":[{"not_picked":["Sentinel","Feel No Pain"],"picked":"Sword Boomerang","floor":1},{"not_picked":["Clothesline","Spot Weakness","Hemokinesis"],"picked":"SKIP","floor":2},{"not_picked":["Feel No Pain","Warcry"],"picked":"Cleave","floor":3},{"not_picked":["Clash","Double Tap"],"picked":"Pummel","floor":4},{"not_picked":["Headbutt","Thunderclap"],"picked":"Shrug It Off","floor":7},{"not_picked":["Body Slam","Iron Wave"],"picked":"Shrug It Off","floor":13},{"not_picked":["Pummel","Rupture","Clothesline"],"picked":"SKIP","floor":14},{"not_picked":["Double Tap","Corruption"],"picked":"Feed","floor":16},{"not_picked":["True Grit","Iron Wave","Burning Pact"],"picked":"SKIP","floor":18},{"not_picked":["Perfected Strike","Body Slam","Power Through"],"picked":"SKIP","floor":20},{"not_picked":["True Grit","Whirlwind"],"picked":"Inflame","floor":21},{"not_picked":["Flex+1","Blood for Blood+1","Heavy Blade"],"picked":"SKIP","floor":22},{"not_picked":["Headbutt","Twin Strike+1"],"picked":"Dropkick+1","floor":25},{"not_picked":["Armaments","Thunderclap"],"picked":"Metallicize","floor":28}],"player_experience":767880,"relics_obtained":[{"floor":9,"key":"StrikeDummy"},{"floor":26,"key":"Juzu Bracelet"}],"event_choices":[{"cards_removed":["Defend_R"],"damage_healed":0,"gold_gain":0,"player_choice":"Forget","damage_taken":0,"max_hp_gain":0,"max_hp_loss":0,"event_name":"Living Wall","floor":10,"gold_loss":0},{"cards_removed":["Defend_R"],"damage_healed":0,"gold_gain":0,"player_choice":"Card Removal","damage_taken":7,"max_hp_gain":0,"max_hp_loss":0,"event_name":"Golden Wing","floor":11,"gold_loss":0},{"damage_healed":0,"gold_gain":0,"player_choice":"Ignored","damage_taken":0,"max_hp_gain":0,"max_hp_loss":0,"event_name":"Vampires","floor":24,"gold_loss":0},{"damage_healed":0,"gold_gain":0,"player_choice":"Inject Mutagens","damage_taken":0,"relics_obtained":["MutagenicStrength"],"max_hp_gain":0,"max_hp_loss":0,"event_name":"Drug Dealer","floor":27,"gold_loss":0},{"damage_healed":0,"gold_gain":99,"player_choice":"Stole From Cult","damage_taken":0,"max_hp_gain":0,"max_hp_loss":0,"event_name":"Nest","floor":31,"gold_loss":0}],"is_beta":false,"boss_relics":[{"not_picked":["Runic Pyramid","Calling Bell"],"picked":"Black Blood"}],"items_purged_floors":[5,12,19],"is_endless":false,"potions_floor_spawned":[1,4,13,16,18,22,28],"killed_by":"Collector","ascension_level":0}}