{"host":"y7sd46uq4xlni546","time":1609704785,"event":{"mods":["AchievementEnabler","BaseMod","Colored Map","Colored Powertips","Curses Come First","Filter the Spire","Minty Spire (QoL Compilation)","Quick Restart","Random Character Button","Rare Cards Sparkle","StSLib"],"gold_per_floor":[111,131,155,155,172,172,199,124,124,124,124,148,148,148,148,148,148],"floor_reached":16,"playtime":338,"items_purged":["Defend_R"],"score":98,"play_id":"c0202a7a-f732-4f43-a278-3151ceb2263a","local_time":"20210103211305","is_ascension_mode":false,"campfire_choices":[{"floor":6.0,"key":"REST"},{"floor":15,"key":"REST"}],"circlet_count":0,"master_deck":["Strike_R","Strike_R","Strike_R","Strike_R","Defend_R","Defend_R","Defend_R","Bash","CurseOfTheBell"],"relics":["Calling Bell","Boot","Sundial","Calipers","Akabeko","StrikeDummy","Gambling Chip","Golden Idol","CaptainsWheel"],"acts_visited":["Exordium"],"potions_floor_usage":[],"damage_taken":[{"damage":12.0,"enemies":"Cultist","floor":1.0,"turns":5.0},{"damage":0.0,"enemies":"Small Slimes","floor":2.0,"turns":3.0},{"damage":0.0,"enemies":"2 Louse","floor":5.0,"turns":2.0},{"damage":57.0,"enemies":"Lagavulin","floor":7.0,"turns":7.0},{"damage":6.0,"enemies":"Exordium Wildlife","floor":12.0,"turns":4.0},{"damage":35,"enemies":"The Guardian","floor":16,"turns":8}],"seed_played":"3132649246489419878","potions_obtained":[{"floor":5.0,"key":"ColorlessPotion"}],"is_trial":false,"path_per_floor":["M","M","T","?","M","R","E","$","T","?","$","M","?","?","R","B"],"character_chosen":"IRONCLAD","items_purchased":[],"campfire_rested":2,"item_purchase_floors":[],"current_hp_per_floor":[68,68,68,68,68,80,23,23,23,23,23,17,17,17,39,4,4],"gold":148,"neow_bonus":"BOSS_RELIC","is_daily":false,"chose_seed":false,"campfire_upgraded":0,"win_rate":0.0,"timestamp":1609704785,"path_taken":["M","M","?","?","M","R","E","$","T","?","?","?","?","?","R","BOSS"],"items_purchased_type":[],"build_version":"2020-12-22","purchased_purges":1,"victory":false,"max_hp_per_floor":[80,80,80,80,80,80,80,80,80,74,74,74,74,74,74,74,74],"card_choices":[{"not_picked":["Reckless Charge","Pommel Strike","Metallicize"],"picked":"SKIP","floor":1.0},{"not_picked":["Havoc","Pommel Strike","Armaments"],"picked":"SKIP","floor":2.0},{"not_picked":["Havoc","Metallicize","Pommel Strike"],"picked":"SKIP","floor":5.0},{"not_picked":["Warcry","Burning Pact","Flex"],"picked":"SKIP","floor":7.0},{"not_picked":["Offering","Sentinel","Blood for Blood"],"picked":"SKIP","floor":12.0}],"player_experience":598697,"relics_obtained":[{"floor":0.0,"key":"Boot"},{"floor":0.0,"key":"Sundial"},{"floor":0.0,"key":"Calipers"},{"floor":3.0,"key":"Akabeko"},{"floor":7.0,"key":"StrikeDummy"},{"floor":9.0,"key":"Gambling Chip"}],"event_choices":[{"cards_removed":["Strike_R"],"damage_healed":0.0,"max_hp_gain":0.0,"max_hp_loss":0.0,"gold_gain":0.0,"event_name":"Living Wall","player_choice":"Forget","floor":4.0,"gold_loss":0.0,"damage_taken":0.0},{"damage_healed":0.0,"max_hp_gain":0.0,"max_hp_loss":6.0,"gold_gain":0.0,"event_name":"Golden Idol","player_choice":"Lose Max HP","floor":10.0,"gold_loss":0.0,"damage_taken":0.0,"relics_obtained":["Golden Idol"]},{"damage_healed":0.0,"max_hp_gain":0.0,"max_hp_loss":0.0,"gold_gain":0.0,"event_name":"Dead Adventurer","player_choice":"Searched \u00271\u0027 times","floor":13.0,"gold_loss":0.0,"damage_taken":0.0,"relics_obtained":["CaptainsWheel"]},{"damage_healed":0,"gold_gain":0,"player_choice":"Fled","damage_taken":0,"max_hp_gain":0,"max_hp_loss":0,"event_name":"Scrap Ooze","floor":14,"gold_loss":0}],"is_beta":false,"boss_relics":[],"items_purged_floors":[8],"is_endless":false,"potions_floor_spawned":[5],"killed_by":"The Guardian","ascension_level":0}}