{"host":"1zfbckszmdcrhnfi","time":1609647714,"event":{"mods":["AchievementEnabler","BaseMod","Colored Map","Downfall","Hero for Fun","Minty Spire (QoL Compilation)","Quick Restart","Shop Mod","StSLib","The Bladedancer","The Cursed","The Hierophant","The Runesmith"],"gold_per_floor":[117,117,134,85,124,124,163,197,220,260,258,258,10,45,45,45,45],"floor_reached":16,"playtime":620,"items_purged":[],"score":104,"play_id":"e38c7513-483f-4b8b-9846-4d1934359549","local_time":"20210103122154","is_ascension_mode":false,"campfire_choices":[{"data":"hierophant:Doomsaying","floor":6.0,"key":"SMITH"},{"floor":12.0,"key":"REST"},{"floor":15,"key":"REST"}],"circlet_count":0,"master_deck":["hierophant:Strike_Hierophant","hierophant:Strike_Hierophant","hierophant:Strike_Hierophant","hierophant:Strike_Hierophant","hierophant:Punish","hierophant:Defend_Hierophant","hierophant:Defend_Hierophant","hierophant:Defend_Hierophant","hierophant:Defend_Hierophant","hierophant:ChurchCoffers","hierophant:ThreeLashes","hierophant:Encroach","hierophant:RustyCrate","hierophant:Doubloon","hierophant:Doubloon","hierophant:Doomsaying+1","hierophant:Alms","hierophant:Zeal","hierophant:Exaltation"],"relics":["hierophant:PropheticMaskRelic","NeowsBlessing","FaceOfCleric","Runesmith:AutoHammer","Lantern","Singing Bowl"],"acts_visited":["Exordium"],"potions_floor_usage":[14,16],"damage_taken":[{"damage":0.0,"enemies":"Jaw Worm","floor":1.0,"turns":1.0},{"damage":0.0,"enemies":"Cultist","floor":3.0,"turns":1.0},{"damage":0.0,"enemies":"Small Slimes","floor":5.0,"turns":1.0},{"damage":23.0,"enemies":"Gremlin Nob","floor":7.0,"turns":4.0},{"damage":13.0,"enemies":"Red Slaver","floor":8.0,"turns":3.0},{"damage":9.0,"enemies":"3 Louse","floor":10.0,"turns":3.0},{"damage":18.0,"enemies":"Exordium Thugs","floor":11.0,"turns":5.0},{"damage":3,"enemies":"Red Slaver","floor":14,"turns":3},{"damage":73,"enemies":"Slime Boss","floor":16,"turns":9}],"seed_played":"6622697998126830555","potions_obtained":[{"floor":3.0,"key":"SmokeBomb"},{"floor":5.0,"key":"Swift Potion"},{"floor":10.0,"key":"Guardian:BlockOnCardUsePotion"},{"floor":11.0,"key":"LiquidBronze"},{"floor":14,"key":"Energy Potion"}],"is_trial":false,"path_per_floor":["M","?","M","$","M","R","E","M","T","M","M","R","$","M","R","B"],"character_chosen":"HIEROPHANT","items_purchased":["hierophant:RustyCrate","Singing Bowl"],"campfire_rested":2,"item_purchase_floors":[4,13],"current_hp_per_floor":[75,75,76,76,77,77,55,43,43,35,18,42,42,42,67,0,0],"gold":45,"neow_bonus":"THREE_ENEMY_KILL","is_daily":false,"chose_seed":false,"campfire_upgraded":1,"win_rate":0.0,"timestamp":1609647714,"path_taken":["M","?","M","$","M","R","E","?","T","M","?","R","$","M","R","BOSS"],"items_purchased_type":["Card","Relic"],"build_version":"2020-12-22","purchased_purges":0,"victory":false,"max_hp_per_floor":[75,75,76,76,77,77,78,79,79,80,81,81,81,84,84,84,84],"card_choices":[{"not_picked":["hierophant:Remorse","hierophant:DisplayOfPower"],"picked":"hierophant:ThreeLashes","floor":1.0},{"not_picked":["hierophant:Racketeering","hierophant:Anathema"],"picked":"hierophant:Encroach","floor":3.0},{"not_picked":["hierophant:Remorse","hierophant:OrnateBuckler"],"picked":"hierophant:Doomsaying","floor":5.0},{"not_picked":["hierophant:ThreeLashes","hierophant:Refuge"],"picked":"hierophant:Alms","floor":7.0},{"not_picked":["hierophant:DisplayOfPower","hierophant:FlamingChariot"],"picked":"hierophant:Zeal","floor":8.0},{"not_picked":["hierophant:Remorse","hierophant:SolarFlare","hierophant:TollTheBells"],"picked":"SKIP","floor":10.0},{"not_picked":["hierophant:Zeal","hierophant:Doomsaying"],"picked":"hierophant:Exaltation","floor":11.0},{"not_picked":["hierophant:Alms","hierophant:Racketeering","hierophant:EyeForCoin"],"picked":"Singing Bowl","floor":14}],"player_experience":206702,"relics_obtained":[{"floor":7.0,"key":"Runesmith:AutoHammer"},{"floor":9.0,"key":"Lantern"}],"event_choices":[{"damage_healed":0.0,"max_hp_gain":0.0,"max_hp_loss":0.0,"gold_gain":0.0,"event_name":"FaceTrader","player_choice":"Trade","floor":2.0,"gold_loss":0.0,"damage_taken":0.0,"relics_obtained":["FaceOfCleric"]}],"is_beta":false,"boss_relics":[],"items_purged_floors":[],"is_endless":false,"potions_floor_spawned":[3,5,10,11,14],"killed_by":"Slime Boss","ascension_level":0}}