{"host":"3popq6h3e9zwx3f8","time":1609645898,"event":{"mods":["BaseMod","Colored Map","Minty Spire (QoL Compilation)","Replay The Spire","StSLib","The Cursed","The IronCluck","The Marked","everything is the same but u backflip on backflip"],"gold_per_floor":[118,118,37,112,123,123,153,163,163,178,196,196,214,227,227,325,325,340,197,197,210,252,252,263,263,263,263,276,276,286,137,231,333,333,345,345,397,397,415,415,433,449,472,203,230,254,254],"floor_reached":46,"playtime":3247,"items_purged":["ReplayTheSpireMod:Splinters"],"score":449,"play_id":"c48fceb5-f9ae-4924-841d-d9decb80a049","local_time":"20210102195138","is_ascension_mode":false,"campfire_choices":[{"data":"Poisoned Stab","floor":6.0,"key":"SMITH"},{"floor":25,"key":"REST"},{"floor":29,"key":"REST"},{"floor":40,"key":"REST"}],"circlet_count":0,"master_deck":["Strike_G","Strike_G","Strike_G+1","Strike_G","Defend_G","Defend_G","Defend_G","Defend_G","Defend_G","Survivor","Neutralize","Bane","Deadly Poison","Backflip+1","Poisoned Stab+1","PiercingWail","Corpse Explosion","Dagger Spray","Bane","Dagger Throw","Replay:Bag of Tricks","Noxious Fumes","Reflex+1","Well Laid Plans+1","Necronomicurse","Deadly Poison+1","Deadly Poison+1","Noxious Fumes","Die Die Die","Bouncing Flask+1","Bane","Panache"],"relics":["Replay:Bronze Core","Meat on the Bone","Pantograph","Quantum Egg","Fusion Hammer","TwistedFunnel","Toxic Egg 2","Necronomicon","Kunai","Ring of Panic","ReplayTheSpireMod:Ring of Exchange","ReplayTheSpireMod:EnergyBall","Regal Pillow","Shuriken","Replay:Bandana","Membership Card"],"acts_visited":["Exordium","TheCity","TheBeyond"],"potions_floor_usage":[16,21,24,45,46],"damage_taken":[{"damage":0.0,"enemies":"2 Louse","floor":1.0,"turns":3.0},{"damage":0.0,"enemies":"Jaw Worm","floor":5.0,"turns":3.0},{"damage":5.0,"enemies":"Lagavulin","floor":7.0,"turns":5.0},{"damage":0.0,"enemies":"Cultist","floor":8.0,"turns":3.0},{"damage":0.0,"enemies":"Lots of Slimes","floor":10.0,"turns":1.0},{"damage":0.0,"enemies":"Red Slaver","floor":11.0,"turns":2.0},{"damage":0,"enemies":"Looter","floor":13,"turns":3},{"damage":1,"enemies":"2 Fungi Beasts","floor":14,"turns":2},{"damage":32,"enemies":"The Guardian","floor":16,"turns":9},{"damage":3,"enemies":"Chosen","floor":18,"turns":5},{"damage":5,"enemies":"Shell Parasite","floor":21,"turns":4},{"damage":2,"enemies":"Shelled Parasite and Fungi","floor":24,"turns":2},{"damage":17,"enemies":"Snecko","floor":28,"turns":4},{"damage":2,"enemies":"3 Cultists","floor":30,"turns":2},{"damage":54,"enemies":"Automaton","floor":33,"turns":8},{"damage":0,"enemies":"3 Shapes","floor":35,"turns":3},{"damage":5,"enemies":"3 Darklings","floor":39,"turns":3},{"damage":0,"enemies":"Transient","floor":41,"turns":5},{"damage":26,"enemies":"Sphere and 2 Shapes","floor":42,"turns":3},{"damage":25,"enemies":"4 Shapes","floor":45,"turns":2},{"damage":32,"enemies":"2 Orb Walkers","floor":46,"turns":2}],"seed_played":"4325274750391282071","potions_obtained":[{"floor":8.0,"key":"Energy Potion"},{"floor":10.0,"key":"Block Potion"},{"floor":13,"key":"Block Potion"},{"floor":21,"key":"AttackPotion"},{"floor":28,"key":"GamblersBrew"},{"floor":39,"key":"SpeedPotion"},{"floor":42,"key":"Block Potion"}],"is_trial":false,"path_per_floor":["M","?","$","?","M","R","E","M","T","M","M","T","M","M","R_BF","B",null,"M","$","?","M","?","?","M","R","T","?","M","R","M","$","R_BF","B",null,"M","?","T","?","M","R","M","M","T","$","M","?"],"character_chosen":"THE_SILENT","items_purchased":["Deadly Poison","Backflip+1","TwistedFunnel","Noxious Fumes","Membership Card","Panache","Venom Potion"],"campfire_rested":3,"item_purchase_floors":[3,3,19,31,44,44,44],"current_hp_per_floor":[70,70,70,59,59,59,54,54,54,54,54,54,54,53,53,38,70,67,67,67,62,62,46,44,65,65,65,48,69,67,67,67,28,70,70,70,70,70,65,70,70,44,44,44,31,0,0],"gold":254,"neow_bonus":"BOSS_RELIC","is_daily":false,"chose_seed":false,"campfire_upgraded":1,"win_rate":0.0,"timestamp":1609645898,"path_taken":["M","?","$","?","M","R","E","M","T","M","?","?","?","?","R_BF","BOSS","M","$","?","M","?","?","M","R","T","?","M","R","M","$","R_BF","BOSS","M","?","?","?","M","R","M","?","T","?","M","?"],"items_purchased_type":["Card","Card","Relic","Card","Relic","Card","Potion"],"build_version":"2020-12-22","purchased_purges":1,"victory":false,"max_hp_per_floor":[70,70,70,70,70,70,70,70,70,70,70,70,70,70,70,70,70,70,70,70,70,70,70,70,70,70,70,70,70,70,70,70,70,70,70,70,70,70,70,70,70,70,70,70,70,70,70],"card_choices":[{"not_picked":["Underhanded Strike","Backflip"],"picked":"Bane","floor":1.0},{"not_picked":["Predator","Deadly Poison"],"picked":"Poisoned Stab","floor":5.0},{"not_picked":["Acrobatics","ReplayTheSpireMod:Shiv Toss"],"picked":"PiercingWail","floor":7.0},{"not_picked":["Poisoned Stab","Backstab"],"picked":"Corpse Explosion","floor":8.0},{"not_picked":["Blade Dance","Cloak And Dagger"],"picked":"Dagger Spray","floor":10.0},{"not_picked":["Concentrate","Sucker Punch","Endless Agony"],"picked":"SKIP","floor":11},{"not_picked":["Prepared","Blur"],"picked":"Bane","floor":13},{"not_picked":["Quick Slash","Storm of Steel"],"picked":"Dagger Throw","floor":14},{"not_picked":["Grand Finale","Glass Knife"],"picked":"Replay:Bag of Tricks","floor":16},{"not_picked":["Fluid Movement","Bane"],"picked":"Noxious Fumes","floor":18},{"not_picked":["ReplayTheSpireMod:Exploit Weakness","Blade Dance","Setup"],"picked":"SKIP","floor":21},{"not_picked":["Finisher","Flying Knee"],"picked":"Reflex+1","floor":22},{"not_picked":["Dodge and Roll+1","Slice"],"picked":"Well Laid Plans+1","floor":22},{"not_picked":["Replay:Poison Smokescreen+1","Quick Slash"],"picked":"Deadly Poison+1","floor":24},{"not_picked":["Dagger Throw","Quick Slash","Heel Hook"],"picked":"SKIP","floor":28},{"not_picked":["Prepared+1","Backflip+1"],"picked":"Deadly Poison+1","floor":30},{"not_picked":["Grand Finale","ReplayTheSpireMod:From All Sides"],"picked":"Die Die Die","floor":33},{"not_picked":["Blur+1","Dodge and Roll+1","PiercingWail+1"],"picked":"SKIP","floor":35},{"not_picked":["Endless Agony+1","Deadly Poison+1"],"picked":"Bouncing Flask+1","floor":39},{"not_picked":["Underhanded Strike+1","Quick Slash+1","Blade Dance+1"],"picked":"SKIP","floor":41},{"not_picked":["Fluid Movement","Cloak And Dagger+1"],"picked":"Bane","floor":42},{"not_picked":["Riddle With Holes","Cloak And Dagger+1","Blur+1"],"picked":"SKIP","floor":45}],"player_experience":371369,"relics_obtained":[{"floor":7.0,"key":"Meat on the Bone"},{"floor":9.0,"key":"Pantograph"},{"floor":12,"key":"Quantum Egg"},{"floor":22,"key":"Toxic Egg 2"},{"floor":23,"key":"Necronomicon"},{"floor":26,"key":"Kunai"},{"floor":27,"key":"Ring of Panic"},{"floor":27,"key":"ReplayTheSpireMod:Ring of Exchange"},{"floor":37,"key":"Regal Pillow"},{"floor":43,"key":"Replay:Bandana"}],"event_choices":[{"damage_healed":0.0,"max_hp_gain":0.0,"max_hp_loss":0.0,"gold_gain":75.0,"event_name":"World of Goop","player_choice":"Gather Gold","floor":4.0,"gold_loss":0.0,"damage_taken":11.0},{"cards_removed":["Strike_G"],"damage_healed":0,"gold_gain":0,"player_choice":"Purged","damage_taken":0,"max_hp_gain":0,"max_hp_loss":0,"event_name":"Purifier","floor":15,"gold_loss":0},{"damage_healed":0,"gold_gain":0,"player_choice":"Obtained Book","damage_taken":16,"max_hp_gain":0,"max_hp_loss":0,"event_name":"Cursed Tome","floor":23,"gold_loss":0},{"damage_healed":0,"gold_gain":0,"player_choice":"Ignored","damage_taken":0,"max_hp_gain":0,"max_hp_loss":0,"event_name":"Tomb of Lord Red Mask","floor":36,"gold_loss":0},{"damage_healed":0,"gold_gain":0,"player_choice":"Gave Potion","damage_taken":0,"relics_obtained":["Shuriken"],"max_hp_gain":0,"max_hp_loss":0,"event_name":"WeMeetAgain","floor":38,"gold_loss":0},{"damage_healed":0,"gold_gain":0,"player_choice":"Fight","damage_taken":0,"max_hp_gain":0,"max_hp_loss":0,"event_name":"Mysterious Sphere","floor":46,"gold_loss":0}],"is_beta":false,"boss_relics":[{"not_picked":["Painkiller Herb","Snecko Eye"],"picked":"Fusion Hammer"},{"not_picked":["Honey Jar","ReplayTheSpireMod:CursedCoin"],"picked":"ReplayTheSpireMod:EnergyBall"}],"items_purged_floors":[31],"is_endless":false,"potions_floor_spawned":[8,10,13,21,28,39,42],"killed_by":"2 Orb Walkers","ascension_level":0}}