{"host":"1c52r9kaxdyo25eq","time":1609669977,"event":{"mods":["AchievementEnabler","BaseMod","Minty Spire (QoL Compilation)","Rare Cards Sparkle","SuperFastMode","everything is the same but u backflip on backflip"],"gold_per_floor":[113,132,132,207,13,31,31,31,31],"floor_reached":8,"playtime":235,"items_purged":[],"score":64,"play_id":"a4f8bd49-1a14-4f92-a1ad-24c0fc26dc8d","local_time":"20210103193257","is_ascension_mode":true,"campfire_choices":[{"data":"Dark Embrace","floor":7,"key":"SMITH"}],"circlet_count":0,"master_deck":["Strike_R","Strike_R","Strike_R","Strike_R","Strike_R","Defend_R","Defend_R","Defend_R","Defend_R","Bash","Double Tap","Evolve","Shrug It Off","Second Wind","Dark Embrace+1","Fire Breathing","Shrug It Off"],"relics":["Burning Blood","Golden Idol","Orrery"],"acts_visited":["Exordium"],"potions_floor_usage":[8],"damage_taken":[{"damage":7,"enemies":"Small Slimes","floor":1,"turns":3},{"damage":11,"enemies":"2 Louse","floor":2,"turns":3},{"damage":14,"enemies":"Jaw Worm","floor":6,"turns":6},{"damage":32,"enemies":"Lagavulin","floor":8,"turns":7}],"seed_played":"-6400150123753104798","potions_obtained":[{"floor":6,"key":"BloodPotion"}],"is_trial":false,"path_per_floor":["M","M","?","?","$","M","R","E"],"character_chosen":"IRONCLAD","items_purchased":["Shrug It Off","Orrery"],"campfire_rested":0,"item_purchase_floors":[5,5],"current_hp_per_floor":[71,66,46,35,35,27,27,11,11],"gold":31,"neow_bonus":"ONE_RANDOM_RARE_CARD","is_daily":false,"chose_seed":false,"campfire_upgraded":1,"win_rate":0.0,"timestamp":1609669977,"path_taken":["M","M","?","?","$","M","R","E"],"items_purchased_type":["Card","Relic"],"build_version":"2020-12-22","purchased_purges":0,"victory":false,"max_hp_per_floor":[80,80,80,80,80,80,80,80,80],"card_choices":[{"not_picked":["Body Slam","Flex"],"picked":"Evolve","floor":1},{"not_picked":["Body Slam","True Grit","Exhume"],"picked":"SKIP","floor":2},{"not_picked":["Havoc","Rupture"],"picked":"Second Wind","floor":5},{"not_picked":["Heavy Blade","Flex"],"picked":"Dark Embrace","floor":5},{"not_picked":["Clothesline","Thunderclap"],"picked":"Fire Breathing","floor":5},{"not_picked":["Disarm","Rage"],"picked":"Shrug It Off","floor":5},{"not_picked":["Sever Soul","Cleave","Pommel Strike"],"picked":"SKIP","floor":6}],"player_experience":542621,"relics_obtained":[],"event_choices":[{"damage_healed":0,"gold_gain":0,"player_choice":"Take Damage","damage_taken":20,"relics_obtained":["Golden Idol"],"max_hp_gain":0,"max_hp_loss":0,"event_name":"Golden Idol","floor":3,"gold_loss":0},{"damage_healed":0,"gold_gain":75,"player_choice":"Gather Gold","damage_taken":11,"max_hp_gain":0,"max_hp_loss":0,"event_name":"World of Goop","floor":4,"gold_loss":0}],"is_beta":false,"boss_relics":[],"items_purged_floors":[],"is_endless":false,"potions_floor_spawned":[6],"killed_by":"Lagavulin","ascension_level":8}}