{"host":"utqe55yv0jihe4d6","time":1609687228,"event":{"mods":["2.2 Compatiblity","AchievementEnabler","BaseMod","Block Reminder","Colored Map","Colored Powertips","Minty Spire (QoL Compilation)","Quick Restart","Rare Cards Sparkle","Relic Stats","SuperFastMode"],"gold_per_floor":[219,219,236,5,21,21,50,68,147,147,167,192,219,234,234,309,309,326,394,59,59,76,76,110,110,161,201,201,228,271,288,288,373,373,392,135,160,176,176,203,215,253,253,276,276,29,70,90,90,90,90,90,99,20,45,45,45],"floor_reached":56,"playtime":3042,"items_purged":["Pain","Strike_G","Strike_G","Strike_G"],"score":2110,"play_id":"d3d6d5af-b596-4466-839a-b686dee73f1d","local_time":"20210103102028","is_ascension_mode":true,"campfire_choices":[{"data":"Neutralize","floor":6,"key":"SMITH"},{"data":"Noxious Fumes","floor":10,"key":"SMITH"},{"data":"Crippling Poison","floor":15,"key":"SMITH"},{"data":"Infinite Blades","floor":23,"key":"SMITH"},{"floor":28,"key":"REST"},{"data":"Footwork","floor":32,"key":"SMITH"},{"floor":45,"key":"RECALL"},{"data":"Burst","floor":49,"key":"SMITH"},{"floor":53,"key":"REST"}],"circlet_count":0,"master_deck":["AscendersBane","Strike_G","Strike_G","Defend_G","Defend_G","Defend_G","Defend_G","Defend_G","Survivor","Neutralize+1","Noxious Fumes+1","Masterful Stab","Noxious Fumes","Predator","PiercingWail","Crippling Poison+1","Footwork","Backflip","Burst+1","Backstab","Footwork+1","Deadly Poison+1","Backstab","Endless Agony+1","Predator","Infinite Blades+1","Wraith Form v2+1","PiercingWail","PiercingWail","Acrobatics","Adrenaline","Setup","Accuracy+1","Infinite Blades+1","Footwork+1","Caltrops+1","Dodge and Roll","Catalyst","Caltrops+1","Backflip"],"relics":["Ring of the Snake","WarpedTongs","Membership Card","Lizard Tail","Shuriken","Orichalcum","MealTicket","Philosopher\u0027s Stone","Bottled Lightning","Bird Faced Urn","Orrery","Frozen Egg 2","Akabeko","CeramicFish","Dream Catcher","Runic Pyramid","Oddly Smooth Stone","Ancient Tea Set","Tough Bandages","Boot","Blue Candle","Kunai","Bag of Marbles","Bottled Flame"],"acts_visited":["Exordium","TheCity","TheBeyond","TheEnding"],"potions_floor_usage":[13,13,27,27,30,33,38,51,56,56],"damage_taken":[{"damage":1,"enemies":"Small Slimes","floor":1,"turns":4},{"damage":9,"enemies":"Cultist","floor":3,"turns":5},{"damage":0,"enemies":"2 Louse","floor":5,"turns":3},{"damage":18,"enemies":"Lagavulin","floor":7,"turns":6},{"damage":0,"enemies":"Large Slime","floor":8,"turns":4},{"damage":9,"enemies":"3 Louse","floor":11,"turns":3},{"damage":3,"enemies":"Gremlin Nob","floor":13,"turns":3},{"damage":0,"enemies":"Exordium Wildlife","floor":14,"turns":4},{"damage":17,"enemies":"The Guardian","floor":16,"turns":12},{"damage":14,"enemies":"Spheric Guardian","floor":18,"turns":7},{"damage":19,"enemies":"Shell Parasite","floor":22,"turns":4},{"damage":40,"enemies":"Book of Stabbing","floor":24,"turns":5},{"damage":8,"enemies":"Slavers","floor":27,"turns":5},{"damage":11,"enemies":"Snake Plant","floor":29,"turns":3},{"damage":10,"enemies":"Book of Stabbing","floor":30,"turns":6},{"damage":0,"enemies":"Snecko","floor":31,"turns":3},{"damage":56,"enemies":"Collector","floor":33,"turns":9},{"damage":0,"enemies":"3 Shapes","floor":35,"turns":4},{"damage":0,"enemies":"Mind Bloom Boss Battle","floor":37,"turns":5},{"damage":8,"enemies":"3 Darklings","floor":38,"turns":7},{"damage":0,"enemies":"Reptomancer","floor":40,"turns":7},{"damage":12,"enemies":"Jaw Worm Horde","floor":41,"turns":4},{"damage":6,"enemies":"Nemesis","floor":42,"turns":7},{"damage":0,"enemies":"Sphere and 2 Shapes","floor":44,"turns":4},{"damage":17,"enemies":"Reptomancer","floor":47,"turns":9},{"damage":9,"enemies":"Spire Growth","floor":48,"turns":5},{"damage":40,"enemies":"Donu and Deca","floor":50,"turns":12},{"damage":52,"enemies":"Time Eater","floor":51,"turns":12},{"damage":37,"enemies":"Shield and Spear","floor":55,"turns":10},{"damage":55,"enemies":"The Heart","floor":56,"turns":2}],"seed_played":"-2218397675790876214","potions_obtained":[{"floor":1,"key":"Explosive Potion"},{"floor":5,"key":"Fire Potion"},{"floor":14,"key":"DuplicationPotion"},{"floor":16,"key":"Fire Potion"},{"floor":27,"key":"AttackPotion"},{"floor":30,"key":"ColorlessPotion"},{"floor":35,"key":"Fire Potion"},{"floor":42,"key":"Energy Potion"},{"floor":44,"key":"Strength Potion"}],"is_trial":false,"path_per_floor":["M","?","M","$","M","R","E","M","T","R","M","T","E","M","R","B",null,"M","T","$","?","M","R","E","?","T","E","R","M","E","M","R","B",null,"M","$","?","M","?","E","M","E","T","M","R","$","E","M","R","B","B",null,"R","$","E","B"],"character_chosen":"THE_SILENT","items_purchased":["Membership Card","Noxious Fumes","Bird Faced Urn","Footwork","Orrery","Oddly Smooth Stone","Ancient Tea Set","Accuracy+1","Kunai","Caltrops+1","Caltrops+1","Backflip","Strength Potion"],"campfire_rested":2,"item_purchase_floors":[4,4,20,20,20,36,36,36,46,46,54,54,54],"current_hp_per_floor":[58,58,49,49,49,49,31,31,31,31,22,22,19,19,19,2,50,36,36,51,51,38,38,8,8,8,6,25,16,10,16,16,9,52,58,66,66,65,63,63,57,63,63,63,63,63,62,62,62,37,5,49,63,63,42,0,0],"gold":45,"neow_bonus":"HUNDRED_GOLD","is_daily":false,"chose_seed":false,"campfire_upgraded":6,"win_rate":0.0,"timestamp":1609687228,"path_taken":["M","?","M","$","M","R","E","M","T","R","?","?","E","M","R","BOSS","M","?","$","?","?","R","E","?","T","E","R","M","E","M","R","BOSS","M","$","?","M","?","E","M","E","T","M","R","?","E","M","R","BOSS","BOSS","R","$","E","BOSS"],"items_purchased_type":["Relic","Card","Relic","Card","Relic","Relic","Relic","Card","Relic","Card","Card","Card","Potion"],"build_version":"2020-12-22","purchased_purges":4,"victory":false,"max_hp_per_floor":[66,66,66,66,66,66,66,66,66,66,66,66,66,66,66,66,66,66,66,66,66,66,66,66,66,66,66,66,66,66,66,66,66,66,66,66,66,66,63,63,63,63,63,63,63,63,63,63,63,63,63,63,63,63,63,63,63],"relic_stats":{"counters":[30,174],"CeramicFish":117,"Blue Candle":[0],"Orichalcum":[348],"Boot":[49],"WarpedTongs":[170],"Lizard Tail":33,"Dream Catcher":1,"Tough Bandages":[54],"Shuriken":[62],"Bird Faced Urn":[155],"MealTicket":23,"Kunai":[29],"obtain_stats":[{"CeramicFish":27,"Blue Candle":42,"Oddly Smooth Stone":36,"Orichalcum":12,"Frozen Egg 2":24,"Ancient Tea Set":36,"Boot":40,"Akabeko":26,"WarpedTongs":2,"Lizard Tail":7,"Dream Catcher":30,"Tough Bandages":37,"Bottled Flame":55,"Shuriken":9,"Bird Faced Urn":20,"Orrery":20,"MealTicket":13,"Philosopher\u0027s Stone":17,"Bag of Marbles":47,"Membership Card":4,"Bottled Lightning":19,"Kunai":46,"Ring of the Snake":0,"Runic Pyramid":34},{"CeramicFish":13,"Blue Candle":23,"Oddly Smooth Stone":18,"Orichalcum":6,"Frozen Egg 2":12,"Ancient Tea Set":18,"Boot":21,"Akabeko":12,"WarpedTongs":1,"Lizard Tail":4,"Dream Catcher":15,"Tough Bandages":19,"Bottled Flame":29,"Shuriken":5,"Bird Faced Urn":10,"Orrery":10,"MealTicket":7,"Philosopher\u0027s Stone":9,"Bag of Marbles":25,"Membership Card":2,"Bottled Lightning":10,"Kunai":24,"Ring of the Snake":0,"Runic Pyramid":17},{"CeramicFish":65,"Blue Candle":120,"Oddly Smooth Stone":90,"Orichalcum":25,"Frozen Egg 2":60,"Ancient Tea Set":90,"Boot":109,"Akabeko":60,"WarpedTongs":4,"Lizard Tail":18,"Dream Catcher":74,"Tough Bandages":95,"Bottled Flame":172,"Shuriken":22,"Bird Faced Urn":51,"Orrery":51,"MealTicket":28,"Philosopher\u0027s Stone":44,"Bag of Marbles":133,"Membership Card":9,"Bottled Lightning":51,"Kunai":124,"Ring of the Snake":0,"Runic Pyramid":86}],"Ring of the Snake":[61]},"card_choices":[{"not_picked":["Quick Slash","Cloak And Dagger"],"picked":"Noxious Fumes","floor":1},{"not_picked":["Tactician","Reflex"],"picked":"Masterful Stab","floor":3},{"not_picked":["Slice","Backflip"],"picked":"Predator","floor":5},{"not_picked":["Choke","Eviscerate","Flechettes"],"picked":"SKIP","floor":7},{"not_picked":["Well Laid Plans","Outmaneuver"],"picked":"PiercingWail","floor":8},{"not_picked":["Caltrops","Backflip"],"picked":"Crippling Poison","floor":11},{"not_picked":["Prepared","Dagger Throw"],"picked":"Footwork","floor":13},{"not_picked":["PiercingWail","Setup"],"picked":"Backflip","floor":14},{"not_picked":["Glass Knife","After Image"],"picked":"Burst","floor":16},{"not_picked":["Noxious Fumes","Flying Knee+1"],"picked":"Backstab","floor":18},{"not_picked":["Poisoned Stab","Masterful Stab"],"picked":"Deadly Poison+1","floor":20},{"not_picked":["Calculated Gamble","Deadly Poison"],"picked":"Backstab","floor":20},{"not_picked":["Heel Hook","Flying Knee"],"picked":"Endless Agony+1","floor":20},{"not_picked":["Unload","Sucker Punch"],"picked":"Predator","floor":20},{"not_picked":["Prepared","Bane"],"picked":"Infinite Blades","floor":22},{"not_picked":["Finisher+1","Calculated Gamble"],"picked":"Wraith Form v2+1","floor":24},{"not_picked":["Blade Dance","Backflip"],"picked":"PiercingWail","floor":27},{"not_picked":["Flying Knee+1","Bane"],"picked":"PiercingWail","floor":29},{"not_picked":["Sucker Punch","Blur"],"picked":"Acrobatics","floor":30},{"not_picked":["Flechettes","Sucker Punch","Cloak And Dagger+1"],"picked":"SKIP","floor":31},{"not_picked":["Doppelganger","Storm of Steel"],"picked":"Adrenaline","floor":33},{"not_picked":["Acrobatics","Dagger Spray+1"],"picked":"Setup","floor":35},{"not_picked":["Deadly Poison","Dodge and Roll","Quick Slash"],"picked":"SKIP","floor":38},{"not_picked":["Outmaneuver+1","Reflex","Underhanded Strike"],"picked":"SKIP","floor":40},{"not_picked":["Prepared+1","Dodge and Roll","Flechettes"],"picked":"SKIP","floor":41},{"not_picked":["Choke+1","Flechettes"],"picked":"Infinite Blades+1","floor":42},{"not_picked":["Die Die Die","Outmaneuver"],"picked":"Footwork+1","floor":44},{"not_picked":["Deflect+1","Outmaneuver"],"picked":"Dodge and Roll","floor":47},{"not_picked":["Setup","Eviscerate","Dash"],"picked":"SKIP","floor":48},{"not_picked":["Predator","Finisher+1"],"picked":"Catalyst","floor":53},{"not_picked":["Dagger Spray","Prepared+1","Cloak And Dagger"],"picked":"SKIP","floor":55}],"player_experience":2928950,"relics_obtained":[{"floor":7,"key":"Lizard Tail"},{"floor":9,"key":"Shuriken"},{"floor":12,"key":"Orichalcum"},{"floor":13,"key":"MealTicket"},{"floor":19,"key":"Bottled Lightning"},{"floor":24,"key":"Frozen Egg 2"},{"floor":26,"key":"Akabeko"},{"floor":27,"key":"CeramicFish"},{"floor":30,"key":"Dream Catcher"},{"floor":37,"key":"Tough Bandages"},{"floor":40,"key":"Boot"},{"floor":42,"key":"Blue Candle"},{"floor":47,"key":"Bag of Marbles"},{"floor":55,"key":"Bottled Flame"}],"event_choices":[{"damage_healed":0,"gold_gain":0,"player_choice":"Rummage","damage_taken":0,"relics_obtained":["WarpedTongs"],"max_hp_gain":0,"max_hp_loss":0,"event_name":"Accursed Blacksmith","floor":2,"gold_loss":0,"cards_obtained":["Pain"]},{"damage_healed":0,"gold_gain":0,"player_choice":"Ignored","damage_taken":0,"max_hp_gain":0,"max_hp_loss":0,"event_name":"N\u0027loth","floor":21,"gold_loss":0},{"damage_healed":0,"gold_gain":0,"player_choice":"Ignored","damage_taken":0,"max_hp_gain":0,"max_hp_loss":0,"event_name":"Vampires","floor":25,"gold_loss":0},{"damage_healed":0,"gold_gain":0,"player_choice":"Fight","damage_taken":0,"max_hp_gain":0,"max_hp_loss":0,"event_name":"MindBloom","floor":37,"gold_loss":0},{"damage_healed":0,"gold_gain":0,"player_choice":"Max HP","damage_taken":0,"max_hp_gain":0,"max_hp_loss":3,"event_name":"Winding Halls","floor":39,"gold_loss":0}],"is_beta":false,"boss_relics":[{"not_picked":["WristBlade","Black Star"],"picked":"Philosopher\u0027s Stone"},{"not_picked":["Cursed Key","Runic Dome"],"picked":"Runic Pyramid"}],"items_purged_floors":[4,20,36,46],"is_endless":false,"potions_floor_spawned":[1,5,8,14,16,24,27,30,35,42,44,47,48],"killed_by":"The Heart","ascension_level":20}}