{"host":"3hmbl3ngp1w6m17c","time":1609693313,"event":{"mods":["ATMod(阿瑾Mod)","Arknights The Spire","BaseMod","Colored Powertips","Decade(王小明)","Dota2Spire","Downfall","KinomotoSakuraMod(木之本樱)","Lobotomy","LobotomyExtend","Mari Mod (Legacy)","Mari\u0027s V1 Patch","Marisa（F雨　魔理沙）","Minty Spire (QoL Compilation)","Replay The Spire","StSLib","The Cursed","The Hierophant","Waifu the Spire","Yakumo Yukari mod","Yuyuko","【遗物卡牌】REMEMod","残留之物"],"gold_per_floor":[362,379,379,379,379,398,363,363,392,392,392,392,392,409,420,449,449,545,545,562,562,44,62,62,62],"floor_reached":24,"playtime":1540,"items_purged":[],"score":204,"play_id":"765b0d13-8a2e-4116-9d72-9129da33e7fd","local_time":"20210104010153","is_ascension_mode":false,"campfire_choices":[{"floor":8,"key":"REST"},{"floor":10,"key":"REST"},{"data":"TheCursedMod:CursedMace","floor":12,"key":"SMITH"},{"floor":17,"key":"REST"}],"circlet_count":0,"master_deck":["TheCursedMod:Strike_TheCursed","TheCursedMod:Strike_TheCursed","TheCursedMod:Defend_TheCursed","TheCursedMod:Defend_TheCursed","TheCursedMod:Defend_TheCursed+1","TheCursedMod:Defend_TheCursed","TheCursedMod:CursedWand","TheCursedMod:CleanUpWorkshop","TheCursedMod:Dregs","TheCursedMod:LuckyCharm","TheCursedMod:Stigma+1","TheCursedMod:WearCloak","TheCursedMod:CursedMace+1","TheCursedMod:EmpowerCircles","TheCursedMod:CursedWand","TheCursedMod:AntiAging","TheCursedMod:AbyssShockwave","TheCursedMod:ManaCirculation","TheCursedMod:DemonicPact","TheCursedMod:RapidMovement","TheCursedMod:AshesToAshes","TheCursedMod:ParallelWorld","TheCursedMod:StingEye+1","TheCursedMod:ParallelWorld","TheCursedMod:ParallelWorld","REME_BodyOfCthun","TheCursedMod:HellfireBreathing+1"],"relics":["TheCursedMod:BlackMagic101","AT_ATBox","REME_ComplimentaryCards","LetterFromLob","Darkstone Periapt","Blue Doll","Boot","Black Star","AT_GoldPhoenixTree"],"acts_visited":["Exordium","TheCity"],"potions_floor_usage":[18,18,18],"damage_taken":[{"damage":0,"enemies":"Small Slimes","floor":1,"turns":4},{"damage":0,"enemies":"2 Louse","floor":2,"turns":2},{"damage":0,"enemies":"Cultist","floor":6,"turns":3},{"damage":29,"enemies":"Lagavulin","floor":9,"turns":7},{"damage":2,"enemies":"2 Fungi Beasts","floor":14,"turns":4},{"damage":7,"enemies":"Exordium Thugs","floor":15,"turns":4},{"damage":19,"enemies":"Replay:BlueRogue","floor":16,"turns":5},{"damage":13,"enemies":"Hexaghost","floor":18,"turns":11},{"damage":55,"enemies":"Spheric Guardian","floor":20,"turns":10},{"damage":7,"enemies":"Shell Parasite","floor":23,"turns":13},{"damage":22,"enemies":"Centurion and Healer","floor":24,"turns":7}],"seed_played":"125274941557217428","potions_obtained":[{"floor":1,"key":"Languid Potion"},{"floor":2,"key":"LifebloodPotion"},{"floor":14,"key":"Weak Potion"},{"floor":20,"key":"Elixir"}],"is_trial":false,"path_per_floor":["M","M","PTL","PTL","?","M","?","R","E","R","T","R","?","M","M","E","R","B",null,"M","?","$","M","M"],"character_chosen":"THE_CURSED","items_purchased":["AT_GoldPhoenixTree","TheCursedMod:StingEye+1","TheCursedMod:ParallelWorld","REME_BodyOfCthun"],"campfire_rested":3,"item_purchase_floors":[22,22,22,22],"current_hp_per_floor":[54,54,54,54,39,39,57,75,46,68,68,68,68,66,61,42,65,54,79,26,26,26,21,0,0],"gold":62,"neow_bonus":"TWO_FIFTY_GOLD","is_daily":false,"chose_seed":false,"campfire_upgraded":1,"win_rate":0.0,"timestamp":1609693313,"path_taken":["M","M","PTL","PTL","?","M","?","R","E","R","T","R","?","M","?","E","R","BOSS","M","?","$","M","M"],"items_purchased_type":["Relic","Card","Card","Card"],"build_version":"2020-12-22","purchased_purges":0,"victory":false,"max_hp_per_floor":[75,75,75,75,75,75,75,75,75,75,75,75,75,75,77,77,77,79,79,81,81,81,83,83,83],"card_choices":[{"not_picked":["TheCursedMod:Torture","TheCursedMod:RapidMovement"],"picked":"TheCursedMod:LuckyCharm","floor":1},{"not_picked":["TheCursedMod:TacticalStrike","TheCursedMod:RavingStaff"],"picked":"TheCursedMod:Stigma","floor":2},{"not_picked":["TheCursedMod:Torture","TheCursedMod:CursedMace"],"picked":"TheCursedMod:WearCloak","floor":6},{"not_picked":["TheCursedMod:CircleOfCorruption","TheCursedMod:ReleasedKnowledge"],"picked":"TheCursedMod:CursedMace","floor":9},{"not_picked":["TheCursedMod:CircleOfFocus","TheCursedMod:SoulCrush"],"picked":"TheCursedMod:AntiAging","floor":14},{"not_picked":["TheCursedMod:Stigma","TheCursedMod:CursedBoomerang"],"picked":"TheCursedMod:AbyssShockwave","floor":15},{"not_picked":["TheCursedMod:SpreadPlague","TheCursedMod:Stigma"],"picked":"TheCursedMod:ManaCirculation","floor":16},{"not_picked":["TheCursedMod:UltimatePain","TheCursedMod:StunningStrike"],"picked":"TheCursedMod:DemonicPact","floor":18},{"not_picked":["TheCursedMod:CursedMace","TheCursedMod:WearCloak+1"],"picked":"TheCursedMod:RapidMovement","floor":20},{"not_picked":["TheCursedMod:CursedMace","TheCursedMod:CursedShiv"],"picked":"TheCursedMod:HellfireBreathing+1","floor":23}],"player_experience":30431,"relics_obtained":[{"floor":1,"key":"LetterFromLob"},{"floor":9,"key":"Darkstone Periapt"},{"floor":11,"key":"Blue Doll"},{"floor":16,"key":"Boot"}],"event_choices":[{"damage_healed":0,"gold_gain":0,"player_choice":"Entered Light","damage_taken":15,"max_hp_gain":0,"max_hp_loss":0,"event_name":"Shining Light","floor":5,"gold_loss":0,"cards_upgraded":["TheCursedMod:Defend_TheCursed","TheCursedMod:Stigma"]},{"damage_healed":18,"gold_gain":0,"player_choice":"Healed","damage_taken":0,"max_hp_gain":0,"max_hp_loss":0,"event_name":"The Cleric","floor":7,"gold_loss":35},{"damage_healed":0,"gold_gain":0,"player_choice":"2 cards matched","damage_taken":0,"max_hp_gain":0,"max_hp_loss":0,"event_name":"Match and Keep!","floor":13,"gold_loss":0,"cards_obtained":["TheCursedMod:EmpowerCircles","TheCursedMod:CursedWand"]},{"damage_healed":0,"gold_gain":0,"cards_transformed":["TheCursedMod:Strike_TheCursed","TheCursedMod:Strike_TheCursed"],"player_choice":"Became Test Subject","damage_taken":0,"max_hp_gain":0,"max_hp_loss":0,"event_name":"Drug Dealer","floor":21,"gold_loss":0,"cards_obtained":["TheCursedMod:AshesToAshes","TheCursedMod:ParallelWorld"]}],"is_beta":false,"boss_relics":[{"not_picked":["Empty Cage","Replay:Bronze Core"],"picked":"Black Star"}],"items_purged_floors":[],"is_endless":false,"potions_floor_spawned":[1,2,14,20],"killed_by":"Centurion and Healer","ascension_level":0}}