{"host":"k4et7hlhlqy8fuoz","time":1609701178,"event":{"mods":["2.2 Compatiblity","AchievementEnabler","BaseMod","Colored Map","DeckTracker","Highlight Path","Minty Spire (QoL Compilation)","Random Character Button","Rare Cards Sparkle"],"gold_per_floor":[119,119,133,133,145,174,174,194,218,218,230,230,47,74,74,175,175,188,199,18,34,34,34,46,46,46,46,46,46,46,63,63,158,158,172,172,1171,1248,1248,1248,1260,1275,1301,1301,1301],"floor_reached":44,"playtime":2863,"items_purged":[],"score":466,"play_id":"0702f84f-2413-434e-a46d-c958fc8f9a0d","local_time":"20210103201258","is_ascension_mode":false,"campfire_choices":[{"floor":7,"key":"REST"},{"floor":10,"key":"REST"},{"data":"Hyperbeam","floor":12,"key":"SMITH"},{"floor":15,"key":"REST"},{"floor":23,"key":"REST"},{"data":"Enlightenment","floor":25,"key":"SMITH"},{"data":"1","floor":27,"key":"LIFT"},{"data":"Swift Strike","floor":29,"key":"SMITH"},{"floor":32,"key":"REST"},{"floor":40,"key":"REST"}],"circlet_count":0,"master_deck":["Strike_B","Strike_B","Strike_B","Strike_B","Defend_B","Defend_B","Defend_B","Zap","Dualcast","Double Energy+1","Meteor Strike","Static Discharge","Beam Cell","Hyperbeam+1","Steam","Coolheaded","Chill","Ball Lightning","Enlightenment+1","Leap","Meteor Strike","Sweeping Beam","Undo","Swift Strike+1","Doom and Gloom","Conserve Battery","Streamline","Writhe","Self Repair+1","Chill+1","Biased Cognition","Conserve Battery+1","Bandage Up","Normality","Normality","Stack+1","BootSequence+1"],"relics":["FrozenCore","WingedGreaves","MealTicket","Orichalcum","Boot","Bag of Preparation","Girya","Shuriken","White Beast Statue","Gremlin Horn","Bag of Marbles"],"acts_visited":["Exordium","TheCity","TheBeyond"],"potions_floor_usage":[16,33,33,33],"damage_taken":[{"damage":0,"enemies":"Cultist","floor":1,"turns":4},{"damage":6,"enemies":"Jaw Worm","floor":3,"turns":3},{"damage":1,"enemies":"2 Louse","floor":5,"turns":2},{"damage":21,"enemies":"Lagavulin","floor":6,"turns":7},{"damage":5,"enemies":"Looter","floor":8,"turns":2},{"damage":18,"enemies":"Large Slime","floor":11,"turns":7},{"damage":28,"enemies":"Gremlin Nob","floor":14,"turns":4},{"damage":27,"enemies":"The Guardian","floor":16,"turns":11},{"damage":23,"enemies":"Shell Parasite","floor":18,"turns":5},{"damage":4,"enemies":"Chosen","floor":19,"turns":3},{"damage":18,"enemies":"Centurion and Healer","floor":21,"turns":6},{"damage":0,"enemies":"Snecko","floor":24,"turns":3},{"damage":50,"enemies":"Sentry and Sphere","floor":31,"turns":8},{"damage":52,"enemies":"Champ","floor":33,"turns":12},{"damage":19,"enemies":"3 Shapes","floor":35,"turns":3},{"damage":53,"enemies":"3 Darklings","floor":41,"turns":9},{"damage":71,"enemies":"Spire Growth","floor":42,"turns":8},{"damage":29,"enemies":"Writhing Mass","floor":44,"turns":3}],"seed_played":"-902166824427366518","potions_obtained":[{"floor":1,"key":"Dexterity Potion"},{"floor":5,"key":"BlessingOfTheForge"},{"floor":14,"key":"AttackPotion"},{"floor":16,"key":"PowerPotion"},{"floor":18,"key":"Regen Potion"},{"floor":41,"key":"FairyPotion"},{"floor":42,"key":"DuplicationPotion"}],"is_trial":false,"path_per_floor":["M","?","M","?","M","E","R","M","T","R","M","R","$","E","R","B",null,"M","M","$","M","?","R","M","R","T","R","$","R","T","M","R","B",null,"M","?","?","T","T","R","M","M","T","M"],"character_chosen":"DEFECT","items_purchased":["Chill","Ball Lightning","Enlightenment","Swift Strike","Doom and Gloom","Conserve Battery"],"campfire_rested":6,"item_purchase_floors":[13,13,13,20,20,20],"current_hp_per_floor":[54,54,48,48,47,26,48,43,43,65,47,47,62,34,56,29,75,52,48,63,45,45,67,67,67,67,67,75,75,75,35,57,30,75,56,56,56,56,56,75,36,17,17,0,0],"gold":1301,"neow_bonus":"ONE_RARE_RELIC","is_daily":false,"chose_seed":false,"campfire_upgraded":3,"win_rate":0.0,"timestamp":1609701178,"path_taken":["M","?","?","?","?","E","R","M","T","R","M","R","$","E","R","BOSS","M","?","$","M","?","R","M","R","T","R","$","R","?","M","R","BOSS","M","?","?","?","?","R","M","M","T","M"],"items_purchased_type":["Card","Card","Card","Card","Card","Card"],"build_version":"2020-12-22","purchased_purges":0,"victory":false,"max_hp_per_floor":[75,75,75,75,75,75,75,75,75,75,75,75,75,75,75,75,75,75,75,75,75,75,75,75,75,75,75,75,75,75,75,75,75,75,75,75,75,75,75,75,75,75,75,75,75],"card_choices":[{"not_picked":["Compile Driver","Streamline"],"picked":"Double Energy","floor":1},{"not_picked":["Genetic Algorithm","Melter"],"picked":"Static Discharge","floor":3},{"not_picked":["Ball Lightning","Compile Driver"],"picked":"Beam Cell","floor":5},{"not_picked":["Leap","Scrape"],"picked":"Hyperbeam","floor":6},{"not_picked":["Storm","Turbo"],"picked":"Steam","floor":8},{"not_picked":["Double Energy","Multi-Cast"],"picked":"Coolheaded","floor":11},{"not_picked":["Steam","Rebound"],"picked":"Leap","floor":14},{"not_picked":["Buffer","Machine Learning"],"picked":"Meteor Strike","floor":16},{"not_picked":["Ball Lightning","Conserve Battery"],"picked":"Sweeping Beam","floor":18},{"not_picked":["Rebound","Ball Lightning"],"picked":"Undo","floor":19},{"not_picked":["Heatsinks","Static Discharge"],"picked":"Streamline","floor":21},{"not_picked":["Coolheaded","Ball Lightning"],"picked":"Self Repair+1","floor":24},{"not_picked":["Steam","Scrape"],"picked":"Chill+1","floor":31},{"not_picked":["Seek","Thunder Strike"],"picked":"Biased Cognition","floor":33},{"not_picked":["Hologram","Blizzard"],"picked":"Conserve Battery+1","floor":35},{"not_picked":["Deep Breath","Sadistic Nature"],"picked":"Bandage Up","floor":36},{"not_picked":["Cold Snap+1","Rebound"],"picked":"Stack+1","floor":41},{"not_picked":["Conserve Battery+1","Defragment"],"picked":"BootSequence+1","floor":42}],"player_experience":53311,"relics_obtained":[{"floor":6,"key":"MealTicket"},{"floor":9,"key":"Orichalcum"},{"floor":14,"key":"Boot"},{"floor":26,"key":"Girya"},{"floor":30,"key":"Shuriken"},{"floor":38,"key":"White Beast Statue"},{"floor":39,"key":"Gremlin Horn"},{"floor":43,"key":"Bag of Marbles"}],"event_choices":[{"damage_healed":0,"gold_gain":0,"cards_transformed":["Defend_B"],"player_choice":"Transformed","damage_taken":0,"max_hp_gain":0,"max_hp_loss":0,"event_name":"Transmorgrifier","floor":2,"gold_loss":0,"cards_obtained":["Meteor Strike"]},{"damage_healed":0,"gold_gain":0,"player_choice":"Forge","damage_taken":0,"max_hp_gain":0,"max_hp_loss":0,"event_name":"Accursed Blacksmith","floor":4,"gold_loss":0,"cards_upgraded":["Double Energy"]},{"damage_healed":0,"gold_gain":0,"player_choice":"Opened","damage_taken":0,"relics_obtained":["Bag of Preparation"],"max_hp_gain":0,"max_hp_loss":0,"event_name":"The Mausoleum","floor":22,"gold_loss":0,"cards_obtained":["Writhe"]},{"damage_healed":0,"gold_gain":0,"player_choice":"Memory 1","damage_taken":0,"max_hp_gain":0,"max_hp_loss":0,"event_name":"SensoryStone","floor":36,"gold_loss":0},{"damage_healed":0,"gold_gain":999,"player_choice":"Gold","damage_taken":0,"max_hp_gain":0,"max_hp_loss":0,"event_name":"MindBloom","floor":37,"gold_loss":0,"cards_obtained":["Normality","Normality"]}],"is_beta":false,"boss_relics":[{"not_picked":["Coffee Dripper","Runic Pyramid","Snecko Eye"]},{"not_picked":["Sozu","SlaversCollar"],"picked":"FrozenCore"}],"items_purged_floors":[],"is_endless":false,"potions_floor_spawned":[1,5,14,16,18,19,31,41,42],"killed_by":"Writhing Mass","ascension_level":0}}