{"host":"ayh4nqhr0ddw4ozv","time":1609638255,"event":{"mods":["BaseMod","Minty Spire (QoL Compilation)","Relic Stats","Robot Space Explorer","StSLib"],"gold_per_floor":[112,132,143,143,68,97,97,117,140,140,140,170,180,190,190,265,265,284,199,218,143,143,143,143],"floor_reached":23,"playtime":1088,"items_purged":["Pain"],"score":407,"play_id":"acdbccaf-668d-49ce-8bd2-742d8d2714e4","local_time":"20210102174415","is_ascension_mode":true,"campfire_choices":[{"data":"RobotSpaceExplorer:LaserBurst","floor":7.0,"key":"SMITH"},{"floor":11.0,"key":"REST"},{"floor":15.0,"key":"REST"}],"circlet_count":0,"master_deck":["AscendersBane","RobotSpaceExplorer:Strike","RobotSpaceExplorer:Strike","RobotSpaceExplorer:Strike","RobotSpaceExplorer:Defend","RobotSpaceExplorer:Defend","RobotSpaceExplorer:Scan","RobotSpaceExplorer:MiniLasers","RobotSpaceExplorer:ShovelStrike+1","RobotSpaceExplorer:PlasmaMissile","RobotSpaceExplorer:IronShell","RobotSpaceExplorer:LaserBurst+1","RobotSpaceExplorer:Autoloader"],"relics":["Empty Cage","Vajra","Bag of Marbles","WarpedTongs","Art of War","Snecko Eye","CaptainsWheel","SsserpentHead"],"acts_visited":["Exordium","TheCity"],"potions_floor_usage":[23],"damage_taken":[{"damage":0.0,"enemies":"Small Slimes","floor":1.0,"turns":6.0},{"damage":5.0,"enemies":"2 Louse","floor":2.0,"turns":3.0},{"damage":1.0,"enemies":"Cultist","floor":3.0,"turns":3.0},{"damage":30.0,"enemies":"3 Sentries","floor":6.0,"turns":9.0},{"damage":6.0,"enemies":"Looter","floor":8.0,"turns":3.0},{"damage":6.0,"enemies":"Gremlin Nob","floor":12.0,"turns":2.0},{"damage":2.0,"enemies":"2 Fungi Beasts","floor":13.0,"turns":2.0},{"damage":9.0,"enemies":"Red Slaver","floor":14.0,"turns":2.0},{"damage":41,"enemies":"The Guardian","floor":16,"turns":15},{"damage":7,"enemies":"3 Byrds","floor":18,"turns":3},{"damage":6,"enemies":"Spheric Guardian","floor":20,"turns":3},{"damage":43,"enemies":"Book of Stabbing","floor":23,"turns":6}],"seed_played":"8367992459836778528","potions_obtained":[{"floor":1.0,"key":"DuplicationPotion"},{"floor":2.0,"key":"Dexterity Potion"},{"floor":6.0,"key":"AttackPotion"},{"floor":12.0,"key":"BlessingOfTheForge"},{"floor":18,"key":"EssenceOfSteel"}],"is_trial":false,"path_per_floor":["M","M","M","?","?","E","R","M","T","?","R","E","M","M","R","B",null,"M","?","M","$","?","E"],"character_chosen":"RobotSpaceExplorer","items_purchased":[],"campfire_rested":2,"item_purchase_floors":[],"current_hp_per_floor":[64,59,58,58,58,28,28,22,22,22,43,37,35,26,47,6,55,48,48,42,42,42,0,0],"gold":143,"neow_bonus":"BOSS_RELIC","is_daily":false,"chose_seed":false,"campfire_upgraded":1,"win_rate":0.0,"timestamp":1609638255,"path_taken":["M","M","M","?","?","E","R","M","T","?","R","E","M","?","R","BOSS","M","?","M","$","?","E"],"items_purchased_type":[],"build_version":"2020-12-22","purchased_purges":1,"victory":false,"max_hp_per_floor":[71,71,71,71,71,71,71,71,71,71,71,71,71,71,71,71,71,71,71,71,71,71,71,71],"relic_stats":{"SsserpentHead":0,"counters":[12,57],"Snecko Eye":[13,18,20,21],"Art of War":[3],"obtain_stats":[{"SsserpentHead":22,"CaptainsWheel":19,"Vajra":6,"Snecko Eye":17,"RobotSpaceExplorer:RoboCore":0,"Bag of Marbles":9,"Art of War":12,"Empty Cage":0,"WarpedTongs":10},{"SsserpentHead":11,"CaptainsWheel":10,"Vajra":4,"Snecko Eye":9,"RobotSpaceExplorer:RoboCore":0,"Bag of Marbles":5,"Art of War":6,"Empty Cage":0,"WarpedTongs":5},{"SsserpentHead":51,"CaptainsWheel":48,"Vajra":21,"Snecko Eye":45,"RobotSpaceExplorer:RoboCore":0,"Bag of Marbles":24,"Art of War":26,"Empty Cage":0,"WarpedTongs":24}],"WarpedTongs":[26]},"card_choices":[{"not_picked":["RobotSpaceExplorer:LaserBurst","RobotSpaceExplorer:StarDust"],"picked":"RobotSpaceExplorer:ShovelStrike","floor":1.0},{"not_picked":["RobotSpaceExplorer:ShovelStrike","RobotSpaceExplorer:FrostMissile"],"picked":"RobotSpaceExplorer:PlasmaMissile","floor":2.0},{"not_picked":["RobotSpaceExplorer:ShockKick","RobotSpaceExplorer:Calculate"],"picked":"RobotSpaceExplorer:IronShell","floor":3.0},{"not_picked":["RobotSpaceExplorer:Blitz","RobotSpaceExplorer:DoubleFind"],"picked":"RobotSpaceExplorer:LaserBurst","floor":6.0},{"not_picked":["RobotSpaceExplorer:ScrapMissile","RobotSpaceExplorer:Electropulse","RobotSpaceExplorer:ImprovisedAttack"],"picked":"SKIP","floor":8.0},{"not_picked":["RobotSpaceExplorer:HighVoltage","RobotSpaceExplorer:SurgingStrike","RobotSpaceExplorer:StarDust"],"picked":"SKIP","floor":12.0},{"not_picked":["RobotSpaceExplorer:GlueShot","RobotSpaceExplorer:Smokescreen","RobotSpaceExplorer:IronShell"],"picked":"SKIP","floor":13.0},{"not_picked":["RobotSpaceExplorer:StunGrenade","RobotSpaceExplorer:Counterblock","RobotSpaceExplorer:SurgingStrike"],"picked":"SKIP","floor":14.0},{"not_picked":["RobotSpaceExplorer:TrailblazerForm","RobotSpaceExplorer:HighVoltage"],"picked":"RobotSpaceExplorer:Autoloader","floor":16},{"not_picked":["RobotSpaceExplorer:ExhaustFan+1","RobotSpaceExplorer:SwiftStep","RobotSpaceExplorer:MiniDrones"],"picked":"SKIP","floor":18},{"not_picked":["RobotSpaceExplorer:FrostMissile","RobotSpaceExplorer:ShovelStrike","RobotSpaceExplorer:Calculate"],"picked":"SKIP","floor":20}],"player_experience":278495,"relics_obtained":[{"floor":6.0,"key":"Vajra"},{"floor":9.0,"key":"Bag of Marbles"},{"floor":12.0,"key":"Art of War"}],"event_choices":[{"damage_healed":0.0,"max_hp_gain":0.0,"max_hp_loss":0.0,"gold_gain":0.0,"event_name":"Living Wall","player_choice":"Grow","floor":4.0,"gold_loss":0.0,"damage_taken":0.0,"cards_upgraded":["RobotSpaceExplorer:ShovelStrike"]},{"cards_removed":["RobotSpaceExplorer:Defend"],"damage_healed":0.0,"max_hp_gain":0.0,"max_hp_loss":0.0,"gold_gain":0.0,"event_name":"The Cleric","player_choice":"Card Removal","floor":5.0,"gold_loss":75.0,"damage_taken":0.0},{"damage_healed":0.0,"max_hp_gain":0.0,"max_hp_loss":0.0,"gold_gain":0.0,"event_name":"Accursed Blacksmith","player_choice":"Rummage","floor":10.0,"gold_loss":0.0,"damage_taken":0.0,"relics_obtained":["WarpedTongs"],"cards_obtained":["Pain"]},{"damage_healed":0,"gold_gain":0,"player_choice":"Obtained Relic","damage_taken":0,"relics_obtained":["CaptainsWheel"],"max_hp_gain":0,"max_hp_loss":0,"event_name":"Addict","floor":19,"gold_loss":85},{"damage_healed":0,"gold_gain":0,"player_choice":"Trade","damage_taken":0,"relics_obtained":["SsserpentHead"],"max_hp_gain":0,"max_hp_loss":0,"event_name":"FaceTrader","floor":22,"gold_loss":0}],"is_beta":false,"boss_relics":[{"not_picked":["SacredBark","Velvet Choker"],"picked":"Snecko Eye"}],"items_purged_floors":[21],"is_endless":false,"potions_floor_spawned":[1,2,6,12,18],"killed_by":"Book of Stabbing","ascension_level":16}}