{"host":"q5rfnziosjf1jfix","time":1609636877,"event":{"mods":["AchievementEnabler","BaseMod","Infinite Spire","Minty Spire (QoL Compilation)","StSLib"],"gold_per_floor":[20,20,20,33,53,84,101,101,126,126,28,28,44,44,44,147,147,159,178,158,177,193,193,206,206,206,206,216,246,266,11,11,116,116,135,154,154,154,168,168,200,200,200,56,66,66,77,127,127,127,127],"floor_reached":50,"playtime":6973,"items_purged":["Strike_G","Strike_G"],"score":544,"play_id":"29ced0df-1709-4ae7-b14a-1f536d7c81ed","local_time":"20210103032117","is_ascension_mode":false,"campfire_choices":[{"data":"infinitespire:Collect","floor":8,"key":"SMITH"},{"floor":10,"key":"REST"},{"data":"Night Terror","floor":15,"key":"SMITH"},{"data":"Envenom","floor":23,"key":"SMITH"},{"data":"Noxious Fumes","floor":27,"key":"SMITH"},{"floor":32,"key":"REST"},{"floor":40,"key":"REST"},{"floor":42,"key":"REST"},{"floor":49,"key":"REST"}],"circlet_count":0,"master_deck":["Defend_G","Defend_G","Defend_G","Defend_G","Survivor","Neutralize","Dagger Spray","infinitespire:Collect+1","Dagger Spray+1","Backstab","Night Terror+1","Sucker Punch+1","Sucker Punch","Dramatic Entrance","Slice","Envenom+1","Outmaneuver","Deadly Poison+1","Deadly Poison","Noxious Fumes+1","Dagger Spray","Terror","Calculated Gamble","Outmaneuver","Flying Knee+1","Bullet Time","Choke+1","Dagger Spray+1","Expertise+1","Prepared+1","Blade Dance","Tactician+1","Noxious Fumes","Deflect+1"],"relics":["Ring of the Snake","Whetstone","infinitespire:Satchel","Blood Vial","Unceasing Top","Philosopher\u0027s Stone","TungstenRod","PreservedInsect","Dream Catcher","Busted Crown","Potion Belt","Torii","The Specimen","Lantern","Peace Pipe"],"acts_visited":["Exordium","TheCity","TheBeyond"],"potions_floor_usage":[16,16,24,28,28,29,33,39,47,47,50,50],"damage_taken":[{"damage":0,"enemies":"Small Slimes","floor":1,"turns":6},{"damage":0,"enemies":"Jaw Worm","floor":4,"turns":3},{"damage":0,"enemies":"2 Louse","floor":5,"turns":2},{"damage":14,"enemies":"3 Sentries","floor":6,"turns":8},{"damage":0,"enemies":"Looter","floor":7,"turns":3},{"damage":0,"enemies":"3 Louse","floor":13,"turns":1},{"damage":20,"enemies":"Hexaghost","floor":16,"turns":11},{"damage":0,"enemies":"3 Byrds","floor":18,"turns":3},{"damage":0,"enemies":"Spheric Guardian","floor":19,"turns":3},{"damage":17,"enemies":"Snake Plant","floor":21,"turns":4},{"damage":0,"enemies":"3 Cultists","floor":22,"turns":2},{"damage":12,"enemies":"Sentry and Sphere","floor":24,"turns":6},{"damage":10,"enemies":"Snecko","floor":28,"turns":5},{"damage":0,"enemies":"Nightmare","floor":29,"turns":2},{"damage":16,"enemies":"Centurion and Healer","floor":30,"turns":4},{"damage":16,"enemies":"Automaton","floor":33,"turns":8},{"damage":4,"enemies":"3 Shapes","floor":35,"turns":2},{"damage":38,"enemies":"3 Darklings","floor":36,"turns":3},{"damage":2,"enemies":"Jaw Worm Horde","floor":39,"turns":2},{"damage":13,"enemies":"Reptomancer","floor":41,"turns":4},{"damage":10,"enemies":"Sphere and 2 Shapes","floor":45,"turns":3},{"damage":9,"enemies":"Transient","floor":47,"turns":5},{"damage":2,"enemies":"Mind Bloom Boss Battle","floor":48,"turns":7},{"damage":88,"enemies":"Donu and Deca","floor":50,"turns":6}],"seed_played":"-4616906449369352750","potions_obtained":[{"floor":4,"key":"Swift Potion"},{"floor":13,"key":"DuplicationPotion"},{"floor":19,"key":"Explosive Potion"},{"floor":20,"key":"SneckoOil"},{"floor":22,"key":"Energy Potion"},{"floor":28,"key":"infinitespire:BlackPotion"},{"floor":29,"key":"GhostInAJar"},{"floor":33,"key":"CunningPotion"},{"floor":36,"key":"LiquidBronze"},{"floor":41,"key":"ColorlessPotion"},{"floor":45,"key":"GamblersBrew"},{"floor":47,"key":"PowerPotion"}],"is_trial":false,"path_per_floor":["M","?","?","M","M","E","M","R","T","R","$","?","M","T","R","B",null,"M","M","?","M","M","R","M","?","T","R","M","NM","M","$","R","B",null,"M","M","AVR","?","M","R","E","R","T","$","M","?","M","?","R","B"],"character_chosen":"THE_SILENT","items_purchased":["Dramatic Entrance","Dream Catcher","Outmaneuver","Lantern"],"campfire_rested":5,"item_purchase_floors":[11,31,31,44],"current_hp_per_floor":[70,53,53,53,53,39,39,39,39,60,60,57,59,59,59,41,70,70,70,70,53,55,55,45,45,45,45,37,39,25,25,46,32,70,66,30,30,30,30,51,40,61,61,61,53,70,61,61,70,0,0],"gold":127,"neow_bonus":"REMOVE_TWO","is_daily":false,"chose_seed":false,"campfire_upgraded":4,"win_rate":0.0,"timestamp":1609636877,"path_taken":["M","?","?","M","M","E","M","R","T","R","?","?","M","?","R","BOSS","M","M","?","?","M","R","M","?","T","R","M","NM","M","$","R","BOSS","M","M","AVR","?","M","R","E","R","T","$","M","?","?","?","R","BOSS"],"items_purchased_type":["Card","Relic","Card","Relic"],"build_version":"2020-12-22","purchased_purges":2,"victory":false,"max_hp_per_floor":[70,70,70,70,70,70,70,70,70,70,70,70,70,70,70,70,70,70,70,70,70,70,70,70,70,70,70,70,70,70,70,70,70,70,70,70,70,70,70,70,70,70,70,70,70,70,70,70,70,70,70],"card_choices":[{"not_picked":["Acrobatics","Dagger Throw"],"picked":"Dagger Spray","floor":1},{"not_picked":["infinitespire:Punishment","infinitespire:DeathsTouch"],"picked":"infinitespire:Collect","floor":2},{"not_picked":["Flechettes","Leg Sweep"],"picked":"Backstab","floor":4},{"not_picked":["Blade Dance","Backflip"],"picked":"Night Terror","floor":5},{"not_picked":["Heel Hook","Malaise"],"picked":"Sucker Punch","floor":6},{"not_picked":["Acrobatics","Heel Hook"],"picked":"Sucker Punch","floor":7},{"not_picked":["Backflip","Dagger Throw"],"picked":"Slice","floor":13},{"not_picked":["Tools of the Trade","Die Die Die"],"picked":"Envenom","floor":16},{"not_picked":["Well Laid Plans","Flying Knee"],"picked":"Outmaneuver","floor":18},{"not_picked":["Quick Slash","Finisher+1"],"picked":"Deadly Poison+1","floor":19},{"not_picked":["Backflip","Sucker Punch+1","Reflex+1"],"picked":"SKIP","floor":21},{"not_picked":["Poisoned Stab","Outmaneuver"],"picked":"Tactician","floor":22},{"not_picked":["Acrobatics+1","Finisher"],"picked":"Deadly Poison","floor":24},{"not_picked":["Flying Knee","Poisoned Stab"],"picked":"Dagger Spray","floor":28},{"not_picked":["Well Laid Plans+1","Night Terror"],"picked":"Terror","floor":29},{"not_picked":["Poisoned Stab","Dagger Spray+1"],"picked":"Calculated Gamble","floor":30},{"not_picked":["Quick Slash","Predator"],"picked":"Flying Knee+1","floor":32},{"not_picked":["Unload","Die Die Die"],"picked":"Bullet Time","floor":33},{"not_picked":["Deadly Poison"],"picked":"SKIP","floor":35},{"not_picked":[],"picked":"Choke+1","floor":36},{"not_picked":[],"picked":"Dagger Spray+1","floor":39},{"not_picked":[],"picked":"Expertise+1","floor":40},{"not_picked":[],"picked":"Prepared+1","floor":41},{"not_picked":[],"picked":"Blade Dance","floor":42},{"not_picked":[],"picked":"Tactician+1","floor":45},{"not_picked":["Calculated Gamble"],"picked":"SKIP","floor":47},{"not_picked":["Calculated Gamble"],"picked":"SKIP","floor":47},{"not_picked":[],"picked":"Noxious Fumes","floor":48},{"not_picked":[],"picked":"Deflect+1","floor":49}],"player_experience":15948,"relics_obtained":[{"floor":6,"key":"Whetstone"},{"floor":9,"key":"infinitespire:Satchel"},{"floor":14,"key":"Unceasing Top"},{"floor":26,"key":"TungstenRod"},{"floor":29,"key":"PreservedInsect"},{"floor":41,"key":"Torii"},{"floor":43,"key":"The Specimen"},{"floor":48,"key":"Peace Pipe"}],"event_choices":[{"damage_healed":0,"gold_gain":0,"cards_transformed":["Strike_G"],"player_choice":"Change","damage_taken":0,"max_hp_gain":0,"max_hp_loss":0,"event_name":"Living Wall","floor":3,"gold_loss":0,"cards_obtained":["Dagger Spray"]},{"damage_healed":0,"gold_gain":0,"player_choice":"Success","damage_taken":3,"relics_obtained":["Blood Vial"],"max_hp_gain":0,"max_hp_loss":0,"event_name":"Scrap Ooze","floor":12,"gold_loss":0},{"damage_healed":0,"gold_gain":0,"player_choice":"Bought 1 Potion","damage_taken":0,"max_hp_gain":0,"max_hp_loss":0,"event_name":"The Woman in Blue","floor":20,"gold_loss":0},{"damage_healed":0,"gold_gain":0,"player_choice":"Read","damage_taken":0,"max_hp_gain":0,"max_hp_loss":0,"event_name":"The Library","floor":25,"gold_loss":0,"cards_obtained":["Noxious Fumes"]},{"cards_removed":["Defend_G"],"damage_healed":0,"gold_gain":0,"player_choice":"Removed Skill","damage_taken":0,"max_hp_gain":0,"max_hp_loss":0,"event_name":"Falling","floor":38,"gold_loss":0},{"cards_removed":["Tactician"],"damage_healed":17,"gold_gain":0,"player_choice":"Offered Uncommon","damage_taken":0,"max_hp_gain":0,"max_hp_loss":0,"event_name":"Bonfire Elementals","floor":46,"gold_loss":0},{"damage_healed":0,"gold_gain":0,"player_choice":"Fight","damage_taken":0,"max_hp_gain":0,"max_hp_loss":0,"event_name":"MindBloom","floor":48,"gold_loss":0}],"is_beta":false,"boss_relics":[{"not_picked":["SlaversCollar","WristBlade"],"picked":"Philosopher\u0027s Stone"},{"not_picked":["Runic Dome","Coffee Dripper"],"picked":"Busted Crown"}],"items_purged_floors":[31,37],"is_endless":true,"potions_floor_spawned":[4,13,19,22,28,29,33,36,41,45,47],"killed_by":"Donu and Deca","ascension_level":0}}