{"host":"7c402rm0fqc13zvz","time":1609671069,"event":{"mods":["BaseMod","Hermit","Minty Spire (QoL Compilation)","StSLib","[功能]功能增强和修复MOD"],"gold_per_floor":[118,136,4,16,32,32,47,75,126,138,203,233,248,423,423,525,525,539,539,466,484,502,502,515,515,540,568,588,601,550,583,583,682,682,692,583,593,593,593,593,613,613,613,613,663,0,0,16,16,16],"floor_reached":51,"playtime":4720,"items_purged":["hermit:Defend_Hermit","hermit:Defend_Hermit","hermit:Defend_Hermit","hermit:Defend_Hermit","hermit:Strike_Hermit","hermit:Strike_Hermit","hermit:Strike_Hermit","hermit:Strike_Hermit","Clumsy","hermit:Glare"],"score":724,"play_id":"191cad74-749e-4a01-a9a5-dd4008048b42","local_time":"20210103185109","is_ascension_mode":false,"campfire_choices":[{"data":"hermit:Covet","floor":6,"key":"SMITH"},{"data":"hermit:Vantage","floor":15,"key":"SMITH"},{"data":"Trip","floor":23,"key":"SMITH"},{"data":"hermit:Reprieve","floor":25,"key":"SMITH"},{"data":"hermit:Snipe","floor":32,"key":"SMITH"},{"data":"hermit:Determination","floor":40,"key":"SMITH"},{"data":"hermit:EyeOfTheStorm","floor":42,"key":"SMITH"},{"data":"hermit:LuckOfTheDraw","floor":44,"key":"SMITH"},{"data":"hermit:Magnum","floor":49,"key":"SMITH"}],"circlet_count":0,"master_deck":["hermit:Snapshot","hermit:Covet+1","hermit:Dive","hermit:TrackingShot","hermit:Vantage+1","hermit:Cheat","hermit:Ricochet","hermit:Reprieve+1","hermit:Enervate","hermit:Magnum+1","hermit:GoldenBullet+1","hermit:CursedWeapon+1","hermit:BodyArmor+1","Trip+1","hermit:Enervate","hermit:EyeOfTheStorm+1","hermit:Snipe+1","hermit:Determination+1","hermit:Horror","hermit:Gambit","hermit:LuckOfTheDraw+1","hermit:Quickdraw+1","hermit:SprayPray+1"],"relics":["hermit:Momento","NeowsBlessing","Vajra","Bag of Preparation","Regal Pillow","Oddly Smooth Stone","Matryoshka","Lantern","Astrolabe","MutagenicStrength","Omamori","Blood Vial","hermit:RyeStalk","MealTicket","Frozen Eye","InkBottle","SacredBark","hermit:Horseshoe","Orichalcum","Chemical X","Nunchaku","Bottled Tornado","Darkstone Periapt","Unceasing Top","Red Mask"],"acts_visited":["Exordium","TheCity","TheBeyond"],"potions_floor_usage":[8,8,11,16,16,28,50,50,50],"damage_taken":[{"damage":0.0,"enemies":"Jaw Worm","floor":1.0,"turns":1.0},{"damage":0.0,"enemies":"2 Louse","floor":2.0,"turns":1.0},{"damage":0,"enemies":"Small Slimes","floor":4,"turns":1},{"damage":2,"enemies":"2 Fungi Beasts","floor":5,"turns":2},{"damage":0,"enemies":"Exordium Wildlife","floor":7,"turns":3},{"damage":1,"enemies":"3 Sentries","floor":8,"turns":4},{"damage":5,"enemies":"Exordium Thugs","floor":10,"turns":4},{"damage":6,"enemies":"Lagavulin Event","floor":11,"turns":4},{"damage":0,"enemies":"Gremlin Nob","floor":12,"turns":2},{"damage":0,"enemies":"Large Slime","floor":13,"turns":2},{"damage":39,"enemies":"Slime Boss","floor":16,"turns":10},{"damage":12,"enemies":"2 Thieves","floor":18,"turns":3},{"damage":5,"enemies":"Chosen","floor":21,"turns":5},{"damage":12,"enemies":"Centurion and Healer","floor":22,"turns":3},{"damage":2,"enemies":"Cultist and Chosen","floor":24,"turns":2},{"damage":3,"enemies":"Book of Stabbing","floor":27,"turns":2},{"damage":4,"enemies":"3 Cultists","floor":28,"turns":4},{"damage":2,"enemies":"Snake Plant","floor":29,"turns":1},{"damage":11,"enemies":"Gremlin Leader","floor":31,"turns":2},{"damage":81,"enemies":"Automaton","floor":33,"turns":7},{"damage":5,"enemies":"3 Shapes","floor":35,"turns":2},{"damage":3,"enemies":"Orb Walker","floor":37,"turns":2},{"damage":2,"enemies":"Transient","floor":41,"turns":5},{"damage":26,"enemies":"Mind Bloom Boss Battle","floor":45,"turns":3},{"damage":2,"enemies":"Writhing Mass","floor":48,"turns":2},{"damage":19,"enemies":"Donu and Deca","floor":50,"turns":4}],"seed_played":"-5354033645555477643","potions_obtained":[{"floor":1.0,"key":"Energy Potion"},{"floor":2.0,"key":"FairyPotion"},{"floor":7,"key":"DistilledChaos"},{"floor":8,"key":"Block Potion"},{"floor":11,"key":"SteroidPotion"},{"floor":12,"key":"FearPotion"},{"floor":16,"key":"DistilledChaos"},{"floor":16,"key":"Block Potion"},{"floor":28,"key":"Fruit Juice"},{"floor":29,"key":"hermit:Eclipse"},{"floor":37,"key":"Regen Potion"}],"is_trial":false,"path_per_floor":["M","M","$","M","M","R","M","E","T","M","?","E","M","?","R","B",null,"M","?","$","M","M","R","M","R","T","E","M","M","$","E","R","B",null,"M","$","M","?","T","R","M","R","T","R","?","?","?","M","R","B",null],"character_chosen":"HERMIT","items_purchased":["hermit:TrackingShot","hermit:Vantage","Vajra","Bag of Preparation","hermit:Cheat","Trip","Omamori","hermit:Enervate","Frozen Eye","hermit:Snipe","hermit:Determination","hermit:Horseshoe","Orichalcum","Chemical X"],"campfire_rested":0,"item_purchase_floors":[3,3,3,3,3,20,20,20,30,30,30,36,36,36],"current_hp_per_floor":[75,75,75,75,73,73,73,72,72,67,61,69,69,69,69,36,75,67,67,67,62,50,50,56,56,56,59,62,66,80,69,69,24,80,75,80,77,80,80,80,78,78,78,78,54,54,54,54,54,71],"gold":16,"neow_bonus":"THREE_ENEMY_KILL","is_daily":false,"chose_seed":false,"campfire_upgraded":9,"win_rate":0.0,"timestamp":1609671069,"path_taken":["M","M","$","M","M","R","M","E","T","M","?","E","M","?","R","BOSS","M","?","$","M","M","R","M","R","T","E","M","M","$","E","R","BOSS","M","$","M","?","?","R","?","R","T","R","?","?","?","M","R","BOSS"],"items_purchased_type":["Card","Card","Relic","Relic","Card","Card","Relic","Card","Relic","Card","Card","Relic","Relic","Relic"],"build_version":"2020-12-22","purchased_purges":10,"victory":true,"max_hp_per_floor":[75,75,75,75,75,75,75,75,75,75,75,75,75,75,75,75,75,75,75,75,75,75,75,75,75,75,75,80,80,80,80,80,80,80,80,80,80,80,80,80,80,80,80,80,80,80,80,80,80,80],"card_choices":[{"not_picked":["hermit:Scavenge","hermit:Determination"],"picked":"hermit:Dive","floor":1.0},{"not_picked":["hermit:FullyLoaded","hermit:FlashPowder"],"picked":"hermit:Glare","floor":2.0},{"not_picked":["hermit:Headshot","hermit:Scavenge"],"picked":"hermit:TrackingShot","floor":4},{"not_picked":["hermit:Cheat","hermit:Malice"],"picked":"hermit:Glare","floor":5},{"not_picked":["hermit:Dive","hermit:Manifest"],"picked":"hermit:Headshot","floor":7},{"not_picked":["hermit:Feint","hermit:Misfire","hermit:DeadMansHand"],"picked":"SKIP","floor":8},{"not_picked":["hermit:BodyArmor","hermit:Manifest"],"picked":"hermit:Ricochet","floor":10},{"not_picked":["hermit:Roulette","hermit:CalledShot"],"picked":"hermit:Reprieve","floor":11},{"not_picked":["hermit:Vantage","hermit:Grudge"],"picked":"hermit:Enervate","floor":12},{"not_picked":["hermit:WideOpen","hermit:Grudge","hermit:Roulette"],"picked":"SKIP","floor":13},{"not_picked":["hermit:EternalForm","hermit:Gambit"],"picked":"hermit:Magnum","floor":16},{"not_picked":["hermit:Misfire","hermit:ShadowCloak"],"picked":"hermit:BodyArmor+1","floor":18},{"not_picked":["hermit:TakeAim","hermit:Scavenge","hermit:ItchyTrigger"],"picked":"SKIP","floor":21},{"not_picked":["hermit:LoneWolf","hermit:LowProfile","hermit:GoldenBullet+1"],"picked":"SKIP","floor":22},{"not_picked":["hermit:Glare","hermit:HoleUp","hermit:Headshot"],"picked":"SKIP","floor":24},{"not_picked":["hermit:GhostlyPresence","hermit:Glare","hermit:DeadOrAlive"],"picked":"SKIP","floor":27},{"not_picked":["hermit:Cheat+1","hermit:Enervate"],"picked":"hermit:EyeOfTheStorm","floor":28},{"not_picked":["hermit:Showdown","hermit:Vantage","hermit:GoldenBullet+1"],"picked":"SKIP","floor":29},{"not_picked":["hermit:Desperado","hermit:Misfire"],"picked":"hermit:Horror","floor":31},{"not_picked":["hermit:EternalForm","hermit:FromBeyond"],"picked":"hermit:Gambit","floor":33},{"not_picked":["hermit:TakeAim+1","hermit:HighCaliber","hermit:Desperado+1"],"picked":"SKIP","floor":35},{"not_picked":["hermit:Dive","hermit:BodyArmor"],"picked":"hermit:LuckOfTheDraw","floor":37},{"not_picked":["hermit:WideOpen+1","hermit:Grudge+1"],"picked":"hermit:Quickdraw+1","floor":41},{"not_picked":["hermit:Headshot+1","hermit:Roulette"],"picked":"hermit:SprayPray+1","floor":48}],"player_experience":2814,"relics_obtained":[{"floor":8,"key":"Regal Pillow"},{"floor":9,"key":"Oddly Smooth Stone"},{"floor":11,"key":"Matryoshka"},{"floor":12,"key":"Lantern"},{"floor":26,"key":"Blood Vial"},{"floor":26,"key":"hermit:RyeStalk"},{"floor":27,"key":"MealTicket"},{"floor":31,"key":"InkBottle"},{"floor":39,"key":"Nunchaku"},{"floor":39,"key":"Bottled Tornado"},{"floor":43,"key":"Darkstone Periapt"},{"floor":45,"key":"Unceasing Top"}],"event_choices":[{"damage_healed":0,"gold_gain":30,"player_choice":"Searched \u00273\u0027 times","damage_taken":0,"max_hp_gain":0,"max_hp_loss":0,"event_name":"Dead Adventurer","floor":11,"gold_loss":0},{"damage_healed":0,"gold_gain":175,"player_choice":"AGREE","damage_taken":0,"max_hp_gain":0,"max_hp_loss":0,"event_name":"Liars Game","floor":14,"gold_loss":0,"cards_obtained":["Doubt"]},{"damage_healed":0,"gold_gain":0,"player_choice":"Inject Mutagens","damage_taken":0,"relics_obtained":["MutagenicStrength"],"max_hp_gain":0,"max_hp_loss":0,"event_name":"Drug Dealer","floor":19,"gold_loss":0},{"damage_healed":20,"gold_gain":0,"player_choice":"Writhe","damage_taken":0,"max_hp_gain":0,"max_hp_loss":0,"event_name":"Winding Halls","floor":38,"gold_loss":0,"cards_obtained":["Writhe"]},{"damage_healed":0,"gold_gain":0,"player_choice":"Fight","damage_taken":0,"max_hp_gain":0,"max_hp_loss":0,"event_name":"MindBloom","floor":45,"gold_loss":0},{"damage_healed":0,"gold_gain":0,"player_choice":"Paid","damage_taken":0,"relics_obtained":["Red Mask"],"max_hp_gain":0,"max_hp_loss":0,"event_name":"Tomb of Lord Red Mask","floor":46,"gold_loss":663},{"cards_removed":["hermit:TrackingShot"],"damage_healed":0,"gold_gain":0,"player_choice":"Removed Attack","damage_taken":0,"max_hp_gain":0,"max_hp_loss":0,"event_name":"Falling","floor":47,"gold_loss":0}],"is_beta":false,"boss_relics":[{"not_picked":["Empty Cage","Cursed Key"],"picked":"Astrolabe"},{"not_picked":["Black Star","Calling Bell"],"picked":"SacredBark"}],"items_purged_floors":[3,3,3,3,3,3,3,3,20,20],"is_endless":false,"potions_floor_spawned":[1,2,7,8,11,12,16,16,18,18,21,24,28,29,29,31,37,41,48,48,48],"ascension_level":0}}