{"host":"758m3734uc3348yu","time":1609670352,"event":{"mods":["AchievementEnabler","BaseMod","Beaked The Cultist","BetterRewards","Clockwork Mod","Downfall","Hermit","Hubris","Infinite Spire","Minty Spire (QoL Compilation)","Replay The Spire","Spicy Shops","StSLib","The Cursed","The Gatherer","The Hierophant","The Marked"],"gold_per_floor":[110,110,110,58,58,58,58,58,58,58,58,90,103,118,118,213,213,225,225,225,225,225,255,255],"floor_reached":23,"playtime":1367,"items_purged":[],"score":233,"play_id":"56cc1706-5e91-4bb2-b9c4-b32989efd886","local_time":"20210103043912","is_ascension_mode":false,"campfire_choices":[{"floor":6,"key":"REST"},{"data":"Tempest","floor":10,"key":"SMITH"},{"floor":15,"key":"REST"}],"circlet_count":0,"master_deck":["Strike_B+1","Strike_B+1","Strike_B+1","Strike_B+1","Defend_B","Defend_B","Defend_B+1","Zap","Dualcast","hubris:DoWhile","Tempest+1","Consume","Stack","ReplayTheSpireMod:Omega Cannon","Leap","Redo","Rainbow","Beam Cell","RitualDagger","CommonCold"],"relics":["Cracked Core","infinitespire:SolderingIron","Centennial Puzzle","Replay:Bottled Eggs","Tiny Chest","Honey Jar","ReplayTheSpireMod:Ring of Challenge","Ring of Hypnosis","hubris:BallOfYels","ReplayTheSpireMod:Ninjato"],"acts_visited":["Exordium","TheCity"],"potions_floor_usage":[16,16],"damage_taken":[{"damage":4,"enemies":"Cultist","floor":1,"turns":4},{"damage":36,"enemies":"3 Sentries","floor":12,"turns":6},{"damage":3,"enemies":"Small Slimes","floor":13,"turns":2},{"damage":11,"enemies":"Jaw Worm","floor":14,"turns":2},{"damage":0,"enemies":"Slime Boss","floor":16,"turns":7},{"damage":12,"enemies":"Chosen","floor":18,"turns":5},{"damage":60,"enemies":"Book of Stabbing","floor":23,"turns":4}],"seed_played":"-8964425360371190622","potions_obtained":[{"floor":12,"key":"DuplicationPotion"},{"floor":14,"key":"Explosive Potion"}],"is_trial":false,"path_per_floor":["M","?","T","$","?","R","?","?","T","R","$","E","M","M","R","B",null,"M","?","?","AVR","T","E"],"character_chosen":"DEFECT","items_purchased":["Consume"],"campfire_rested":2,"item_purchase_floors":[4],"current_hp_per_floor":[71,71,71,71,56,75,75,75,75,75,75,39,36,25,47,47,75,63,57,57,57,57,0,0],"gold":255,"neow_bonus":"ONE_RANDOM_RARE_CARD","is_daily":false,"chose_seed":false,"campfire_upgraded":1,"win_rate":0.0,"timestamp":1609670352,"path_taken":["M","?","?","$","?","R","?","?","T","R","$","E","M","?","R","BOSS","M","?","?","AVR","?","E"],"items_purchased_type":["Card"],"build_version":"2020-12-22","purchased_purges":0,"victory":false,"max_hp_per_floor":[75,75,75,75,75,75,75,75,75,75,75,75,75,75,75,75,75,75,75,75,75,75,75,75],"card_choices":[{"not_picked":["Compile Driver","Turbo"],"picked":"Tempest","floor":1},{"not_picked":["Sweeping Beam","Static Discharge"],"picked":"ReplayTheSpireMod:Omega Cannon","floor":12},{"not_picked":["Compile Driver","Gash"],"picked":"Leap","floor":13},{"not_picked":["Barrage","Panic Button"],"picked":"Redo","floor":14},{"not_picked":["Multi-Cast","Amplify"],"picked":"Rainbow","floor":16},{"not_picked":["BasicCrystalCard","Ball Lightning","Panic Button+1"],"picked":"Beam Cell","floor":18}],"player_experience":204512,"relics_obtained":[{"floor":3,"key":"infinitespire:SolderingIron"},{"floor":7,"key":"Centennial Puzzle"},{"floor":9,"key":"Replay:Bottled Eggs"},{"floor":12,"key":"Tiny Chest"},{"floor":20,"key":"ReplayTheSpireMod:Ring of Challenge"},{"floor":20,"key":"Ring of Hypnosis"},{"floor":22,"key":"ReplayTheSpireMod:Ninjato"}],"event_choices":[{"damage_healed":0,"gold_gain":0,"player_choice":"Leave","damage_taken":0,"max_hp_gain":0,"max_hp_loss":0,"event_name":"The Cleric","floor":2,"gold_loss":0},{"damage_healed":0,"gold_gain":0,"player_choice":"Entered Light","damage_taken":15,"max_hp_gain":0,"max_hp_loss":0,"event_name":"Shining Light","floor":5,"gold_loss":0,"cards_upgraded":["Defend_B","Strike_B"]},{"damage_healed":0,"gold_gain":0,"cards_transformed":["Defend_B"],"player_choice":"Transformed","damage_taken":0,"max_hp_gain":0,"max_hp_loss":0,"event_name":"Transmorgrifier","floor":8,"gold_loss":0,"cards_obtained":["Stack"]},{"damage_healed":0,"gold_gain":0,"player_choice":"Joined the Cult","damage_taken":6,"max_hp_gain":0,"max_hp_loss":0,"event_name":"Nest","floor":19,"gold_loss":0,"cards_obtained":["RitualDagger"]}],"is_beta":false,"boss_relics":[{"not_picked":["hubris:RunicObelisk","Sozu"],"picked":"Honey Jar"}],"items_purged_floors":[],"is_endless":false,"potions_floor_spawned":[12,14],"killed_by":"Book of Stabbing","ascension_level":0}}