{"host":"97feeoqujgl2pi7v","time":1609674908,"event":{"mods":["AchievementEnabler","Act Like it!","Aspiration","Bard","BaseMod","Better Third Choice","Colored Map","Colored Powertips","Conspire","DeckTracker","Downfall","Duelist Mod","Gensokyo","GifTheSpireLib","Gremlin Mod","Halation","Hallownest","Hermit","Hubris","Infinite Spire","Jorbs\u0027s Wanderer Trilogy","Koishi","Mad Scientist","Marisa（霧雨　魔理沙）","Minty Spire (QoL Compilation)","Rare Cards Sparkle","Reimu（博丽灵梦）","Replay The Spire","Robot Space Explorer","Shop Mod","StSLib","Td1madao Mod","The Administrix","The Animator","The Blackbeard","The Bladedancer","The Bug Knight","The Construct","The Cursed","The Disciple","The Dragon Tamer","The Marked","The Mystic","The Necromancer","The Runesmith","The Saiyan","The Senshi","The Servant 0.9.4","TheBandit","Yuri Mod"],"gold_per_floor":[117,132,150,3,40,67,67,335,335,335,348,360,360,87,87,184,184,203,222,17,17,17,186,200,200,200,233,258,274,294,294,294,306,306,402,402,418,468,56,74,84,84,99,117,142,142,142,142,176,189,189,189],"floor_reached":53,"playtime":6121,"items_purged":["hexamod:Haunted"],"score":838,"play_id":"ac068962-46bb-4324-bf65-80659a7482b7","local_time":"20210103065508","is_ascension_mode":false,"campfire_choices":[{"floor":7,"key":"REST"},{"data":"yuri:BookGreen","floor":13,"key":"SMITH"},{"floor":15,"key":"REST"},{"floor":42,"key":"RECALL"},{"data":"hubris:DuctTapeCard","floor":47,"key":"SMITH"},{"data":"yuri:HoldBack","floor":51,"key":"SMITH"}],"circlet_count":0,"master_deck":["yuri:yuriStrike","yuri:yuriStrike","yuri:yuriStrike","yuri:yuriStrike","yuri:yuriStrike","yuri:yuriDefend","yuri:yuriDefend","yuri:yuriDefend","yuri:yuriDefend","yuri:yuriDefend","yuri:Oolong","yuri:yuriStab","yuri:WickedSlash","yuri:BookGreen+1","yuri:CalmingAura","yuri:CalmingAura","yuri:NoEscape","yuri:MPose","Gensokyo:ImpossibleRequest","infinitespire:Punishment","yuri:HeavierStrike","yuri:yuriHeavyStrike","infinitespire:Punishment","yuri:HoldBack","yuri:GlitchedStrike","yuri:Torment","yuri:BookGreen","yuri:ThrowBook+1","Gensokyo:BlemishedSteel","yuri:GlitchedStrike","yuri:yuriQuickStrike","yuri:SelfHarm","yuri:MultiDip+1","yuri:ThrowingKnives","yuri:HoldBack+1","CommonCold","TheCursedMod:CursedWand","yuri:BlackTea","expansioncontent:TimeRipple","infinitespire:Starlight","yuri:Spin","yuri:NerfBat+1","yuri:MPose+1","yuri:SturdyUniform","yuri:InduceGlitch","yuri:SturdyUniform+1","yuri:Stalk+1","hubris:DuctTapeCard+2","yuri:BookRed","yuri:Stare+1","yuri:Stare","yuri:RecklessStrike+1","yuri:WickedSlash","yuri:yuriQuickStrike","infinitespire:Execution","infinitespire:Oblivion","ReplayTheSpireMod:Book of Names","yuri:GreenTea","yuri:TPose+1"],"relics":["yuri:yuriKnife","halation:PromiseList","aspiration:FrozenJewel","ReplayTheSpireMod:Lightbulb","aspiration:Lifesprig","hubris:ScarierMask","Ring of Hypnosis","Ring of Fury","infinitespire:ShieldingShard","Pet Ghost","hubris:Towel","Honey Jar","Ice Cream","MerchantsRug","Orrery","hubris:DuctTape","hubris:DeckOfHolding","halation:LettersToHer","halation:PinkSoulGem","ClockworkSouvenir","Toy Ornithopter"],"acts_visited":["Gensokyo:Gensokyo","Gensokyo:Gensokyoer","TheBeyond"],"potions_floor_usage":[6,6,8,23,23,27,27,27,43,43,49,52,52,52,52],"damage_taken":[{"damage":3,"enemies":"Gensokyo:3_Fairies","floor":1,"turns":4},{"damage":5,"enemies":"Gensokyo:Gryphon","floor":2,"turns":3},{"damage":5,"enemies":"Gensokyo:2_Kodama","floor":3,"turns":3},{"damage":48,"enemies":"Gensokyo:Mamizou","floor":6,"turns":11},{"damage":12,"enemies":"Gensokyo:LivingMonolith","floor":8,"turns":5},{"damage":3,"enemies":"Gensokyo:Python_and_Kodama","floor":11,"turns":2},{"damage":1,"enemies":"Gensokyo:3_Kodama","floor":12,"turns":3},{"damage":21,"enemies":"Gensokyo:Kokoro","floor":16,"turns":6},{"damage":0,"enemies":"Gensokyo:Chomper","floor":18,"turns":3},{"damage":0,"enemies":"Gensokyo:2_Gloops","floor":19,"turns":2},{"damage":23,"enemies":"Gensokyo:Swordslinger","floor":23,"turns":5},{"damage":0,"enemies":"Gensokyo:Chomper_and_Gloop","floor":24,"turns":1},{"damage":0,"enemies":"Gensokyo:Tenshi","floor":27,"turns":2},{"damage":0,"enemies":"Gensokyo:Monolith_and_Dog","floor":29,"turns":2},{"damage":5,"enemies":"Gensokyo:Slime_Group","floor":30,"turns":2},{"damage":4,"enemies":"Gensokyo:Chomper_and_Gloop","floor":33,"turns":3},{"damage":67,"enemies":"Gensokyo:Eternal_Rivals","floor":35,"turns":9},{"damage":6,"enemies":"Orb Walker","floor":37,"turns":2},{"damage":0,"enemies":"Mind Bloom Boss Battle","floor":38,"turns":2},{"damage":37,"enemies":"3 Shapes","floor":40,"turns":3},{"damage":9,"enemies":"Spire Growth","floor":41,"turns":3},{"damage":0,"enemies":"Transient","floor":43,"turns":5},{"damage":0,"enemies":"Jaw Worm Horde","floor":44,"turns":4},{"damage":1,"enemies":"Reptomancer","floor":49,"turns":2},{"damage":2,"enemies":"Sphere and 2 Shapes","floor":50,"turns":2},{"damage":0,"enemies":"Donu and Deca","floor":52,"turns":4}],"seed_played":"-9037285634836859312","potions_obtained":[{"floor":1,"key":"Adrenaline Potion"},{"floor":5,"key":"SkillPotion"},{"floor":5,"key":"SteroidPotion"},{"floor":5,"key":"Regen Potion"},{"floor":8,"key":"champ:CounterPotion"},{"floor":11,"key":"Fire Potion"},{"floor":16,"key":"LifebloodPotion"},{"floor":23,"key":"Dexterity Potion"},{"floor":24,"key":"Block Potion"},{"floor":27,"key":"infinitespire:BlackPotion"},{"floor":29,"key":"BlessingOfTheForge"},{"floor":33,"key":"LifebloodPotion"},{"floor":40,"key":"Guardian:BlockOnCardUsePotion"},{"floor":41,"key":"LifebloodPotion"},{"floor":43,"key":"ColorlessPotion"},{"floor":44,"key":"PowerPotion"},{"floor":49,"key":"Weak Potion"}],"is_trial":false,"path_per_floor":["M","M","M","COS","?","E","R","M","T","?","M","M","R","$","R","B",null,"M","M","COS","?","?","M","M","PTL","PTL","E","T","M","M","?","AVR","M","R_BF","B",null,"M","?","$","M","M","R","M","M","T","?","R","AVR","E","M","R","B",null],"character_chosen":"YURI","items_purchased":["DollysMirror","yuri:HoldBack","yuri:GlitchedStrike","MerchantsRug","Orrery","hubris:DuctTape","yuri:BookRed"],"campfire_rested":2,"item_purchase_floors":[14,14,14,39,39,39,39],"current_hp_per_floor":[88,85,84,84,49,20,46,38,38,38,35,34,34,34,60,43,88,88,88,88,88,88,69,69,69,69,69,69,73,68,68,68,78,78,25,88,82,82,82,49,47,47,49,66,66,66,66,66,69,67,67,88],"gold":189,"neow_bonus":"TEN_PERCENT_HP_BONUS","is_daily":false,"chose_seed":false,"campfire_upgraded":3,"win_rate":0.0,"timestamp":1609674908,"path_taken":["M","M","M","COS","?","E","R","M","T","?","M","M","R","$","R","BOSS","M","?","COS","?","?","M","M","PTL","PTL","E","T","M","M","?","AVR","?","R_BF","BOSS","M","?","$","M","M","R","M","M","T","?","R","AVR","E","M","R","BOSS"],"items_purchased_type":["Relic","Card","Card","Relic","Relic","Relic","Card"],"build_version":"2020-12-22","purchased_purges":1,"victory":true,"max_hp_per_floor":[88,88,88,88,88,88,88,88,88,88,88,88,88,88,88,88,88,88,88,88,88,88,88,88,88,88,88,88,88,88,88,88,88,88,88,88,88,88,88,88,88,88,88,88,88,88,88,88,88,88,88,88],"card_choices":[{"not_picked":["yuri:BrokenCode","yuri:NerfBat"],"picked":"yuri:WickedSlash","floor":1},{"not_picked":["yuri:ThornRemove","yuri:Stalk"],"picked":"yuri:BookGreen","floor":2},{"not_picked":["yuri:Stalk","yuri:DebugCard"],"picked":"yuri:CalmingAura","floor":3},{"not_picked":["yuri:Stalk","yuri:Skip"],"picked":"yuri:CalmingAura","floor":5},{"not_picked":["yuri:Stare","yuri:MultiDip"],"picked":"yuri:NoEscape","floor":6},{"not_picked":["yuri:RecklessStrike","yuri:WickedSlash"],"picked":"yuri:MPose","floor":8},{"not_picked":["infinitespire:UltimateForm","infinitespire:FutureSight"],"picked":"infinitespire:Punishment","floor":10},{"not_picked":["yuri:yuriQuickStrike","yuri:MPose"],"picked":"yuri:HeavierStrike","floor":11},{"not_picked":["yuri:RecklessStrike","yuri:Skip"],"picked":"yuri:yuriHeavyStrike","floor":12},{"not_picked":["yuri:BlackTea","yuri:NoEscape"],"picked":"yuri:Torment","floor":16},{"not_picked":["yuri:BookPurple+1","yuri:TPose"],"picked":"yuri:BookGreen","floor":18},{"not_picked":["yuri:CalmingAura","yuri:yuriQuickStrike"],"picked":"yuri:ThrowBook+1","floor":19},{"not_picked":["yuri:AdaptiveAI","yuri:BookPurple+1"],"picked":"yuri:GlitchedStrike","floor":23},{"not_picked":["yuri:CalmingAura","yuri:WickedSlash+1"],"picked":"yuri:yuriQuickStrike","floor":24},{"not_picked":["yuri:WickedSlash","yuri:Skip"],"picked":"yuri:SelfHarm","floor":27},{"not_picked":["yuri:ThrowBook","yuri:RemoveSafetyChecks"],"picked":"yuri:MultiDip+1","floor":29},{"not_picked":["yuri:yuriHeavyStrike","yuri:yuriQuickStrike"],"picked":"yuri:ThrowingKnives","floor":30},{"not_picked":["Slimebound:Tackle","Replay:GuardianBash"],"picked":"TheCursedMod:CursedWand","floor":32},{"not_picked":["yuri:GhostForm","yuri:ExploitStrike"],"picked":"yuri:BlackTea","floor":32},{"not_picked":["expansioncontent:ChargeUp","hubris:Insight"],"picked":"expansioncontent:TimeRipple","floor":32},{"not_picked":["infinitespire:FutureSight","ReplayTheSpireMod:??????????????????????"],"picked":"infinitespire:Starlight","floor":32},{"not_picked":["yuri:DebugCard","yuri:CalmingAura"],"picked":"yuri:Spin","floor":33},{"not_picked":["yuri:MirrorInsanity","yuri:ExploitStrike"],"picked":"yuri:MagneticKnives","floor":35},{"not_picked":["yuri:yuriHeavyStrike+1","yuri:ArmBrace+1","yuri:Skip"],"picked":"yuri:NerfBat+1","floor":37},{"not_picked":["yuri:yuriQuickStrike","yuri:RemoveSafetyChecks","yuri:HeavierStrike"],"picked":"yuri:MPose+1","floor":38},{"not_picked":["yuri:AdaptiveAI+1","yuri:CalmingAura+1","yuri:MPose"],"picked":"yuri:SturdyUniform","floor":39},{"not_picked":["yuri:RepairCode","yuri:ArmBrace+1","yuri:SelfHarm+1"],"picked":"yuri:InduceGlitch","floor":39},{"not_picked":["yuri:ArmBrace+1","yuri:TPose+1","yuri:SelfHarm+1"],"picked":"yuri:SturdyUniform+1","floor":39},{"not_picked":["yuri:HoldBack","yuri:CalmingAura","yuri:BlackTea"],"picked":"yuri:TeaSet","floor":39},{"not_picked":["yuri:Skip+1","yuri:Stare","yuri:MultiDip"],"picked":"yuri:Stalk+1","floor":39},{"not_picked":["yuri:RecklessStrike+1","yuri:UnstableStrike","yuri:StealPen"],"picked":"yuri:Stare+1","floor":40},{"not_picked":["yuri:HeavierStrike","yuri:DebugCard+1","yuri:Skip+1"],"picked":"yuri:Stare","floor":41},{"not_picked":["yuri:TPose+1","yuri:DisableStrike+1","yuri:DebugCard+1"],"picked":"yuri:RecklessStrike+1","floor":43},{"not_picked":["yuri:ThrowBook+1","yuri:CorruptHitbox","yuri:yuriQuickStrike"],"picked":"yuri:WickedSlash","floor":43},{"not_picked":["yuri:BrokenCode","yuri:UntestedCode+1","yuri:ReloadGame+1"],"picked":"yuri:yuriQuickStrike","floor":44},{"not_picked":["yuri:UntestedCode+1","yuri:ThornRemove","yuri:RepairCode"],"picked":"yuri:GreenTea","floor":49},{"not_picked":["yuri:GlitchedStrike","yuri:RecklessStrike","yuri:WickedSlash+1"],"picked":"yuri:TPose+1","floor":50}],"player_experience":396720,"relics_obtained":[{"floor":6,"key":"halation:PromiseList"},{"floor":9,"key":"aspiration:FrozenJewel"},{"floor":22,"key":"Ring of Hypnosis"},{"floor":22,"key":"Ring of Fury"},{"floor":27,"key":"infinitespire:ShieldingShard"},{"floor":28,"key":"Pet Ghost"},{"floor":38,"key":"Ice Cream"},{"floor":45,"key":"halation:LettersToHer"},{"floor":49,"key":"Toy Ornithopter"}],"event_choices":[{"damage_healed":0,"gold_gain":0,"player_choice":"Fight","damage_taken":0,"max_hp_gain":0,"max_hp_loss":0,"event_name":"MindBloom","floor":38,"gold_loss":0}],"is_beta":false,"boss_relics":[{"not_picked":["Astrolabe","SacredBark"],"picked":"hubris:ScarierMask"},{"not_picked":["halation:HeavySnake","Coffee Dripper"],"picked":"Honey Jar"}],"items_purged_floors":[48],"is_endless":false,"potions_floor_spawned":[1,8,11,16,23,24,27,29,33,40,41,43,44,49],"ascension_level":0}}