{"host":"rlm703n066cyp567","time":1609692677,"event":{"mods":["AchievementEnabler","BaseMod","Block Reminder","Colored Map","Colored Powertips","Curses Come First","DeckTracker","Highlight Path","Minty Spire (QoL Compilation)","StSLib","SuperFastMode"],"gold_per_floor":[109,109,284,12,28,63,63,94,140,172,192,206,218,235,235,332,332,313,141,141,141,160,190,190,219,219,246,262,262,66,66,66,169,169,184,196,296,308,323,655,655,681,733,753,772,409,422,447,447,447,447,447,165,200,200],"floor_reached":56,"playtime":6634,"items_purged":["Doubt","Strike_B","Parasite","Parasite"],"score":1682,"play_id":"63ad5e3c-0bec-4443-ac8b-31f209779ab0","local_time":"20210103175117","is_ascension_mode":true,"campfire_choices":[{"data":"Buffer","floor":7,"key":"SMITH"},{"data":"Dualcast","floor":15,"key":"SMITH"},{"data":"Machine Learning","floor":24,"key":"SMITH"},{"floor":29,"key":"RECALL"},{"floor":32,"key":"REST"},{"floor":49,"key":"REST"},{"data":"Skim","floor":52,"key":"SMITH"}],"circlet_count":0,"master_deck":["Strike_B+1","Strike_B","Strike_B+1","Defend_B","Defend_B","Defend_B","Defend_B","Zap","Dualcast+1","Reinforced Body","Streamline","Skim+1","Buffer+1","Streamline","Fusion+1","Chill+1","Reboot+1","Leap+1","Seek+1","Compile Driver+1","Secret Technique+1","Necronomicurse","BootSequence+1","Machine Learning+1","Streamline+1","Undo+1","Undo+1","Multi-Cast+1","Aggregate+1","Stack+1","Auto Shields+1","Streamline+1","Compile Driver","Hyperbeam","Auto Shields+1","Blind+1","Secret Weapon+1","Stack+1","Reprogram+1","Impatience+1","Compile Driver","Coolheaded+1","Reboot+1"],"relics":["Cracked Core","NeowsBlessing","Medical Kit","Juzu Bracelet","Toxic Egg 2","Ancient Tea Set","Nuclear Battery","Necronomicon","Tiny Chest","Shuriken","Bottled Lightning","Cables","Membership Card","Cursed Key","Old Coin","Boot","Omamori","Happy Flower","Runic Capacitor","Ice Cream","Pear","Emotion Chip"],"acts_visited":["Exordium","TheCity","TheBeyond","TheEnding"],"potions_floor_usage":[10,33,55,55,55],"damage_taken":[{"damage":0,"enemies":"Small Slimes","floor":1,"turns":1},{"damage":0,"enemies":"2 Louse","floor":5,"turns":1},{"damage":0,"enemies":"Lagavulin","floor":6,"turns":2},{"damage":0,"enemies":"Gremlin Nob","floor":8,"turns":4},{"damage":24,"enemies":"3 Sentries","floor":10,"turns":7},{"damage":0,"enemies":"Jaw Worm","floor":11,"turns":3},{"damage":5,"enemies":"Looter","floor":12,"turns":3},{"damage":6,"enemies":"Red Slaver","floor":13,"turns":4},{"damage":0,"enemies":"Lots of Slimes","floor":14,"turns":5},{"damage":5,"enemies":"Slime Boss","floor":16,"turns":14},{"damage":17,"enemies":"2 Thieves","floor":18,"turns":4},{"damage":0,"enemies":"Shell Parasite","floor":22,"turns":4},{"damage":0,"enemies":"Book of Stabbing","floor":23,"turns":7},{"damage":0,"enemies":"Slavers","floor":25,"turns":7},{"damage":1,"enemies":"Gremlin Leader","floor":27,"turns":8},{"damage":0,"enemies":"Snake Plant","floor":28,"turns":3},{"damage":0,"enemies":"Collector","floor":33,"turns":9},{"damage":14,"enemies":"3 Darklings","floor":35,"turns":8},{"damage":0,"enemies":"3 Shapes","floor":36,"turns":3},{"damage":0,"enemies":"Writhing Mass","floor":38,"turns":8},{"damage":8,"enemies":"Maw","floor":39,"turns":9},{"damage":22,"enemies":"Reptomancer","floor":40,"turns":7},{"damage":0,"enemies":"Giant Head","floor":42,"turns":9},{"damage":0,"enemies":"3 Darklings","floor":44,"turns":5},{"damage":0,"enemies":"Transient","floor":45,"turns":5},{"damage":6,"enemies":"Sphere and 2 Shapes","floor":47,"turns":2},{"damage":0,"enemies":"Nemesis","floor":48,"turns":4},{"damage":0,"enemies":"Donu and Deca","floor":50,"turns":7},{"damage":0,"enemies":"Shield and Spear","floor":54,"turns":5},{"damage":69,"enemies":"The Heart","floor":55,"turns":8}],"seed_played":"1117502093308187448","potions_obtained":[{"floor":1,"key":"LiquidMemories"},{"floor":8,"key":"Energy Potion"},{"floor":10,"key":"SteroidPotion"},{"floor":12,"key":"FearPotion"},{"floor":14,"key":"Ancient Potion"},{"floor":33,"key":"GamblersBrew"},{"floor":38,"key":"Strength Potion"},{"floor":41,"key":"Regen Potion"},{"floor":41,"key":"EntropicBrew"},{"floor":45,"key":"Regen Potion"}],"is_trial":false,"path_per_floor":["M","?","?","$","M","E","R","E","T","E","M","M","M","M","R","B",null,"M","$","?","$","M","E","R","E","T","E","M","R","$","?","R","B",null,"M","M","?","M","M","E","?","E","T","M","M","$","M","E","R","B",null,"R","$","E","B",null],"character_chosen":"DEFECT","items_purchased":["Medical Kit","Streamline","Secret Technique+1","Membership Card","Blind+1","Secret Weapon+1","Happy Flower","Runic Capacitor","Stack+1","Impatience+1","Compile Driver","Coolheaded+1","Pear"],"campfire_rested":2,"item_purchase_floors":[4,4,19,30,46,46,46,46,46,53,53,53,53],"current_hp_per_floor":[75,60,60,60,60,60,60,60,60,36,36,31,25,25,25,20,75,58,58,42,42,42,42,42,42,42,41,41,41,41,27,51,51,80,66,66,66,66,58,36,36,36,36,36,36,36,30,30,53,53,77,77,84,84,36],"gold":200,"neow_bonus":"THREE_ENEMY_KILL","is_daily":false,"chose_seed":false,"campfire_upgraded":4,"win_rate":0.0,"timestamp":1609692677,"path_taken":["M","?","?","$","M","E","R","E","T","E","M","M","M","M","R","BOSS","M","$","?","$","M","E","R","E","T","E","M","R","$","?","R","BOSS","M","M","?","M","M","E","?","E","T","M","M","$","M","E","R","BOSS","R","$","E","BOSS"],"items_purchased_type":["Relic","Card","Card","Relic","Card","Card","Relic","Relic","Card","Card","Card","Card","Relic"],"build_version":"2020-12-22","purchased_purges":4,"victory":true,"max_hp_per_floor":[75,75,75,75,75,75,75,75,75,75,75,75,75,75,75,75,75,75,75,75,75,75,75,75,75,75,75,75,75,75,80,80,80,80,80,80,80,80,80,80,80,80,80,80,80,77,77,77,77,77,77,77,84,84,84],"card_choices":[{"not_picked":["Scrape","Conserve Battery"],"picked":"Reinforced Body","floor":1},{"not_picked":["Genetic Algorithm","Aggregate"],"picked":"Skim","floor":5},{"not_picked":["Heatsinks","Sunder"],"picked":"Buffer","floor":6},{"not_picked":["Sweeping Beam","Barrage"],"picked":"Streamline","floor":8},{"not_picked":["All For One","Beam Cell"],"picked":"Fusion+1","floor":10},{"not_picked":["Recycle+1","Defragment","Turbo+1"],"picked":"SKIP","floor":11},{"not_picked":["Ball Lightning","Streamline"],"picked":"Chill+1","floor":12},{"not_picked":["Turbo+1","Beam Cell"],"picked":"Reboot+1","floor":13},{"not_picked":["Scrape","Rebound"],"picked":"Leap+1","floor":14},{"not_picked":["Fission+1","Creative AI"],"picked":"Seek+1","floor":16},{"not_picked":["Sweeping Beam+1","Leap+1"],"picked":"Compile Driver+1","floor":18},{"not_picked":["Beam Cell+1","Capacitor+1"],"picked":"BootSequence+1","floor":22},{"not_picked":["Stack+1","BootSequence+1"],"picked":"Machine Learning","floor":23},{"not_picked":["Rebound","BootSequence+1"],"picked":"Streamline+1","floor":25},{"not_picked":["Chaos+1","Steam+1"],"picked":"Undo+1","floor":27},{"not_picked":["Streamline+1","Self Repair"],"picked":"Undo+1","floor":28},{"not_picked":["Biased Cognition","Echo Form"],"picked":"Multi-Cast+1","floor":33},{"not_picked":["Stack+1","Darkness+1"],"picked":"Aggregate+1","floor":35},{"not_picked":["Steam+1","Genetic Algorithm+1"],"picked":"Stack+1","floor":36},{"not_picked":["Cold Snap","Conserve Battery+1"],"picked":"Auto Shields+1","floor":38},{"not_picked":["Cold Snap","Sweeping Beam"],"picked":"Streamline+1","floor":39},{"not_picked":["Capacitor","Sweeping Beam"],"picked":"Compile Driver","floor":40},{"not_picked":["Genetic Algorithm+1","Self Repair"],"picked":"Hyperbeam","floor":42},{"not_picked":["Ball Lightning+1","Barrage+1"],"picked":"Auto Shields+1","floor":44},{"not_picked":["Leap+1","Chill+1","Steam+1"],"picked":"SKIP","floor":45},{"not_picked":["Beam Cell","Undo+1"],"picked":"Reprogram+1","floor":47},{"not_picked":["Gash","Barrage","Auto Shields+1"],"picked":"SKIP","floor":48},{"not_picked":["Conserve Battery+1","Capacitor"],"picked":"Reboot+1","floor":54}],"player_experience":315268,"relics_obtained":[{"floor":6,"key":"Juzu Bracelet"},{"floor":8,"key":"Toxic Egg 2"},{"floor":10,"key":"Ancient Tea Set"},{"floor":20,"key":"Necronomicon"},{"floor":23,"key":"Tiny Chest"},{"floor":25,"key":"Shuriken"},{"floor":26,"key":"Bottled Lightning"},{"floor":27,"key":"Cables"},{"floor":40,"key":"Old Coin"},{"floor":42,"key":"Boot"},{"floor":43,"key":"Omamori"},{"floor":48,"key":"Ice Cream"},{"floor":54,"key":"Emotion Chip"}],"event_choices":[{"damage_healed":0,"gold_gain":0,"player_choice":"Entered Light","damage_taken":15,"max_hp_gain":0,"max_hp_loss":0,"event_name":"Shining Light","floor":2,"gold_loss":0,"cards_upgraded":["Strike_B","Strike_B"]},{"damage_healed":0,"gold_gain":175,"player_choice":"AGREE","damage_taken":0,"max_hp_gain":0,"max_hp_loss":0,"event_name":"Liars Game","floor":3,"gold_loss":0,"cards_obtained":["Doubt"]},{"damage_healed":0,"gold_gain":0,"player_choice":"Obtained Book","damage_taken":16,"max_hp_gain":0,"max_hp_loss":0,"event_name":"Cursed Tome","floor":20,"gold_loss":0},{"damage_healed":0,"gold_gain":0,"player_choice":"Shed Blood","damage_taken":19,"max_hp_gain":5,"max_hp_loss":0,"event_name":"Forgotten Altar","floor":31,"gold_loss":0},{"damage_healed":0,"gold_gain":100,"player_choice":"Pray","damage_taken":0,"max_hp_gain":0,"max_hp_loss":0,"event_name":"Golden Shrine","floor":37,"gold_loss":0},{"damage_healed":0,"gold_gain":0,"player_choice":"Got Potions","damage_taken":0,"max_hp_gain":0,"max_hp_loss":0,"event_name":"Lab","floor":41,"gold_loss":0}],"is_beta":false,"boss_relics":[{"not_picked":["Fusion Hammer","SlaversCollar"],"picked":"Nuclear Battery"},{"not_picked":["Pandora\u0027s Box","Tiny House"],"picked":"Cursed Key"}],"items_purged_floors":[4,30,46,53],"is_endless":false,"potions_floor_spawned":[1,8,10,12,14,22,23,27,33,35,38,42,45,48],"ascension_level":1}}