{"host":"na09lpbrez4gbfiz","time":1609694876,"event":{"mods":["Act Like it!","BaseMod","BetterRewards","Colored Map","Colored Powertips","DeckTracker","Googly Eyes","Highlight Path","Minty Spire (QoL Compilation)","Quick Restart","Spicy Shops","StSLib","SuperFastMode","Synergy Search"],"gold_per_floor":[113,126,126,126,126,169,169,204,256,279,294,294,319,39,39,163,163,177,204,204,129,4,44,56,68,80,110,156,168,194,231,243,375,387,420,432,460,485,497,509,584,634,673,1018,1046,574,588,617,617,617,617],"floor_reached":50,"playtime":1667,"items_purged":["Strike_R","Defend_R"],"score":784,"play_id":"2360f6a9-6455-41b0-8801-7bb560624dd3","local_time":"20210103182756","is_ascension_mode":true,"campfire_choices":[{"floor":7.0,"key":"REST"},{"data":"Rampage","floor":12.0,"key":"SMITH"},{"data":"Rupture","floor":15.0,"key":"SMITH"},{"data":"Inflame","floor":24.0,"key":"SMITH"},{"data":"Demon Form","floor":29.0,"key":"SMITH"},{"data":"Uppercut","floor":32.0,"key":"SMITH"},{"floor":40,"key":"REST"},{"floor":49,"key":"REST"}],"circlet_count":0,"master_deck":["Strike_R","Strike_R+1","Strike_R+1","Defend_R+1","Defend_R","Defend_R+1","Bash+1","Hemokinesis","Metallicize","Armaments+1","Disarm","Uppercut+1","Rampage+1","Rupture+1","Juggernaut","Inflame+1","Demon Form+1","Reckless Charge+1","Sword Boomerang+1","Carnage+1","Madness","Madness","Mayhem","True Grit+1"],"relics":["Burning Blood","Red Skull","Ancient Tea Set","Nunchaku","Happy Flower","Meat on the Bone","Whetstone","Membership Card","Omamori","FossilizedHelix","SlaversCollar","War Paint","Molten Egg 2","MawBank","Bag of Preparation","Smiling Mask","Mark of Pain","Charon\u0027s Ashes","Bag of Marbles","Lantern","Sling","Pear","ClockworkSouvenir","PreservedInsect"],"acts_visited":["Exordium","TheCity","TheBeyond"],"potions_floor_usage":[42,50,50,50,50],"damage_taken":[{"damage":4.0,"enemies":"Small Slimes","floor":1.0,"turns":5.0},{"damage":2.0,"enemies":"2 Louse","floor":2.0,"turns":4.0},{"damage":13.0,"enemies":"3 Sentries","floor":6.0,"turns":8.0},{"damage":13.0,"enemies":"Gremlin Nob","floor":8.0,"turns":4.0},{"damage":0.0,"enemies":"Cultist","floor":10.0,"turns":2.0},{"damage":12.0,"enemies":"Red Slaver","floor":11.0,"turns":3.0},{"damage":2.0,"enemies":"Exordium Wildlife","floor":13.0,"turns":2.0},{"damage":18.0,"enemies":"Hexaghost","floor":16.0,"turns":8.0},{"damage":25.0,"enemies":"2 Thieves","floor":18.0,"turns":4.0},{"damage":31.0,"enemies":"Gremlin Leader","floor":23.0,"turns":5.0},{"damage":19.0,"enemies":"Chosen","floor":27.0,"turns":5.0},{"damage":8.0,"enemies":"Book of Stabbing","floor":28.0,"turns":5.0},{"damage":12.0,"enemies":"Snake Plant","floor":30.0,"turns":4.0},{"damage":13.0,"enemies":"Centurion and Healer","floor":31.0,"turns":6.0},{"damage":51.0,"enemies":"Champ","floor":33.0,"turns":7.0},{"damage":20,"enemies":"Orb Walker","floor":35,"turns":4},{"damage":54,"enemies":"3 Darklings","floor":37,"turns":5},{"damage":24,"enemies":"Sphere and 2 Shapes","floor":38,"turns":8},{"damage":13,"enemies":"Mind Bloom Boss Battle","floor":41,"turns":5},{"damage":0,"enemies":"Reptomancer","floor":42,"turns":6},{"damage":26,"enemies":"Transient","floor":45,"turns":5},{"damage":23,"enemies":"Writhing Mass","floor":47,"turns":5},{"damage":28,"enemies":"Giant Head","floor":48,"turns":6},{"damage":127,"enemies":"Donu and Deca","floor":50,"turns":7}],"seed_played":"-5384541752046220962","potions_obtained":[{"floor":1.0,"key":"BlessingOfTheForge"},{"floor":2.0,"key":"ColorlessPotion"},{"floor":6.0,"key":"Weak Potion"},{"floor":16.0,"key":"BlessingOfTheForge"},{"floor":27.0,"key":"LiquidMemories"},{"floor":28.0,"key":"Explosive Potion"},{"floor":36,"key":"CultistPotion"},{"floor":42,"key":"Regen Potion"},{"floor":45,"key":"ColorlessPotion"}],"is_trial":false,"path_per_floor":["M","M","?","?","?","E","R","E","T","M","M","R","M","$","R","B",null,"M","T","?","?","$","E","R","$","T","M","E","R","M","M","R","B",null,"M","?","M","M","?","R","?","E","T","?","M","$","M","E","R","B"],"character_chosen":"IRONCLAD","items_purchased":["Red Skull","Hemokinesis","Metallicize","Ancient Tea Set","Membership Card","Omamori","FossilizedHelix","Molten Egg 2","Mayhem","Regen Potion","Sling","Pear","ClockworkSouvenir"],"campfire_rested":3,"item_purchase_floors":[0,0,0,0,14,14,14,22,46,46,46,46,46],"current_hp_per_floor":[56,60,44,24,24,17,41,34,34,52,58,58,62,62,62,50,80,61,61,61,61,61,48,48,48,48,47,57,57,51,56,56,23,80,66,66,30,24,14,38,43,49,49,49,41,51,46,36,63,0,0],"gold":617,"neow_bonus":"","is_daily":false,"chose_seed":false,"campfire_upgraded":5,"win_rate":0.0,"timestamp":1609694876,"path_taken":["M","M","?","?","?","E","R","E","T","M","M","R","?","$","R","BOSS","M","?","?","?","$","E","R","?","T","M","E","R","?","M","R","BOSS","M","?","?","M","?","R","?","E","T","?","M","$","M","E","R","BOSS"],"items_purchased_type":["Relic","Card","Card","Relic","Relic","Relic","Relic","Relic","Card","Potion","Relic","Relic","Relic"],"build_version":"2020-12-22","purchased_purges":2,"victory":false,"max_hp_per_floor":[80,80,80,80,80,80,80,80,80,80,80,80,80,80,80,80,80,80,80,80,80,80,80,80,80,80,80,80,80,80,80,80,80,80,80,80,80,80,80,80,80,80,80,80,80,90,90,90,90,90,90],"card_choices":[{"not_picked":["Heavy Blade","Reckless Charge"],"picked":"Armaments","floor":1.0},{"not_picked":["Thunderclap","Headbutt"],"picked":"Disarm","floor":2.0},{"not_picked":["Wild Strike","Headbutt","Body Slam"],"picked":"SKIP","floor":6.0},{"not_picked":["Armaments","Twin Strike"],"picked":"Uppercut","floor":8.0},{"not_picked":["Dropkick","Body Slam","Infernal Blade"],"picked":"SKIP","floor":10.0},{"not_picked":["Body Slam","Double Tap"],"picked":"Rampage","floor":11.0},{"not_picked":["Headbutt","Twin Strike"],"picked":"Rupture","floor":13.0},{"not_picked":["Brutality","Immolate"],"picked":"Juggernaut","floor":16.0},{"not_picked":["Evolve","Iron Wave+1","Clash"],"picked":"SKIP","floor":18.0},{"not_picked":["Body Slam+1","Havoc"],"picked":"Inflame","floor":23.0},{"not_picked":["Heavy Blade+1","Shrug It Off"],"picked":"Demon Form","floor":27.0},{"not_picked":["Cleave+1","Rupture"],"picked":"Reckless Charge+1","floor":28.0},{"not_picked":["Clash+1","Havoc"],"picked":"Sword Boomerang+1","floor":30.0},{"not_picked":["Body Slam+1","Warcry","Battle Trance"],"picked":"SKIP","floor":31.0},{"not_picked":["Cleave+1","Flex"],"picked":"Carnage+1","floor":35},{"not_picked":["Warcry","Dark Embrace","Body Slam+1"],"picked":"SKIP","floor":37},{"not_picked":["Thunderclap+1","Spot Weakness","Seeing Red"],"picked":"SKIP","floor":38},{"not_picked":["Feed+1","Flame Barrier","Cleave+1"],"picked":"SKIP","floor":42},{"not_picked":["Perfected Strike+1","Flex+1","Entrench+1"],"picked":"SKIP","floor":45},{"not_picked":["Shockwave+1","Rampage+1"],"picked":"True Grit+1","floor":47},{"not_picked":["Evolve+1","Warcry+1","Sentinel+1"],"picked":"SKIP","floor":48}],"player_experience":138346,"relics_obtained":[{"floor":6.0,"key":"Happy Flower"},{"floor":8.0,"key":"Meat on the Bone"},{"floor":9.0,"key":"Whetstone"},{"floor":19.0,"key":"War Paint"},{"floor":23.0,"key":"MawBank"},{"floor":26.0,"key":"Bag of Preparation"},{"floor":28.0,"key":"Smiling Mask"},{"floor":41,"key":"Charon\u0027s Ashes"},{"floor":42,"key":"Bag of Marbles"},{"floor":43,"key":"Lantern"},{"floor":48,"key":"PreservedInsect"}],"event_choices":[{"damage_healed":0.0,"max_hp_gain":0.0,"max_hp_loss":0.0,"gold_gain":0.0,"event_name":"Shining Light","player_choice":"Entered Light","floor":3.0,"gold_loss":0.0,"damage_taken":16.0,"cards_upgraded":["Defend_R","Strike_R"]},{"damage_healed":0.0,"max_hp_gain":0.0,"max_hp_loss":0.0,"gold_gain":0.0,"event_name":"Golden Idol","player_choice":"Take Damage","floor":4.0,"gold_loss":0.0,"damage_taken":20.0,"relics_obtained":["Golden Idol"]},{"damage_healed":0.0,"max_hp_gain":0.0,"max_hp_loss":0.0,"gold_gain":0.0,"event_name":"WeMeetAgain","player_choice":"Gave Potion","floor":5.0,"gold_loss":0.0,"damage_taken":0.0,"relics_obtained":["Nunchaku"]},{"damage_healed":0.0,"max_hp_gain":0.0,"max_hp_loss":0.0,"gold_gain":0.0,"event_name":"Cursed Tome","player_choice":"Ignored","floor":20.0,"gold_loss":0.0,"damage_taken":0.0},{"cards_removed":["Strike_R"],"damage_healed":0.0,"max_hp_gain":0.0,"max_hp_loss":0.0,"gold_gain":0.0,"event_name":"Beggar","player_choice":"Gave Gold","floor":21.0,"gold_loss":75.0,"damage_taken":0.0},{"damage_healed":0,"gold_gain":0,"player_choice":"Got Potions","damage_taken":0,"max_hp_gain":0,"max_hp_loss":0,"event_name":"Lab","floor":36,"gold_loss":0},{"damage_healed":0,"gold_gain":0,"player_choice":"Embrace Madness","damage_taken":10,"max_hp_gain":0,"max_hp_loss":0,"event_name":"Winding Halls","floor":39,"gold_loss":0,"cards_obtained":["Madness","Madness"]},{"damage_healed":0,"gold_gain":0,"player_choice":"Fight","damage_taken":0,"max_hp_gain":0,"max_hp_loss":0,"event_name":"MindBloom","floor":41,"gold_loss":0},{"damage_healed":0,"gold_gain":333,"player_choice":"Gave Idol","damage_taken":0,"max_hp_gain":0,"max_hp_loss":0,"event_name":"The Moai Head","floor":44,"relics_lost":["Golden Idol"],"gold_loss":0}],"is_beta":false,"boss_relics":[{"not_picked":["SacredBark","Runic Cube"],"picked":"SlaversCollar"},{"not_picked":["Runic Dome","Runic Pyramid"],"picked":"Mark of Pain"}],"items_purged_floors":[0,46],"is_endless":false,"potions_floor_spawned":[1,2,6,16,27,28,30,31,38,42,45],"killed_by":"Donu and Deca","ascension_level":1}}