{"host":"873t0y8ybyo38pfq","time":1609690355,"event":{"mods":["BaseMod","Bestiary","Colored Map","Colored Powertips","Highlight Path","Minty Spire (QoL Compilation)","Quick Restart","RNG Fix","Rare Cards Sparkle","Relic Stats","StSLib"],"gold_per_floor":[115,14,14,14,14,14,39,39,39,69,82,111,123,138,138,216,216,216,216,216,216,216,216,216,216,216],"floor_reached":25,"playtime":782,"items_purged":[],"score":542,"play_id":"3f16b956-6688-43bd-9df1-78c95bbf407b","local_time":"20210103111235","is_ascension_mode":true,"campfire_choices":[{"data":"Capacitor","floor":6,"key":"SMITH"},{"data":"Defragment","floor":8,"key":"SMITH"},{"floor":15,"key":"DIG"},{"floor":23,"key":"REST"}],"circlet_count":0,"master_deck":["AscendersBane","Strike_B","Strike_B","Strike_B","Strike_B","Defend_B","Defend_B","Defend_B+1","Defend_B","Zap","Dualcast","Defragment+1","Capacitor+1","Conserve Battery+1","Defragment+1","Glacier","Undo","Compile Driver","Seek","Machine Learning","Conserve Battery","Blizzard","Barrage","Capacitor+1"],"relics":["Cracked Core","NeowsBlessing","Boot","Shovel","Omamori","Pantograph","Happy Flower","Ectoplasm","Nilry\u0027s Codex","CeramicFish"],"acts_visited":["Exordium","TheCity"],"potions_floor_usage":[16,16,22],"damage_taken":[{"damage":0,"enemies":"2 Louse","floor":1,"turns":1},{"damage":0,"enemies":"Gremlin Nob","floor":7,"turns":1},{"damage":0,"enemies":"3 Sentries","floor":10,"turns":1},{"damage":2,"enemies":"Jaw Worm","floor":11,"turns":4},{"damage":18,"enemies":"Gremlin Nob","floor":12,"turns":6},{"damage":2,"enemies":"Small Slimes","floor":13,"turns":4},{"damage":8,"enemies":"Exordium Thugs","floor":14,"turns":5},{"damage":5,"enemies":"The Guardian","floor":16,"turns":12},{"damage":2,"enemies":"Shell Parasite","floor":18,"turns":7},{"damage":10,"enemies":"Spheric Guardian","floor":19,"turns":6},{"damage":16,"enemies":"Shelled Parasite and Fungi","floor":20,"turns":7},{"damage":3,"enemies":"Centurion and Healer","floor":22,"turns":10},{"damage":37,"enemies":"Slavers","floor":25,"turns":3}],"seed_played":"6096767292397531664","potions_obtained":[{"floor":1,"key":"Weak Potion"},{"floor":13,"key":"Regen Potion"},{"floor":16,"key":"FearPotion"},{"floor":19,"key":"BlessingOfTheForge"}],"is_trial":false,"path_per_floor":["M","$","?","?","$","R","E","R","T","E","M","E","M","M","R","B",null,"M","M","M","?","M","R","?","E"],"character_chosen":"DEFECT","items_purchased":["Capacitor","Conserve Battery"],"campfire_rested":1,"item_purchase_floors":[2,2],"current_hp_per_floor":[64,64,64,43,43,43,43,43,43,43,41,23,21,13,13,48,65,63,53,37,16,13,34,34,0,0],"gold":216,"neow_bonus":"THREE_ENEMY_KILL","is_daily":false,"chose_seed":false,"campfire_upgraded":2,"win_rate":0.0,"timestamp":1609690355,"path_taken":["M","$","?","?","$","R","E","R","T","E","M","E","M","?","R","BOSS","M","M","M","?","M","R","?","E"],"items_purchased_type":["Card","Card"],"build_version":"2020-12-22","purchased_purges":0,"victory":false,"max_hp_per_floor":[71,71,71,71,71,71,71,71,71,71,71,71,71,71,71,71,71,71,71,71,71,71,71,71,71,71],"relic_stats":{"Shovel":1,"Happy Flower":[15],"counters":[13,67],"Pantograph":25,"CeramicFish":0,"Ectoplasm":68,"Boot":[34],"obtain_stats":[{"Shovel":9,"NeowsBlessing":0,"Happy Flower":15,"Nilry\u0027s Codex":21,"Pantograph":12,"CeramicFish":24,"Ectoplasm":17,"Omamori":10,"Cracked Core":0,"Boot":7},{"Shovel":2,"NeowsBlessing":0,"Happy Flower":7,"Nilry\u0027s Codex":11,"Pantograph":5,"CeramicFish":12,"Ectoplasm":8,"Omamori":3,"Cracked Core":0,"Boot":2},{"Shovel":2,"NeowsBlessing":0,"Happy Flower":22,"Nilry\u0027s Codex":54,"Pantograph":13,"CeramicFish":64,"Ectoplasm":34,"Omamori":3,"Cracked Core":0,"Boot":2}]},"card_choices":[{"not_picked":["Stack","Redo"],"picked":"Defragment","floor":1},{"not_picked":["Sweeping Beam","Auto Shields"],"picked":"Defragment","floor":7},{"not_picked":["Turbo","Rip and Tear","Streamline"],"picked":"SKIP","floor":10},{"not_picked":["Aggregate","White Noise"],"picked":"Glacier","floor":11},{"not_picked":["Go for the Eyes","Rebound"],"picked":"Undo","floor":12},{"not_picked":["Conserve Battery","Redo"],"picked":"Compile Driver","floor":13},{"not_picked":["Genetic Algorithm","Skim"],"picked":"Seek","floor":14},{"not_picked":["Creative AI","Meteor Strike"],"picked":"Machine Learning","floor":16},{"not_picked":["Steam+1","Sweeping Beam"],"picked":"Conserve Battery","floor":18},{"not_picked":["Gash","Storm"],"picked":"Blizzard","floor":19},{"not_picked":["White Noise","Stack"],"picked":"Barrage","floor":20},{"not_picked":["Aggregate","Redo"],"picked":"Capacitor+1","floor":22}],"player_experience":1488712,"relics_obtained":[{"floor":7,"key":"Boot"},{"floor":9,"key":"Shovel"},{"floor":10,"key":"Omamori"},{"floor":12,"key":"Pantograph"},{"floor":15,"key":"Happy Flower"},{"floor":21,"key":"Nilry\u0027s Codex"}],"event_choices":[{"damage_healed":0,"gold_gain":0,"player_choice":"Forge","damage_taken":0,"max_hp_gain":0,"max_hp_loss":0,"event_name":"Accursed Blacksmith","floor":3,"gold_loss":0,"cards_upgraded":["Defragment"]},{"damage_healed":0,"gold_gain":0,"player_choice":"Entered Light","damage_taken":21,"max_hp_gain":0,"max_hp_loss":0,"event_name":"Shining Light","floor":4,"gold_loss":0,"cards_upgraded":["Conserve Battery","Defend_B"]},{"damage_healed":0,"gold_gain":0,"player_choice":"Obtained Book","damage_taken":21,"max_hp_gain":0,"max_hp_loss":0,"event_name":"Cursed Tome","floor":21,"gold_loss":0},{"damage_healed":0,"gold_gain":0,"player_choice":"Opened","damage_taken":0,"relics_obtained":["CeramicFish"],"max_hp_gain":0,"max_hp_loss":0,"event_name":"The Mausoleum","floor":24,"gold_loss":0,"cards_obtained":["Writhe"]}],"is_beta":false,"boss_relics":[{"not_picked":["Runic Pyramid","Runic Dome"],"picked":"Ectoplasm"}],"items_purged_floors":[],"is_endless":false,"potions_floor_spawned":[1,13,14,16,19],"killed_by":"Slavers","ascension_level":20}}