{"host":"g01l53quoe6lrer0","time":1609697832,"event":{"mods":["2.2 Compatiblity","AchievementEnabler","BaseMod","Colored Map","Highlight Path","Keyboard Shortcuts","Minty Spire (QoL Compilation)","Permanent Neow","Quick Restart","StSLib","SuperFastMode","everything is the same but u backflip on backflip"],"gold_per_floor":[116,41,55,55,72,72,100,100,147,160,160,60,60,80,80,176,176,186,101,101,101,121,148,148,164,241,241,260,273,284,317,317,412,412,427,527,547,547,557,557,557,557,581,608,608,633,652,123,123,123],"floor_reached":51,"playtime":2657,"items_purged":["Strike_B","Strike_B","Defend_B"],"score":870,"play_id":"25485ec5-986a-4ef8-8d00-119335625880","local_time":"20210104031712","is_ascension_mode":true,"campfire_choices":[{"data":"Zap","floor":6.0,"key":"SMITH"},{"data":"Streamline","floor":8.0,"key":"SMITH"},{"data":"Capacitor","floor":11.0,"key":"SMITH"},{"data":"Madness","floor":13.0,"key":"SMITH"},{"data":"Dualcast","floor":15.0,"key":"SMITH"},{"data":"Defragment","floor":24.0,"key":"SMITH"},{"data":"Thunder Strike","floor":27.0,"key":"SMITH"},{"floor":32.0,"key":"REST"},{"data":"Creative AI","floor":40.0,"key":"SMITH"},{"floor":42.0,"key":"REST"},{"floor":49.0,"key":"REST"}],"circlet_count":0,"master_deck":["Defend_B+1","Zap+1","Dualcast+1","Glacier","Hologram+1","Skim","Madness+1","Streamline+1","Glacier","Reboot","Capacitor+1","Cold Snap","Thunder Strike+1","Rainbow+1","Reboot+1","BootSequence+1","Fusion","Conserve Battery","Defragment+1","Leap+1","Chill","Conserve Battery+1","Redo+1","Creative AI+1","Echo Form","Go for the Eyes+1","Aggregate+1","Madness","Madness","Dark Shackles","Double Energy+1"],"relics":["Cracked Core","War Paint","Ancient Tea Set","Astrolabe","Question Card","Strawberry","Matryoshka","White Beast Statue","SlaversCollar","Smiling Mask","Nunchaku","Bag of Marbles","Bag of Preparation","Bottled Tornado","Toolbox"],"acts_visited":["Exordium","TheCity","TheBeyond"],"potions_floor_usage":[50,50,50],"damage_taken":[{"damage":0.0,"enemies":"Jaw Worm","floor":1.0,"turns":4.0},{"damage":0.0,"enemies":"Cultist","floor":3.0,"turns":3.0},{"damage":2.0,"enemies":"Small Slimes","floor":5.0,"turns":4.0},{"damage":11.0,"enemies":"3 Sentries","floor":7.0,"turns":9.0},{"damage":0.0,"enemies":"Exordium Wildlife","floor":10.0,"turns":4.0},{"damage":9.0,"enemies":"Large Slime","floor":14.0,"turns":6.0},{"damage":8.0,"enemies":"Hexaghost","floor":16.0,"turns":12.0},{"damage":7.0,"enemies":"3 Byrds","floor":18.0,"turns":6.0},{"damage":2.0,"enemies":"Chosen","floor":22.0,"turns":5.0},{"damage":39.0,"enemies":"Gremlin Leader","floor":23.0,"turns":12.0},{"damage":0.0,"enemies":"Snake Plant","floor":25.0,"turns":2.0},{"damage":12.0,"enemies":"Centurion and Healer","floor":28.0,"turns":5.0},{"damage":9.0,"enemies":"3 Cultists","floor":29.0,"turns":7.0},{"damage":0.0,"enemies":"Snake Plant","floor":30.0,"turns":6.0},{"damage":0.0,"enemies":"Slavers","floor":31.0,"turns":4.0},{"damage":11.0,"enemies":"Champ","floor":33.0,"turns":13.0},{"damage":27.0,"enemies":"Orb Walker","floor":35.0,"turns":9.0},{"damage":0.0,"enemies":"3 Darklings","floor":37.0,"turns":9.0},{"damage":0.0,"enemies":"Spire Growth","floor":39.0,"turns":5.0},{"damage":29.0,"enemies":"Reptomancer","floor":44.0,"turns":9.0},{"damage":0.0,"enemies":"Nemesis","floor":46.0,"turns":11.0},{"damage":1.0,"enemies":"4 Shapes","floor":47.0,"turns":5.0},{"damage":10,"enemies":"Awakened One","floor":50,"turns":10}],"seed_played":"-3390694819131334627","potions_obtained":[{"floor":3.0,"key":"FocusPotion"},{"floor":5.0,"key":"SpeedPotion"},{"floor":10.0,"key":"Block Potion"},{"floor":23.0,"key":"DuplicationPotion"},{"floor":33.0,"key":"Ancient Potion"},{"floor":35.0,"key":"BlessingOfTheForge"},{"floor":37.0,"key":"Weak Potion"},{"floor":39.0,"key":"FocusPotion"}],"is_trial":false,"path_per_floor":["M","$","M","?","M","R","E","R","T","M","R","$","R","M","R","B",null,"M","?","?","?","M","E","R","M","T","R","M","M","M","E","R","B",null,"M","?","M","?","M","R","?","R","T","E","?","E","M","$","R","B",null],"character_chosen":"DEFECT","items_purchased":["Bottled Tornado","Toolbox","DuplicationPotion"],"campfire_rested":3,"item_purchase_floors":[48,48,48],"current_hp_per_floor":[75,75,75,75,73,73,62,62,62,62,62,62,62,53,53,45,75,68,68,68,68,66,34,34,34,34,34,22,13,13,13,37,26,82,55,55,55,45,45,45,45,69,69,40,40,40,39,39,63,53],"gold":123,"neow_bonus":"THREE_CARDS","is_daily":false,"chose_seed":false,"campfire_upgraded":8,"win_rate":0.0,"timestamp":1609697832,"path_taken":["M","$","M","?","M","R","E","R","T","M","R","?","R","M","R","BOSS","M","?","?","?","M","E","R","M","T","R","?","M","M","E","R","BOSS","M","?","?","?","M","R","?","R","T","E","?","E","M","$","R","BOSS"],"items_purchased_type":["Relic","Relic","Potion"],"build_version":"2020-12-22","purchased_purges":3,"victory":true,"max_hp_per_floor":[75,75,75,75,75,75,75,75,75,75,75,75,75,75,75,75,75,75,75,75,75,75,82,82,82,82,82,82,82,82,82,82,82,82,82,82,82,82,82,82,82,82,82,82,82,82,82,82,82,82],"card_choices":[{"not_picked":["Aggregate","Barrage"],"picked":"Glacier","floor":0.0},{"not_picked":["Beam Cell","Compile Driver"],"picked":"Hologram","floor":1.0},{"not_picked":["Go for the Eyes","Beam Cell"],"picked":"Skim","floor":3.0},{"not_picked":["Double Energy","Streamline"],"picked":"Glacier","floor":5.0},{"not_picked":["Stack","Fusion"],"picked":"Reboot","floor":7.0},{"not_picked":["Leap","Glacier"],"picked":"Capacitor","floor":10.0},{"not_picked":["Rip and Tear","Compile Driver"],"picked":"Cold Snap","floor":14.0},{"not_picked":["Meteor Strike","Buffer"],"picked":"Thunder Strike","floor":16.0},{"not_picked":["Scrape","Beam Cell+1"],"picked":"BootSequence+1","floor":18.0},{"not_picked":["Chaos","Auto Shields","Melter"],"picked":"Leap+1","floor":22.0},{"not_picked":["Sweeping Beam+1","Stack","Glacier","Compile Driver+1"],"picked":"SKIP","floor":23.0},{"not_picked":["Go for the Eyes","Cold Snap","Heatsinks","Conserve Battery"],"picked":"SKIP","floor":25.0},{"not_picked":["Electrodynamics","Turbo","Genetic Algorithm"],"picked":"Chill","floor":28.0},{"not_picked":["Ball Lightning","Static Discharge","Cold Snap"],"picked":"Conserve Battery+1","floor":29.0},{"not_picked":["FTL","Cold Snap","Coolheaded"],"picked":"Redo+1","floor":30.0},{"not_picked":["Streamline","Self Repair+1","Sweeping Beam"],"picked":"Creative AI","floor":31.0},{"not_picked":["Buffer","Biased Cognition","Machine Learning"],"picked":"Echo Form","floor":33.0},{"not_picked":["Ball Lightning","Coolheaded","Doom and Gloom+1","Go for the Eyes+1"],"picked":"SKIP","floor":35.0},{"not_picked":["Ball Lightning","Coolheaded","Doom and Gloom+1"],"picked":"Go for the Eyes+1","floor":35.0},{"not_picked":["Auto Shields+1","Doom and Gloom+1","Go for the Eyes+1"],"picked":"Aggregate+1","floor":37.0},{"not_picked":["Compile Driver","Go for the Eyes+1","Leap+1","Storm+1"],"picked":"SKIP","floor":39.0},{"not_picked":["Metamorphosis","Finesse","Trip"],"picked":"Dark Shackles","floor":41.0},{"not_picked":["Stack","Redo+1","Static Discharge"],"picked":"Double Energy+1","floor":44.0},{"not_picked":["Leap+1","Aggregate","Gash","White Noise"],"picked":"SKIP","floor":46.0},{"not_picked":["Leap+1","Stack","Redo","Rip and Tear+1"],"picked":"SKIP","floor":47.0}],"player_experience":46818,"relics_obtained":[{"floor":7.0,"key":"War Paint"},{"floor":9.0,"key":"Ancient Tea Set"},{"floor":23.0,"key":"Strawberry"},{"floor":26.0,"key":"Matryoshka"},{"floor":31.0,"key":"White Beast Statue"},{"floor":43.0,"key":"Smiling Mask"},{"floor":43.0,"key":"Nunchaku"},{"floor":44.0,"key":"Bag of Marbles"},{"floor":46.0,"key":"Bag of Preparation"}],"event_choices":[{"damage_healed":0.0,"max_hp_gain":0.0,"max_hp_loss":0.0,"gold_gain":0.0,"event_name":"Match and Keep!","player_choice":"2 cards matched","floor":4.0,"gold_loss":0.0,"damage_taken":0.0,"cards_obtained":["Madness","Streamline"]},{"damage_healed":0.0,"max_hp_gain":0.0,"max_hp_loss":0.0,"gold_gain":0.0,"event_name":"Addict","player_choice":"Obtained Relic","floor":19.0,"gold_loss":85.0,"damage_taken":0.0,"relics_obtained":["Question Card"]},{"damage_healed":0.0,"max_hp_gain":0.0,"max_hp_loss":0.0,"gold_gain":0.0,"cards_transformed":["Sunder","Defend_B"],"event_name":"Drug Dealer","player_choice":"Became Test Subject","floor":20.0,"gold_loss":0.0,"damage_taken":0.0,"cards_obtained":["Fusion","Conserve Battery"]},{"damage_healed":0.0,"max_hp_gain":0.0,"max_hp_loss":0.0,"gold_gain":0.0,"event_name":"The Library","player_choice":"Read","floor":21.0,"gold_loss":0.0,"damage_taken":0.0,"cards_obtained":["Defragment"]},{"damage_healed":0.0,"max_hp_gain":0.0,"max_hp_loss":0.0,"gold_gain":100.0,"event_name":"Golden Shrine","player_choice":"Pray","floor":36.0,"gold_loss":0.0,"damage_taken":0.0},{"damage_healed":0.0,"max_hp_gain":0.0,"max_hp_loss":0.0,"gold_gain":0.0,"event_name":"Winding Halls","player_choice":"Embrace Madness","floor":38.0,"gold_loss":0.0,"damage_taken":10.0,"cards_obtained":["Madness","Madness"]},{"damage_healed":0.0,"max_hp_gain":0.0,"max_hp_loss":0.0,"gold_gain":0.0,"event_name":"SensoryStone","player_choice":"Memory 1","floor":41.0,"gold_loss":0.0,"damage_taken":0.0},{"damage_healed":0.0,"max_hp_gain":0.0,"max_hp_loss":0.0,"gold_gain":0.0,"event_name":"Mysterious Sphere","player_choice":"Ignored","floor":45.0,"gold_loss":0.0,"damage_taken":0.0}],"is_beta":false,"boss_relics":[{"not_picked":["Runic Pyramid","Snecko Eye"],"picked":"Astrolabe"},{"not_picked":["Nuclear Battery","Fusion Hammer"],"picked":"SlaversCollar"}],"items_purged_floors":[2,12,48],"is_endless":false,"potions_floor_spawned":[3,5,10,23,25,29,30,33,35,37,39,44,46,47],"ascension_level":2}}