{"host":"jpzdg3po3tjxdjri","time":1609694008,"event":{"mods":["BaseMod","Better Third Choice","Colored Map","Colored Powertips","Minty Spire (QoL Compilation)","StSLib"],"gold_per_floor":[110,130,150,150,170,170,199,199,247,247,247],"floor_reached":10,"playtime":323,"items_purged":[],"score":116,"play_id":"74ce9136-5b47-447a-bf60-e84c3e26954e","local_time":"20210103171328","is_ascension_mode":true,"campfire_choices":[{"data":"Spot Weakness","floor":6,"key":"SMITH"},{"data":"Twin Strike","floor":8,"key":"SMITH"}],"circlet_count":0,"master_deck":["AscendersBane","Strike_R","Strike_R","Strike_R","Strike_R","Defend_R","Defend_R","Defend_R","Defend_R","Bash","Headbutt","Armaments","Rupture","Spot Weakness+1","Twin Strike+1","Demon Form"],"relics":["Burning Blood","Darkstone Periapt","Bronze Scales"],"acts_visited":["Exordium"],"potions_floor_usage":[5],"damage_taken":[{"damage":4,"enemies":"Small Slimes","floor":1,"turns":5},{"damage":1,"enemies":"Cultist","floor":2,"turns":3},{"damage":0,"enemies":"2 Louse","floor":3,"turns":3},{"damage":32,"enemies":"Lots of Slimes","floor":5,"turns":7},{"damage":25,"enemies":"3 Sentries","floor":7,"turns":8},{"damage":38,"enemies":"Gremlin Nob","floor":10,"turns":4}],"seed_played":"-1624599546309735338","potions_obtained":[{"floor":1,"key":"Swift Potion"},{"floor":2,"key":"ElixirPotion"}],"is_trial":false,"path_per_floor":["M","M","M","?","M","R","E","R","T","E"],"character_chosen":"IRONCLAD","items_purchased":[],"campfire_rested":0,"item_purchase_floors":[],"current_hp_per_floor":[77,82,82,82,56,56,37,37,37,0,0],"gold":247,"neow_bonus":"TEN_PERCENT_HP_BONUS","is_daily":false,"chose_seed":false,"campfire_upgraded":2,"win_rate":0.0,"timestamp":1609694008,"path_taken":["M","M","M","?","?","R","E","R","T","E"],"items_purchased_type":[],"build_version":"2020-12-22","purchased_purges":0,"victory":false,"max_hp_per_floor":[82,82,82,82,82,82,82,82,82,82,82],"card_choices":[{"not_picked":["Spot Weakness","Clash"],"picked":"Headbutt","floor":1},{"not_picked":["Thunderclap","Disarm"],"picked":"Armaments","floor":2},{"not_picked":["Rage","Armaments"],"picked":"Rupture","floor":3},{"not_picked":["Wild Strike","Iron Wave"],"picked":"Twin Strike","floor":5},{"not_picked":["Thunderclap","Evolve"],"picked":"Demon Form","floor":7}],"player_experience":819629,"relics_obtained":[{"floor":7,"key":"Darkstone Periapt"},{"floor":9,"key":"Bronze Scales"}],"event_choices":[{"damage_healed":0,"gold_gain":0,"cards_transformed":["Strike_R"],"player_choice":"Transformed","damage_taken":0,"max_hp_gain":0,"max_hp_loss":0,"event_name":"Transmorgrifier","floor":4,"gold_loss":0,"cards_obtained":["Spot Weakness"]}],"is_beta":false,"boss_relics":[],"items_purged_floors":[],"is_endless":false,"potions_floor_spawned":[1,2],"killed_by":"Gremlin Nob","ascension_level":14}}