{"host":"cdnletu4ypo40ld3","time":1609685843,"event":{"mods":["BaseMod","Colored Map","Downfall","Googly Eyes","Hermit","Highlight Path","Infinite Spire","Jorbs\u0027s Wanderer Trilogy","Marisa????????","Minty Spire (QoL Compilation)","Rare Cards Sparkle","Replay The Spire","StSLib","The Animator","The Cursed","The Disciple","The Runesmith","The Servant 0.9.4"],"gold_per_floor":[111,143,143,163,150,150,161,185,185,195,195,235,247,286,286,386,386,400,414,86,116,126,126,126,158,158,73,16,52,72,110,110,110,110],"floor_reached":33,"playtime":2508,"items_purged":["animator:Strike"],"score":295,"play_id":"e98ae302-f3d5-41dc-8158-7a51b782ae8a","local_time":"20210103215723","is_ascension_mode":false,"campfire_choices":[{"data":"animator:YunYun","floor":6,"key":"SMITH"},{"data":"animator:Tet","floor":11,"key":"SMITH"},{"floor":15,"key":"REST"},{"floor":23,"key":"REST"},{"floor":32,"key":"REST"}],"circlet_count":0,"master_deck":["animator:Strike_Konosuba+1","animator:Defend_Konosuba+1","animator:Strike","animator:Strike","animator:Defend","animator:Defend","animator:Defend+1","animator:Kazuma+1","animator:Aqua+1","animator:Priestess","animator:Jibril+1","animator:IzunaHatsuse","animator:YunYun+1","animator:Vanir","animator:Tet+1","animator:DolaRiku","animator:Megumin+9","animator:PandorasActor","animator:DolaSchwi+1","animator:Hans","animator:FielNirvalen","animator:RoyMustang","animator:Cocytus","animator:Envy","animator:Chris+1","animator:ElricEdward+1","animator:Witch","animator:Greed"],"relics":["animator:LivingPicture","animator:TheMissingPiece","Replay:Baseball","Gremlin Food","Painkiller Herb","animator:BattleDrones","animator:AlchemistGlove","Singing Bowl","Molten Egg 2","War Paint"],"acts_visited":["Exordium","TheCity"],"potions_floor_usage":[21,22,25,31,33,33],"damage_taken":[{"damage":0,"enemies":"Jaw Worm","floor":1,"turns":7},{"damage":2,"enemies":"Cultist","floor":2,"turns":6},{"damage":11,"enemies":"infinitespire:Voidling","floor":4,"turns":5},{"damage":7,"enemies":"Exordium Thugs","floor":5,"turns":7},{"damage":3,"enemies":"2 Fungi Beasts","floor":7,"turns":3},{"damage":0,"enemies":"Exordium Wildlife","floor":8,"turns":3},{"damage":0,"enemies":"Looter","floor":10,"turns":2},{"damage":12,"enemies":"Lagavulin","floor":12,"turns":6},{"damage":7,"enemies":"3 Louse","floor":13,"turns":3},{"damage":0,"enemies":"Lots of Slimes","floor":14,"turns":1},{"damage":51,"enemies":"Fading Forest","floor":16,"turns":11},{"damage":8,"enemies":"3 Byrds","floor":18,"turns":4},{"damage":17,"enemies":"Spheric Guardian","floor":19,"turns":4},{"damage":8,"enemies":"Cultist and Chosen","floor":21,"turns":5},{"damage":14,"enemies":"Centurion and Healer","floor":22,"turns":5},{"damage":34,"enemies":"Slavers","floor":25,"turns":4},{"damage":4,"enemies":"Snake Plant","floor":29,"turns":3},{"damage":5,"enemies":"Chosen and Byrds","floor":30,"turns":4},{"damage":6,"enemies":"animator:HornedBat","floor":31,"turns":5},{"damage":59,"enemies":"Collector","floor":33,"turns":7}],"seed_played":"-5543177507356976689","potions_obtained":[{"floor":1,"key":"Dexterity Potion"},{"floor":5,"key":"champ:CounterPotion"},{"floor":12,"key":"Weak Potion"},{"floor":16,"key":"hexamod:EctoCoolerPotion"},{"floor":22,"key":"Dexterity Potion"},{"floor":29,"key":"SkillPotion"},{"floor":30,"key":"Elixir"},{"floor":31,"key":"Swift Potion"}],"is_trial":false,"path_per_floor":["M","M","?","M","M","R","M","M","T","M","R","E","M","M","R","B",null,"?","?","T","?","?","T","?","E","T","?","T","?","?","E","T","B"],"character_chosen":"THE_ANIMATOR","items_purchased":["animator:BattleDrones","animator:Chris+1"],"campfire_rested":3,"item_purchase_floors":[20,28],"current_hp_per_floor":[66,66,66,58,53,53,53,55,55,56,56,46,41,41,61,23,70,64,47,47,41,29,50,72,39,39,39,39,37,34,31,53,0,0],"gold":110,"neow_bonus":"RANDOM_EVENT","is_daily":false,"chose_seed":false,"campfire_upgraded":2,"win_rate":0.0,"timestamp":1609685843,"path_taken":["M","M","?","M","M","R","M","?","T","M","R","E","?","M","R","BOSS","?","?","T","?","?","T","?","E","T","?","?","?","?","E","T","BOSS"],"items_purchased_type":["Relic","Card"],"build_version":"2020-12-22","purchased_purges":1,"victory":false,"max_hp_per_floor":[66,66,66,67,67,67,68,68,68,69,69,69,69,69,69,70,70,72,72,72,72,72,72,72,73,73,73,73,73,73,74,74,74,74],"card_choices":[{"not_picked":["animator:Aqua","animator:Hitei"],"picked":"animator:Priestess","floor":1},{"not_picked":["animator:MaesHughes","animator:Spearman"],"picked":"animator:Jibril","floor":2},{"not_picked":["animator:Togame","animator:Benimaru"],"picked":"animator:IzunaHatsuse","floor":4},{"not_picked":["animator:Vanir","animator:Aqua"],"picked":"animator:YunYun","floor":5},{"not_picked":["animator:Entoma","animator:UneriGinkaku"],"picked":"animator:Vanir","floor":7},{"not_picked":["animator:PandorasActor","animator:Witch"],"picked":"animator:Tet","floor":8},{"not_picked":["animator:Aqua","animator:Priestess"],"picked":"animator:DolaRiku","floor":10},{"not_picked":["animator:Chris","animator:Mitsurugi"],"picked":"animator:Megumin","floor":12},{"not_picked":["animator:Sebas","animator:ZankiKiguchi"],"picked":"animator:PandorasActor","floor":13},{"not_picked":["animator:DwarfShaman","animator:Shuna"],"picked":"animator:DolaSchwi","floor":14},{"not_picked":["animator:Biyorigo","animator:Wiz"],"picked":"animator:Hans","floor":16},{"not_picked":["animator:Spearman","animator:Chris"],"picked":"animator:FielNirvalen","floor":18},{"not_picked":["animator:YunYun","animator:Kazuma"],"picked":"animator:Megumin","floor":19},{"not_picked":["animator:Hakurou","animator:Priestess+1"],"picked":"animator:RoyMustang","floor":21},{"not_picked":["animator:Kazuma","animator:Entoma"],"picked":"animator:Cocytus","floor":22},{"not_picked":["animator:Gluttony","animator:WinryRockbell"],"picked":"animator:Envy","floor":25},{"not_picked":["animator:Pride","animator:Sloth+1"],"picked":"animator:ElricEdward+1","floor":29},{"not_picked":["animator:Scar+1","animator:Cocytus+1"],"picked":"animator:Witch","floor":30},{"not_picked":["animator:Kazuma","animator:DolaStephanie+1"],"picked":"animator:Greed","floor":31}],"player_experience":177727,"relics_obtained":[{"floor":9,"key":"Replay:Baseball"},{"floor":12,"key":"Gremlin Food"},{"floor":25,"key":"animator:AlchemistGlove"},{"floor":26,"key":"Singing Bowl"},{"floor":31,"key":"War Paint"}],"event_choices":[{"damage_healed":0,"gold_gain":0,"player_choice":"Forge","damage_taken":0,"max_hp_gain":0,"max_hp_loss":0,"event_name":"Accursed Blacksmith","floor":3,"gold_loss":0,"cards_upgraded":["animator:Jibril"]},{"damage_healed":24,"gold_gain":0,"player_choice":"Heal","damage_taken":0,"max_hp_gain":0,"max_hp_loss":0,"event_name":"The Library","floor":24,"gold_loss":0},{"damage_healed":0,"gold_gain":0,"player_choice":"Obtained Relic","damage_taken":0,"relics_obtained":["Molten Egg 2"],"max_hp_gain":0,"max_hp_loss":0,"event_name":"Addict","floor":27,"gold_loss":85}],"is_beta":false,"boss_relics":[{"not_picked":["Sozu","Fusion Hammer"],"picked":"Painkiller Herb"}],"items_purged_floors":[20],"is_endless":false,"potions_floor_spawned":[1,5,12,13,16,22,29,30,31],"killed_by":"Collector","ascension_level":0}}