{"host":"pl1fbpkom0aq337f","time":1609685623,"event":{"mods":["AchievementEnabler","BaseMod","Colored Map","Minty Spire (QoL Compilation)"],"gold_per_floor":[109,59,59,73,148,148,148,168,168,180,196,215,68,82,82,82,184,184,195,210,210,235,235,235,135,135,135,146,21,21,120,138,138,235,235,251,251,271,23,33,33,43,93,93,93,93,93],"floor_reached":46,"playtime":740,"items_purged":["Strike_R","Defend_R","Defend_R"],"score":460,"play_id":"d919a500-778b-4951-a8ed-af35da71509e","local_time":"20210103155343","is_ascension_mode":false,"campfire_choices":[{"data":"Bludgeon","floor":7.0,"key":"SMITH"},{"data":"Bash","floor":15,"key":"SMITH"},{"data":"Armaments","floor":16,"key":"SMITH"},{"data":"Whirlwind","floor":24,"key":"SMITH"},{"data":"Immolate","floor":26,"key":"SMITH"},{"data":"Flex","floor":30,"key":"SMITH"},{"data":"Cleave","floor":33,"key":"SMITH"},{"data":"Strike_R","floor":41,"key":"SMITH"}],"circlet_count":0,"master_deck":["Strike_R+1","Defend_R+1","Bash+1","Flex+1","Bludgeon+1","Cleave+1","Armaments+1","Whirlwind+1","Flex+1","Immolate+1","Shrug It Off+1","Clash+1","Sword Boomerang+1"],"relics":["Sozu","Lizard Tail","Velvet Choker","War Paint","Red Skull","Astrolabe","Bottled Flame","Du-Vu Doll","CeramicFish"],"acts_visited":["Exordium","TheCity","TheBeyond"],"potions_floor_usage":[],"damage_taken":[{"damage":5.0,"enemies":"2 Louse","floor":1.0,"turns":2.0},{"damage":11.0,"enemies":"Jaw Worm","floor":4.0,"turns":2.0},{"damage":0.0,"enemies":"Cultist","floor":8.0,"turns":2.0},{"damage":9.0,"enemies":"2 Fungi Beasts","floor":10.0,"turns":2.0},{"damage":10.0,"enemies":"3 Louse","floor":11.0,"turns":3.0},{"damage":6.0,"enemies":"Lots of Slimes","floor":12.0,"turns":3.0},{"damage":0,"enemies":"Blue Slaver","floor":14,"turns":1},{"damage":0,"enemies":"Slime Boss","floor":17,"turns":5},{"damage":0,"enemies":"Spheric Guardian","floor":19,"turns":3},{"damage":7,"enemies":"2 Thieves","floor":20,"turns":3},{"damage":18,"enemies":"Shelled Parasite and Fungi","floor":28,"turns":3},{"damage":1,"enemies":"3 Cultists","floor":32,"turns":3},{"damage":65,"enemies":"Champ","floor":34,"turns":6},{"damage":6,"enemies":"3 Shapes","floor":36,"turns":1},{"damage":0,"enemies":"3 Darklings","floor":38,"turns":2},{"damage":9,"enemies":"Sphere and 2 Shapes","floor":40,"turns":3},{"damage":0,"enemies":"Spire Growth","floor":42,"turns":2},{"damage":9,"enemies":"Mind Bloom Boss Battle","floor":43,"turns":5},{"damage":61,"enemies":"Giant Head","floor":46,"turns":6}],"seed_played":"-7405271169112353343","potions_obtained":[],"is_trial":false,"path_per_floor":["M","?","?","M","?","?","R","M","T","M","M","M","$","M","R","R","B",null,"M","M","?","T","?","R","$","R","T","M","$","R","?","M","R","B",null,"M","?","M","$","M","R","M","?","T","?","E"],"character_chosen":"IRONCLAD","items_purchased":["Whirlwind","Bottled Flame"],"campfire_rested":0,"item_purchase_floors":[13,39],"current_hp_per_floor":[75,75,75,64,53,53,53,53,53,44,34,28,28,28,28,28,28,80,80,73,73,73,58,58,58,58,58,40,40,40,40,39,39,18,85,79,79,79,79,70,70,70,61,61,61,0,0],"gold":93,"neow_bonus":"BOSS_RELIC","is_daily":false,"chose_seed":false,"campfire_upgraded":8,"win_rate":0.0,"timestamp":1609685623,"path_taken":["M","?","?","?","?","?","R","M","T","M","M","M","$","M","R","R","BOSS","M","?","?","?","?","R","$","R","T","M","$","R","?","M","R","BOSS","M","?","M","$","M","R","M","?","T","?","E"],"items_purchased_type":["Card","Relic"],"build_version":"2020-12-22","purchased_purges":3,"victory":false,"max_hp_per_floor":[80,80,80,80,80,80,80,80,80,80,80,80,80,80,80,80,80,80,80,80,80,80,85,85,85,85,85,85,85,85,85,85,85,85,85,85,85,85,85,85,85,85,85,85,81,81,81],"card_choices":[{"not_picked":["Heavy Blade","True Grit"],"picked":"Flex","floor":1.0},{"not_picked":["Warcry","Ghostly Armor","Sever Soul"],"picked":"SKIP","floor":4.0},{"not_picked":["Flame Barrier","Burning Pact","Hemokinesis"],"picked":"SKIP","floor":8.0},{"not_picked":["Infernal Blade","Twin Strike","Clothesline"],"picked":"SKIP","floor":10.0},{"not_picked":["Thunderclap","Perfected Strike"],"picked":"Cleave","floor":11.0},{"not_picked":["Clash","Sword Boomerang"],"picked":"Armaments","floor":12.0},{"not_picked":["Clash","Ghostly Armor"],"picked":"Flex","floor":14},{"not_picked":["Exhume","Demon Form"],"picked":"Immolate","floor":17},{"not_picked":["Cleave","Pommel Strike+1","Ghostly Armor"],"picked":"SKIP","floor":19},{"not_picked":["Havoc","Clothesline","Flex"],"picked":"SKIP","floor":20},{"not_picked":["Dropkick","Infernal Blade","Havoc"],"picked":"SKIP","floor":28},{"not_picked":["Havoc","Iron Wave","Shrug It Off"],"picked":"SKIP","floor":32},{"not_picked":["Perfected Strike+1","Combust+1","Wild Strike"],"picked":"SKIP","floor":36},{"not_picked":["Flex+1","Havoc+1","Carnage"],"picked":"SKIP","floor":38},{"not_picked":["Clash+1","Inflame","Metallicize"],"picked":"SKIP","floor":40},{"not_picked":["Flex+1","Metallicize","Cleave+1"],"picked":"SKIP","floor":42}],"player_experience":425236,"relics_obtained":[{"floor":9.0,"key":"Lizard Tail"},{"floor":22,"key":"War Paint"},{"floor":27,"key":"Red Skull"},{"floor":43,"key":"Du-Vu Doll"},{"floor":44,"key":"CeramicFish"}],"event_choices":[{"cards_removed":["Strike_R"],"damage_healed":0.0,"max_hp_gain":0.0,"max_hp_loss":0.0,"gold_gain":0.0,"event_name":"The Cleric","player_choice":"Card Removal","floor":2.0,"gold_loss":50.0,"damage_taken":0.0},{"damage_healed":0.0,"max_hp_gain":0.0,"max_hp_loss":0.0,"gold_gain":0.0,"event_name":"The Woman in Blue","player_choice":"Bought 0 Potions","floor":3.0,"gold_loss":0.0,"damage_taken":0.0},{"damage_healed":0.0,"max_hp_gain":0.0,"max_hp_loss":0.0,"gold_gain":75.0,"event_name":"World of Goop","player_choice":"Gather Gold","floor":5.0,"gold_loss":0.0,"damage_taken":11.0},{"damage_healed":0.0,"max_hp_gain":0.0,"max_hp_loss":0.0,"gold_gain":0.0,"event_name":"Match and Keep!","player_choice":"1 cards matched","floor":6.0,"gold_loss":0.0,"damage_taken":0.0,"cards_obtained":["Bludgeon"]},{"damage_healed":0,"gold_gain":0,"player_choice":"Ignored","damage_taken":0,"max_hp_gain":0,"max_hp_loss":0,"event_name":"The Mausoleum","floor":21,"gold_loss":0},{"damage_healed":0,"gold_gain":0,"player_choice":"Shed Blood","damage_taken":20,"max_hp_gain":5,"max_hp_loss":0,"event_name":"Forgotten Altar","floor":23,"gold_loss":0},{"damage_healed":0,"gold_gain":99,"player_choice":"Stole From Cult","damage_taken":0,"max_hp_gain":0,"max_hp_loss":0,"event_name":"Nest","floor":31,"gold_loss":0},{"damage_healed":0,"gold_gain":0,"player_choice":"Memory 1","damage_taken":0,"max_hp_gain":0,"max_hp_loss":0,"event_name":"SensoryStone","floor":37,"gold_loss":0},{"damage_healed":0,"gold_gain":0,"player_choice":"Fight","damage_taken":0,"max_hp_gain":0,"max_hp_loss":0,"event_name":"MindBloom","floor":43,"gold_loss":0},{"damage_healed":0,"gold_gain":0,"player_choice":"Max HP","damage_taken":0,"max_hp_gain":0,"max_hp_loss":4,"event_name":"Winding Halls","floor":45,"gold_loss":0}],"is_beta":false,"boss_relics":[{"not_picked":["Busted Crown","Cursed Key"],"picked":"Velvet Choker"},{"not_picked":["Coffee Dripper","Philosopher\u0027s Stone"],"picked":"Astrolabe"}],"items_purged_floors":[13,25,29],"is_endless":false,"potions_floor_spawned":[4,11,12,14,17,19,28,38,40,43],"killed_by":"Giant Head","ascension_level":0}}