{"host":"kfzb6d1vwx0oeud7","time":1609707260,"event":{"mods":["BaseMod","Downfall","Marisa????????","Minty Spire (QoL Compilation)","StSLib","The Cursed","The Servant 0.9.4"],"gold_per_floor":[114,114,114,133,152,190,209,228,228,266,285,304,304,323,323,448,448,467,486,486,68,87,125,125,163,188,226,226,245,245,283,283,408,408,427,427,446,465,484,522,522,560,560,520,539,539,558,558,558,558],"floor_reached":51,"playtime":6080,"items_purged":[],"score":900,"play_id":"e02ca1d1-8957-4b53-bb0d-786b97f06003","local_time":"20210103155420","daily_mods":["Heirloom","Blue Cards","Elite Swarm"],"is_ascension_mode":false,"campfire_choices":[{"floor":13,"key":"REST"},{"floor":15,"key":"REST"},{"data":"Guardian:PrismaticBeam","floor":24,"key":"SMITH"},{"data":"Guardian:CompilePackage","floor":28,"key":"SMITH"},{"data":"Double Energy","floor":32,"key":"SMITH"},{"floor":41,"key":"REST"},{"floor":49,"key":"REST"}],"circlet_count":0,"master_deck":["Guardian:Defend_Guardian","Guardian:Defend_Guardian","Guardian:CurlUp","Guardian:TwinSlam","Guardian:BronzeOrb","Double Energy+1","Guardian:StasisStrike","Guardian:ChargeUp","BootSequence","Guardian:PrismaticBeam+1","Guardian:TemporalShield","Guardian:CompilePackage+1","Gash+1","Guardian:Recover","Sweeping Beam","Guardian:FloatingOrbs","Flash of Steel","Guardian:Emergency","Guardian:GemFire","Guardian:StasisEngine","Guardian:ChargeUp","Bite","Bite","Bite","Bite","Bite","Guardian:ExploitGems","Guardian:SphericShield","Cold Snap+1","Self Repair","Guardian:StasisField","Guardian:FastForward+1","Madness","Guardian:TemporalStrike+1"],"relics":["Guardian:ModeShifter","champ:DuelingGlove","Golden Idol","Spirit Poop","Peace Pipe","Nunchaku","Kunai","Astrolabe","MutagenicStrength","Pear","White Beast Statue","Singing Bowl","Orichalcum","champ:DeflectingBracers","Akabeko","Black Star","Sundial","Blue Candle","Vajra","Calipers","Du-Vu Doll"],"acts_visited":["Exordium","TheCity","TheBeyond"],"potions_floor_usage":[6,16,16,22,33,33,38,40,42,42,42,47,47,47],"damage_taken":[{"damage":0,"enemies":"Small Slimes","floor":1,"turns":5},{"damage":1,"enemies":"2 Louse","floor":4,"turns":3},{"damage":1,"enemies":"Cultist","floor":5,"turns":3},{"damage":19,"enemies":"3 Sentries","floor":6,"turns":10},{"damage":4,"enemies":"Gremlin Gang","floor":7,"turns":5},{"damage":4,"enemies":"2 Fungi Beasts","floor":8,"turns":3},{"damage":17,"enemies":"Gremlin Nob","floor":10,"turns":5},{"damage":9,"enemies":"Exordium Wildlife","floor":11,"turns":4},{"damage":1,"enemies":"3 Louse","floor":12,"turns":3},{"damage":0,"enemies":"Red Slaver","floor":14,"turns":4},{"damage":0,"enemies":"Hexaghost","floor":16,"turns":9},{"damage":0,"enemies":"3 Byrds","floor":18,"turns":4},{"damage":2,"enemies":"Spheric Guardian","floor":19,"turns":4},{"damage":4,"enemies":"Shelled Parasite and Fungi","floor":22,"turns":5},{"damage":5,"enemies":"Slavers","floor":23,"turns":3},{"damage":0,"enemies":"Gremlin Leader","floor":25,"turns":5},{"damage":0,"enemies":"Slavers","floor":27,"turns":4},{"damage":0,"enemies":"3 Cultists","floor":29,"turns":3},{"damage":0,"enemies":"Gremlin Leader","floor":31,"turns":4},{"damage":5,"enemies":"Collector","floor":33,"turns":5},{"damage":0,"enemies":"3 Shapes","floor":35,"turns":1},{"damage":8,"enemies":"Orb Walker","floor":37,"turns":4},{"damage":3,"enemies":"Spire Growth","floor":38,"turns":4},{"damage":0,"enemies":"Sphere and 2 Shapes","floor":39,"turns":4},{"damage":26,"enemies":"Nemesis","floor":40,"turns":7},{"damage":46,"enemies":"Reptomancer","floor":42,"turns":6},{"damage":0,"enemies":"Transient","floor":45,"turns":5},{"damage":16,"enemies":"Spire Growth","floor":47,"turns":4},{"damage":48,"enemies":"Donu and Deca","floor":50,"turns":7}],"seed_played":"4251252283042701915","potions_obtained":[{"floor":1,"key":"Guardian:BlockOnCardUsePotion"},{"floor":7,"key":"SpeedPotion"},{"floor":8,"key":"Fire Potion"},{"floor":12,"key":"PowerPotion"},{"floor":16,"key":"hexamod:EctoCoolerPotion"},{"floor":19,"key":"Weak Potion"},{"floor":25,"key":"CultistPotion"},{"floor":27,"key":"Energy Potion"},{"floor":33,"key":"hexamod:EctoCoolerPotion"},{"floor":35,"key":"EssenceOfSteel"},{"floor":38,"key":"Fire Potion"},{"floor":39,"key":"EntropicBrew"},{"floor":40,"key":"PowerPotion"},{"floor":47,"key":"SpeedPotion"}],"is_trial":false,"path_per_floor":["M","?","?","M","M","E","M","M","T","E","M","M","R","M","R","B",null,"M","M","?","$","M","E","R","E","T","E","R","M","?","E","R","B",null,"M","?","M","M","M","E","R","E","T","?","M","?","M","?","R","B",null],"character_chosen":"GUARDIAN","items_purchased":["Pear","Guardian:FloatingOrbs","Flash of Steel"],"campfire_rested":4,"item_purchase_floors":[21,21,21],"current_hp_per_floor":[80,80,80,79,78,59,55,51,51,34,25,24,48,48,72,72,80,80,78,78,88,84,79,79,79,79,79,79,79,62,62,62,61,62,62,62,56,59,65,54,66,33,33,33,54,45,42,42,62,33],"gold":558,"neow_bonus":"","is_daily":true,"chose_seed":false,"campfire_upgraded":3,"win_rate":0.0,"timestamp":1609707260,"path_taken":["M","?","?","M","M","E","?","M","T","E","M","?","R","M","R","BOSS","M","M","?","$","M","E","R","E","T","E","R","M","?","E","R","BOSS","M","?","M","M","M","E","R","E","T","?","?","?","M","?","R","BOSS"],"items_purchased_type":["Relic","Card","Card"],"build_version":"2020-12-22","purchased_purges":0,"victory":true,"max_hp_per_floor":[80,80,80,80,80,80,80,80,80,80,80,80,80,80,80,80,80,80,80,80,90,90,90,90,90,90,90,90,90,62,62,62,62,62,62,62,64,66,66,66,66,66,66,66,68,68,68,68,68,68],"card_choices":[{"not_picked":["Reprogram","Guardian:TemporalShield"],"picked":"Guardian:BronzeOrb","floor":1},{"not_picked":["Guardian:VentSteam","Rebound"],"picked":"Guardian:Gem_Crimson","floor":4},{"not_picked":["Guardian:DonusPower","Guardian:Gem_Synthetic"],"picked":"Double Energy","floor":5},{"not_picked":["Machine Learning","Guardian:StasisEngine"],"picked":"Guardian:StasisStrike","floor":6},{"not_picked":["Guardian:DonusPower","Streamline"],"picked":"Guardian:ChargeUp","floor":7},{"not_picked":["Guardian:VentSteam","Streamline"],"picked":"BootSequence","floor":8},{"not_picked":["Guardian:GemFinder","Creative AI"],"picked":"Guardian:Gem_Orange","floor":10},{"not_picked":["Beam Cell","Auto Shields"],"picked":"Guardian:PrismaticBeam","floor":11},{"not_picked":["Heatsinks","Stack"],"picked":"Guardian:Gem_Purple","floor":12},{"not_picked":["Leap","Rebound"],"picked":"Guardian:TemporalShield","floor":14},{"not_picked":["Amplify","Buffer"],"picked":"Guardian:CompilePackage","floor":16},{"not_picked":["Heatsinks","Go for the Eyes+1"],"picked":"Guardian:Recover","floor":18},{"not_picked":["Cold Snap","Hello World+1"],"picked":"Sweeping Beam","floor":19},{"not_picked":["Doom and Gloom","Guardian:Gem_Red"],"picked":"Guardian:Emergency","floor":22},{"not_picked":["Guardian:BaubleBeam","Core Surge"],"picked":"Guardian:Gem_Synthetic","floor":23},{"not_picked":["Biased Cognition","Meteor Strike"],"picked":"Guardian:GemFire","floor":25},{"not_picked":["Guardian:AncientConstruct","Electrodynamics"],"picked":"Guardian:StasisEngine","floor":27},{"not_picked":["Guardian:RefractedBeam","Guardian:PrimingBeam"],"picked":"Guardian:ChargeUp","floor":29},{"not_picked":["Guardian:AncientConstruct","Guardian:GemFire"],"picked":"Guardian:ExploitGems","floor":31},{"not_picked":["Electrodynamics","Amplify"],"picked":"Guardian:SphericShield","floor":33},{"not_picked":["Guardian:Clone","Guardian:FuturePlans"],"picked":"Cold Snap+1","floor":35},{"not_picked":["Guardian:Reroute+1","Gash+1","Guardian:Repulse"],"picked":"Singing Bowl","floor":37},{"not_picked":["Barrage+1","Guardian:Gem_Lightblue","Guardian:GatlingBeam"],"picked":"Singing Bowl","floor":38},{"not_picked":["Guardian:Gem_Blue","Guardian:Gem_Yellow"],"picked":"Self Repair","floor":39},{"not_picked":["Guardian:ExploitGems","Guardian:HyperBeam_Guardian"],"picked":"Guardian:StasisField","floor":40},{"not_picked":["Multi-Cast","Guardian:FierceBash"],"picked":"Guardian:FastForward","floor":42},{"not_picked":["Stack+1","Guardian:Reroute+1","Ball Lightning+1"],"picked":"Singing Bowl","floor":45},{"not_picked":["Guardian:Gem_Lightblue","Rip and Tear"],"picked":"Guardian:TemporalStrike+1","floor":47}],"player_experience":370567,"relics_obtained":[{"floor":6,"key":"Peace Pipe"},{"floor":9,"key":"Nunchaku"},{"floor":10,"key":"Kunai"},{"floor":23,"key":"White Beast Statue"},{"floor":25,"key":"Singing Bowl"},{"floor":26,"key":"Orichalcum"},{"floor":27,"key":"champ:DeflectingBracers"},{"floor":31,"key":"Akabeko"},{"floor":40,"key":"Sundial"},{"floor":40,"key":"Blue Candle"},{"floor":42,"key":"Vajra"},{"floor":42,"key":"Calipers"},{"floor":43,"key":"Du-Vu Doll"}],"event_choices":[{"damage_healed":0,"gold_gain":0,"player_choice":"Take Wound","damage_taken":0,"relics_obtained":["Golden Idol"],"max_hp_gain":0,"max_hp_loss":0,"event_name":"Golden Idol","floor":2,"gold_loss":0,"cards_obtained":["Injury"]},{"cards_removed":["Injury"],"damage_healed":0,"gold_gain":0,"player_choice":"Offered Curse","damage_taken":0,"relics_obtained":["Spirit Poop"],"max_hp_gain":0,"max_hp_loss":0,"event_name":"Bonfire Elementals","floor":3,"gold_loss":0},{"damage_healed":0,"gold_gain":0,"player_choice":"Inject Mutagens","damage_taken":0,"relics_obtained":["MutagenicStrength"],"max_hp_gain":0,"max_hp_loss":0,"event_name":"Drug Dealer","floor":20,"gold_loss":0},{"damage_healed":0,"gold_gain":0,"player_choice":"Became a vampire","damage_taken":0,"max_hp_gain":0,"max_hp_loss":28,"event_name":"Vampires","floor":30,"gold_loss":0,"cards_obtained":["Bite","Bite","Bite","Bite","Bite"]},{"damage_healed":0,"gold_gain":0,"player_choice":"Upgrade","damage_taken":0,"max_hp_gain":0,"max_hp_loss":0,"event_name":"Designer","floor":44,"gold_loss":40,"cards_upgraded":["Guardian:FastForward"]},{"damage_healed":0,"gold_gain":0,"player_choice":"Embrace Madness","damage_taken":9,"max_hp_gain":0,"max_hp_loss":0,"event_name":"Winding Halls","floor":46,"gold_loss":0,"cards_obtained":["Madness","Madness"]},{"cards_removed":["Madness"],"damage_healed":0,"gold_gain":0,"player_choice":"Removed Skill","damage_taken":0,"max_hp_gain":0,"max_hp_loss":0,"event_name":"Falling","floor":48,"gold_loss":0}],"is_beta":false,"boss_relics":[{"not_picked":["Empty Cage","Snecko Eye"],"picked":"Astrolabe"},{"not_picked":["Runic Pyramid","Velvet Choker"],"picked":"Black Star"}],"items_purged_floors":[],"is_endless":false,"potions_floor_spawned":[1,7,8,12,16,19,25,27,29,31,33,35,37,38,39,40,42,45,47],"ascension_level":0}}