{"host":"4mxntv5hh20ijfso","time":1609640553,"event":{"mods":["2.2 Compatiblity","AchievementEnabler","Act Like it!","Arknights The Spire","Astrologer","BaseMod","Bestiary","Better Altar","Better Match","Better Note","Better Sensory Stone","Better Skull","Better Third Choice","Better Vampires","CatGirl Mod","Elementarium","Energized Spire","Fireblade Mod","Friendly Minions","Gensokyo","Halation","Hero for Fun","Infinite Spire","Koishi","Marisa????????","Menagerie","Minty Spire (QoL Compilation)","QueenMod","Quick Restart","Random Character Button","Rare Cards Sparkle","Robot Space Explorer","SCP261 Mod","Shade Mod","Shop Mod","Somnambulant","Spicy Shops","StSLib","The Alterego","The Blackbeard","The Bladedancer","The Clintock","The Cursed","The Druid","The Elementalist","The Hayseed","The Hierophant","The Kombatant","The Marked","The Mystic","The Poker Player","The Runesmith","The Valiant","TheVelvet","Uncapped","UnlockEverythingMod","Waifu the Spire","Wandering Minibosses","Yuri Mod","vexMod"],"gold_per_floor":[114,114,114,2,12,43,59,79,104,29,54,66,66,84,84,184,184,202,212,230,242,258,258,258,269,296,296,296],"floor_reached":27,"playtime":3512,"items_purged":[],"score":279,"play_id":"dc882f06-6a1d-4523-900d-ca7d27ec09ba","local_time":"20210102212233","is_ascension_mode":false,"campfire_choices":[{"data":"Menagerie:BeastSpirit","floor":13.0,"key":"SMITH"},{"data":"TheCursedMod:EmpowerCircles","floor":15.0,"key":"SMITH"},{"data":"TheCursedMod:HellfireBreathing","floor":23.0,"key":"SMITH"}],"circlet_count":0,"master_deck":["TheCursedMod:CleanUpWorkshop","TheCursedMod:CursedSpellbook","TheCursedMod:CursedArmor","TheCursedMod:SpitefulPlan","TheCursedMod:LuckyCharm","TheCursedMod:ShockAndAwe","TheCursedMod:CircleOfBlood+1","TheCursedMod:CircleOfFocus","TheCursedMod:CircleOfAmplification+1","TheCursedMod:VoidForm","TheCursedMod:SmokeScreen","Menagerie:BeastSpirit+1","TheCursedMod:HellfireBreathing+1","TheCursedMod:HellsGateOpen","TheCursedMod:ReleasedKnowledge","TheCursedMod:FleshFromBone","TheCursedMod:Stigma","TheCursedMod:RapidMovement+1","TheCursedMod:NeowsMight","TheCursedMod:PrepareRite","TheCursedMod:EmpowerCircles+1","TheCursedMod:DarkBarrier","TheCursedMod:CursedBlade","Elementarium:StickyTar","TheCursedMod:Mangle","TheCursedMod:SoulReap","TheCursedMod:SpreadPlague+1","TheCursedMod:ReleasedStrength+1","TheCursedMod:CircleOfFocus+1"],"relics":["TheCursedMod:OminousMark","halation:EternalFortune","ClockworkSouvenir","Dream Catcher","War Paint","Smiling Mask","TheCursedMod:FourLeafCloverCharm","wanderingMiniBosses:AbyssPearl"],"acts_visited":["Menagerie:Menagerie","Elementarium:Elementarium"],"potions_floor_usage":[25],"damage_taken":[{"damage":2.0,"enemies":"Menagerie:2_RABBITS","floor":1.0,"turns":3.0},{"damage":9.0,"enemies":"Menagerie:MonstrousExperiment","floor":5.0,"turns":7.0},{"damage":18.0,"enemies":"Menagerie:MaskedSummoner","floor":6.0,"turns":5.0},{"damage":9.0,"enemies":"Menagerie:WhisperingWraith","floor":7.0,"turns":3.0},{"damage":15.0,"enemies":"Menagerie:DREAD_MOTH_AND_GRAFTED_WORMS","floor":8.0,"turns":2.0},{"damage":18.0,"enemies":"Menagerie:VoidReaper","floor":11.0,"turns":4.0},{"damage":0.0,"enemies":"Menagerie:EntropyWarlock","floor":12.0,"turns":4.0},{"damage":3.0,"enemies":"Menagerie:STYGIAN_BOAR_AND_RABBIT","floor":14.0,"turns":6.0},{"damage":0.0,"enemies":"Menagerie:Chimera","floor":16.0,"turns":4.0},{"damage":7.0,"enemies":"Elementarium:2_ELEMENTALS","floor":18.0,"turns":4.0},{"damage":27.0,"enemies":"Elementarium:MUD_AND_TAR_GOLEMS","floor":19.0,"turns":5.0},{"damage":32.0,"enemies":"Elementarium:CYCLONE_AND_ORB_OF_FIRE","floor":20.0,"turns":6.0},{"damage":0.0,"enemies":"Elementarium:RubyGolem","floor":21.0,"turns":4.0},{"damage":10.0,"enemies":"Elementarium:Hydrostalker","floor":22.0,"turns":5.0},{"damage":14,"enemies":"Elementarium:STONE_GOLEMS","floor":25,"turns":3},{"damage":17,"enemies":"Elementarium:ElementalPortal","floor":27,"turns":2}],"seed_played":"-5192089675613514169","potions_obtained":[{"floor":5.0,"key":"SkillPotion"},{"floor":6.0,"key":"SkillPotion"},{"floor":14.0,"key":"ColorlessPotion"},{"floor":19.0,"key":"Strength Potion"},{"floor":22.0,"key":"BlessingOfTheForge"}],"is_trial":false,"path_per_floor":["M","?","?","$","M","E","M","M","T","?","E","M","R","M","R","B",null,"M","M","M","M","M","R","AVR","M","T","E"],"character_chosen":"THE_CURSED","items_purchased":["TheCursedMod:HellfireBreathing","ClockworkSouvenir"],"campfire_rested":0,"item_purchase_floors":[4,4],"current_hp_per_floor":[80,83,82,82,73,55,48,33,33,33,19,23,23,20,20,28,82,79,56,24,24,27,27,27,13,13,0,0],"gold":296,"neow_bonus":"TEN_PERCENT_HP_BONUS","is_daily":false,"chose_seed":false,"campfire_upgraded":3,"win_rate":0.0,"timestamp":1609640553,"path_taken":["M","?","?","?","M","E","M","M","T","?","E","M","R","M","R","BOSS","M","M","M","M","M","R","AVR","?","T","E"],"items_purchased_type":["Card","Relic"],"build_version":"2020-12-22","purchased_purges":0,"victory":false,"max_hp_per_floor":[82,85,82,82,82,82,82,82,82,82,82,82,82,82,82,82,82,82,82,82,82,82,82,82,82,82,82,82],"card_choices":[{"not_picked":["TheCursedMod:CursedArmor","TheCursedMod:VitalStrike"],"picked":"TheCursedMod:SmokeScreen","floor":1.0},{"not_picked":["TheCursedMod:RavingStaff","TheCursedMod:SpitefulPlan"],"picked":"TheCursedMod:HellsGateOpen","floor":5.0},{"not_picked":["TheCursedMod:CursedBlade","TheCursedMod:RapidMovement"],"picked":"TheCursedMod:ReleasedKnowledge","floor":6.0},{"not_picked":["TheCursedMod:SurpriseAttack","TheCursedMod:RavingStaff"],"picked":"TheCursedMod:FleshFromBone","floor":7.0},{"not_picked":["TheCursedMod:HellsGateOpen","TheCursedMod:CursedMace"],"picked":"TheCursedMod:Stigma","floor":8.0},{"not_picked":["TheCursedMod:CircleOfFlame+1","TheCursedMod:VitalStrike+1"],"picked":"TheCursedMod:RapidMovement+1","floor":10.0},{"not_picked":["TheCursedMod:CursedMace","TheCursedMod:ReleasedKnowledge"],"picked":"TheCursedMod:NeowsMight","floor":11.0},{"not_picked":["TheCursedMod:BloodBarrier","TheCursedMod:SurpriseAttack"],"picked":"TheCursedMod:PrepareRite","floor":12.0},{"not_picked":["TheCursedMod:PrepareRite","TheCursedMod:StingEye"],"picked":"TheCursedMod:EmpowerCircles","floor":14.0},{"not_picked":["TheCursedMod:NeowsMight","TheCursedMod:Neurasthenia"],"picked":"TheCursedMod:DarkBarrier","floor":16.0},{"not_picked":["TheCursedMod:CursedAmulet","TheCursedMod:Obscuration"],"picked":"TheCursedMod:CursedBlade","floor":18.0},{"not_picked":["TheCursedMod:Stretching+1","TheCursedMod:SmokeScreen"],"picked":"TheCursedMod:Mangle","floor":19.0},{"not_picked":["TheCursedMod:RapidMovement","TheCursedMod:SoulCrush+1"],"picked":"TheCursedMod:SoulReap","floor":20.0},{"not_picked":["TheCursedMod:Stigma+1","TheCursedMod:Torture"],"picked":"TheCursedMod:SpreadPlague+1","floor":21.0},{"not_picked":["TheCursedMod:SmokeScreen","TheCursedMod:CircleOfFlame+1"],"picked":"TheCursedMod:ReleasedStrength+1","floor":22.0},{"not_picked":["TheCursedMod:ShockAndAwe","TheCursedMod:TacticalStrike"],"picked":"TheCursedMod:CircleOfFocus+1","floor":25}],"player_experience":10031,"relics_obtained":[{"floor":6.0,"key":"Dream Catcher"},{"floor":9.0,"key":"War Paint"},{"floor":11.0,"key":"Smiling Mask"},{"floor":20.0,"key":"wanderingMiniBosses:AbyssPearl"}],"event_choices":[{"damage_healed":0.0,"max_hp_gain":0.0,"max_hp_loss":3.0,"gold_gain":0.0,"event_name":"Menagerie:BeastSpiritShrine","player_choice":"Knelt","floor":3.0,"gold_loss":0.0,"damage_taken":0.0,"cards_obtained":["Menagerie:BeastSpirit"]},{"damage_healed":0.0,"max_hp_gain":0.0,"max_hp_loss":0.0,"gold_gain":0.0,"event_name":"betterMatch:BetterMatch","player_choice":"2","floor":10.0,"gold_loss":0.0,"damage_taken":0.0,"cards_obtained":["betterMatch:CommonCard"]}],"is_beta":false,"boss_relics":[{"not_picked":["SlaversCollar","halation:MonkeysPaw"],"picked":"TheCursedMod:FourLeafCloverCharm"}],"items_purged_floors":[],"is_endless":false,"potions_floor_spawned":[5,6,14,19,22],"killed_by":"Elementarium:ElementalPortal","ascension_level":0}}