{"host":"4q8tqz186r0pap1a","time":1609689935,"event":{"mods":["ATMod(阿瑾Mod)","Act Like it!","Arknights The Spire","Ascension Reborn","BaseMod","Colored Powertips","Curses Come First","Dio Mod","Dota2Spire","Downfall","Ekko","GungeonMod","Highlight Path","Hunter 猎人","Menagerie","Minty Spire (QoL Compilation)","Nova Terra(诺娃・泰拉)","Pale of the Ancients","Quick Restart","Red Circlet Mod","Relic Stats","Replay The Spire","Say the Spire","Shop Mod","Spicy Shops","StSLib","Telnet The Spire","The Construct","The Marked","TheWitcher","WarShipGirlsR/战舰少女R mod","[地精首领爬塔]The Maniac","【功能Mod】混沌之环修复补丁","【功能Mod】聪明的最终Boss","【遗物卡牌】REMEMod","残留之物"],"gold_per_floor":[119,119,135,135,98766,98766,98766,97421,97421,97421,96770,96770,96802,96827,96827,96923,96923,96935,95521,95533,95558,95568,95568,95568,95568,95595,95625,95625,95655,95669,94673,94673,94772,94772,94784,94784,93472,92150,92206,92206,92206,92206,92206,92241,91441,91502,91502,90414,90414,90535,90535,90567,90603,90603,89431,89431,89440,89440,88753,99,99],"floor_reached":0,"playtime":3593,"items_purged":["Doubt","CurseOfTheBell","Injury"],"score":880,"play_id":"215ca0a1-9a4f-40ff-9dfb-31018600c8f1","local_time":"20210104000535","daily_mods":["Heirloom","Time Dilation","Flight","Terminal"],"is_ascension_mode":true,"campfire_choices":[{"data":"AT_OneInchPunch","floor":6,"key":"SMITH"},{"data":"construct:AttackMode","floor":7,"key":"SMITH"},{"data":"construct:DefenseMode","floor":10,"key":"SMITH"},{"data":"construct:Autoturret+1","floor":12,"key":"SMITH"},{"data":"construct:Autoturret+1","floor":15,"key":"SMITH"},{"data":"construct:SuppressiveFire+1","floor":23,"key":"SMITH"},{"data":"construct:BatteryAcid+1","floor":24,"key":"SMITH"},{"data":"construct:ShieldGenerator+1","floor":25,"key":"SMITH"},{"data":"rmod:openingtorpedo","floor":28,"key":"SMITH"},{"data":"construct:ChargeShot+1","floor":32,"key":"SMITH"},{"data":"construct:Analyze+1","floor":40,"key":"SMITH"},{"data":"construct:AttackMode+1","floor":41,"key":"SMITH"},{"data":"construct:DefenseMode+1","floor":42,"key":"SMITH"},{"data":"construct:Strike_Gold","floor":47,"key":"SMITH"},{"data":"construct:Defend_Gold","floor":49,"key":"SMITH"},{"data":"construct:Zapper+1","floor":56,"key":"SMITH"},{"data":"construct:Strike_Gold","floor":58,"key":"SMITH"}],"circlet_count":0,"master_deck":["construct:DefenseMode","construct:AttackMode","construct:Defend_Gold","construct:Defend_Gold","construct:Defend_Gold","construct:Defend_Gold","construct:Defend_Gold","construct:Strike_Gold","construct:Strike_Gold","construct:Strike_Gold","construct:Strike_Gold","construct:Strike_Gold"],"relics":["construct:ClockworkPhoenix","paleoftheancients:Timepiece"],"acts_visited":["Exordium","TheCity","TheBeyond","paleoftheancients:PaleOfTheAncients"],"potions_floor_usage":[16,33,57],"damage_taken":[{"damage":0,"enemies":"Small Slimes","floor":1,"turns":2},{"damage":0,"enemies":"Cultist","floor":3,"turns":5},{"damage":0,"enemies":"Gremlin Nob","floor":13,"turns":1},{"damage":0,"enemies":"Replay:BlueRogue","floor":14,"turns":3},{"damage":0,"enemies":"The Guardian","floor":16,"turns":7},{"damage":0,"enemies":"Spheric Guardian","floor":18,"turns":1},{"damage":0,"enemies":"Chosen","floor":20,"turns":1},{"damage":0,"enemies":"Masked Bandits","floor":21,"turns":3},{"damage":0,"enemies":"Shelled Parasite and Fungi","floor":22,"turns":2},{"damage":0,"enemies":"Replay:Snechameleon","floor":27,"turns":3},{"damage":0,"enemies":"Gremlin Leader","floor":29,"turns":1},{"damage":0,"enemies":"Snecko","floor":30,"turns":3},{"damage":0,"enemies":"Automaton","floor":33,"turns":4},{"damage":0,"enemies":"Orb Walker","floor":35,"turns":2},{"damage":0,"enemies":"Mind Bloom Boss Battle","floor":39,"turns":2},{"damage":0,"enemies":"R_Hoarder","floor":44,"turns":1},{"damage":0,"enemies":"2 Orb Walkers","floor":46,"turns":2},{"damage":0,"enemies":"Awakened One","floor":50,"turns":3},{"damage":0,"enemies":"Awakened One","floor":52,"turns":4},{"damage":0,"enemies":"Awakened One","floor":53,"turns":2},{"damage":0,"enemies":"Awakened One","floor":57,"turns":2}],"seed_played":"4775636923678166952","potions_obtained":[{"floor":1,"key":"champ:CounterPotion"},{"floor":4,"key":"DistilledChaos"},{"floor":13,"key":"Block Potion"},{"floor":14,"key":"Regen Potion"},{"floor":16,"key":"Fire Potion"},{"floor":33,"key":"Ancient Potion"}],"is_trial":true,"path_per_floor":["M","?","M","?","$","R","R","$","T","R","$","R","E","E","R","B",null,"M","$","M","?","M","R","R","R","T","E","R","E","M","$","R","B",null,"M","?","$","$","?","R","R","R","T","E","$","?","R","$","R","B",null,"M","M","?","$","R","M","R","$","?"],"character_chosen":"THE_CONSTRUCT_MOD","items_purchased":["construct:MoltenSmash","AT_GoldPhoenixTree","Dota2Spire:BlackKingBar","DemoMod:MeatBun","AT_SpeedBoots","PlaceholderMod:FlatBlood","MerchantsRug","Dota2Spire:LotusOrb","DemoMod:VorpalBullet","REME_CardOfGreed","Frozen Egg 2","Guardian:PocketSentry","HandDrill","Replay:SS_hec_2+1","construct:Autoturret+1","Nunchaku","AT_ArchangelStaff","Potion Belt","Dota2Spire:DrumOfEndurance","construct:Autoturret+1","champ:DeflectingBracers","Replay:Baseball","Dota2Spire:Mjollnir","Dream Catcher","champ:Barbells","Orrery","expansioncontent:AwakenDeath+1","DemoMod:LeadSkinPotion","Sundial","construct:MasterCore","ClockworkSouvenir","Happy Flower","DemoMod:MonsterBlood","Strange Spoon","Dota2Spire:MantaStyle","Replay:WaspNest","construct:IceCubes","Dota2Spire:AghanimScepter","Replay:Bandana","Frozen Eye","SnafuTest:CatRelic","Dota2Spire:BattleFury","Medical Kit","Lantern","Dota2Spire:EyeOfSkadi","Lee\u0027s Waffle","construct:Analyze+1","Akabeko","DemoMod:MeltedRock","ReplayTheSpireMod:Lightbulb","DemoMod:WhiteGuonStone","expansioncontent:AwakenDeath+1","Bottled Flame","InkBottle","REME_OnlineShoppingPlatform","Blue Doll","ReplayTheSpireMod:Shallot","TheAbacus","Juzu Bracelet","Matryoshka","BargainBundle","Darkstone Periapt","Strawberry","Guide Book","construct:Zapper+1","AT_ChloranthyRing","War Paint","Membership Card","Dota2Spire:MagicBottle","AT_RedTearstoneRing","Chemical X","AT_TearsDenial+1"],"campfire_rested":0,"item_purchase_floors":[5,5,5,5,5,5,5,8,8,8,8,8,8,8,8,11,11,11,11,11,19,19,19,19,19,19,19,19,31,31,31,31,31,31,37,37,37,37,37,37,38,38,38,38,38,38,38,45,45,45,45,45,48,48,48,48,48,48,55,55,55,55,55,55,55,59,59,59,59,59,59,59],"current_hp_per_floor":[1,1,1,1,1,1,1,1,1,1,1,1,1,1,1,1,1,1,1,1,1,1,1,1,1,1,1,1,1,1,7,4,3,2,1,1,1,12,11,8,7,6,3,2,1,1,1,1,1,1,1,1,1,1,7,6,5,4,9,0,0],"gold":99,"neow_bonus":"","is_daily":false,"chose_seed":false,"campfire_upgraded":17,"win_rate":0.0,"timestamp":1609689935,"path_taken":["M","?","M","?","$","R","R","$","T","R","$","R","E","E","R","BOSS","M","$","M","?","M","R","R","R","T","E","R","E","M","$","R","BOSS","M","?","?","$","?","R","R","R","T","E","$","?","R","$","R","BOSS","M","M","?","$","R","M","R","$","?"],"items_purchased_type":["Card","Relic","Relic","Relic","Relic","Relic","Relic","Relic","Relic","Relic","Relic","Relic","Relic","Card","Card","Relic","Relic","Relic","Relic","Card","Relic","Relic","Relic","Relic","Relic","Relic","Card","Undefined","Relic","Relic","Relic","Relic","Relic","Relic","Relic","Relic","Relic","Relic","Relic","Relic","Relic","Relic","Relic","Relic","Relic","Relic","Card","Relic","Relic","Relic","Relic","Card","Relic","Relic","Relic","Relic","Relic","Relic","Relic","Relic","Relic","Relic","Relic","Relic","Card","Relic","Relic","Relic","Relic","Relic","Relic","Card"],"build_version":"2020-12-22","purchased_purges":3,"victory":false,"max_hp_per_floor":[1,1,1,1,1,1,1,1,1,1,1,1,1,1,1,1,1,1,1,1,1,1,1,1,1,1,1,1,1,1,7,4,3,2,1,1,1,12,11,8,7,6,3,2,1,1,1,1,1,1,1,1,1,1,7,6,5,4,9,85,85],"relic_stats":{"counters":[21,51],"obtain_stats":[{"champ:DuelingGlove":29,"AT_ATBox":0,"Dota2Spire:ArmletOfMordiggian":44,"DemoMod:GlassGuonStoneRelic":1,"construct:ClockworkPhoenix":0,"AT_ArchangelStaff":11,"Dota2Spire:MagicBottle":59,"Lizard Tail":46,"Dota2Spire:EyeOfSkadi":38,"Sundial":31,"DemoMod:MonsterBlood":31,"Strawberry":55,"DemoMod:LamentConfigurum":34,"DemoMod:MeltedRock":45,"Dota2Spire:Mjollnir":19,"HandDrill":8,"Toxic Egg 2":14,"construct:MasterCore":31,"REME_OnlineShoppingPlatform":48,"MerchantsRug":5,"champ:Barbells":19,"AT_RedTearstoneRing":59,"Dota2Spire:BlackKingBar":5,"Happy Flower":31,"ReplayTheSpireMod:Ring of Addiction":4,"Dota2Spire:ShivaGuard":34,"Guardian:PocketSentry":8,"War Paint":59,"Akabeko":45,"paleoftheancients:Timepiece":51,"AT_SpeedBoots":5,"Replay:Baseball":19,"Dota2Spire:AghanimScepter":37,"Bottled Flame":48,"ReplayTheSpireMod:Shallot":48,"DemoMod:MeatBun":5,"Bronze Scales":51,"CultistMask":51,"paleoftheancients:SoulOfTheCollector":52,"Darkstone Periapt":55,"Lantern":38,"PlaceholderMod:DaolothFragment":9,"sneckomod:BlankCard":27,"Dota2Spire:DrumOfEndurance":11,"Blue Doll":48,"Incense Burner":0,"Juzu Bracelet":55,"DemoMod:WhiteGuonStone":45,"Dota2Spire:LotusOrb":8,"ClockworkSouvenir":31,"Frozen Eye":37,"Nunchaku":11,"Dream Catcher":19,"Replay:Bandana":37,"Chameleon Ring":4,"TheAbacus":48,"Matryoshka":55,"Red Mask":21,"Replay:Bottled Snecko":43,"Chemical X":59,"InkBottle":48,"Potion Belt":11,"AT_ForceNature":13,"AT_ChloranthyRing":59,"Dota2Spire:MantaStyle":37,"Lee\u0027s Waffle":38,"construct:ClawGrip":51,"BargainBundle":55,"DemoMod:Antibody":39,"Guide Book":55,"AT_GoldPhoenixTree":5,"construct:IceCubes":37,"champ:DeflectingBracers":19,"Replay:WaspNest":37,"Dota2Spire:BattleFury":38,"Frozen Egg 2":8,"Medical Kit":38,"White Beast Statue":4,"Calling Bell":34,"AT_ImmortalShieldbow":34,"Strange Spoon":31,"SnafuTest:CatRelic":38,"Anchor":26,"Busted Crown":17,"Orrery":19,"Ring of Fury":4,"REME_CardOfGreed":8,"Membership Card":59,"ReplayTheSpireMod:Lightbulb":45,"DemoMod:VorpalBullet":8,"REME_ComplimentaryCards":0,"PlaceholderMod:FlatBlood":5},{"champ:DuelingGlove":11,"AT_ATBox":0,"Dota2Spire:ArmletOfMordiggian":16,"DemoMod:GlassGuonStoneRelic":1,"construct:ClockworkPhoenix":0,"AT_ArchangelStaff":2,"Dota2Spire:MagicBottle":21,"Lizard Tail":17,"Dota2Spire:EyeOfSkadi":14,"Sundial":12,"DemoMod:MonsterBlood":12,"Strawberry":20,"DemoMod:LamentConfigurum":13,"DemoMod:MeltedRock":16,"Dota2Spire:Mjollnir":6,"HandDrill":2,"Toxic Egg 2":4,"construct:MasterCore":12,"REME_OnlineShoppingPlatform":17,"MerchantsRug":2,"champ:Barbells":6,"AT_RedTearstoneRing":21,"Dota2Spire:BlackKingBar":2,"Happy Flower":12,"ReplayTheSpireMod:Ring of Addiction":2,"Dota2Spire:ShivaGuard":13,"Guardian:PocketSentry":2,"War Paint":21,"Akabeko":16,"paleoftheancients:Timepiece":18,"AT_SpeedBoots":2,"Replay:Baseball":6,"Dota2Spire:AghanimScepter":14,"Bottled Flame":17,"ReplayTheSpireMod:Shallot":17,"DemoMod:MeatBun":2,"Bronze Scales":18,"CultistMask":18,"paleoftheancients:SoulOfTheCollector":19,"Darkstone Periapt":20,"Lantern":14,"PlaceholderMod:DaolothFragment":2,"sneckomod:BlankCard":10,"Dota2Spire:DrumOfEndurance":2,"Blue Doll":17,"Incense Burner":0,"Juzu Bracelet":20,"DemoMod:WhiteGuonStone":16,"Dota2Spire:LotusOrb":2,"ClockworkSouvenir":12,"Frozen Eye":14,"Nunchaku":2,"Dream Catcher":6,"Replay:Bandana":14,"Chameleon Ring":2,"TheAbacus":17,"Matryoshka":20,"Red Mask":8,"Replay:Bottled Snecko":15,"Chemical X":21,"InkBottle":17,"Potion Belt":2,"AT_ForceNature":3,"AT_ChloranthyRing":21,"Dota2Spire:MantaStyle":14,"Lee\u0027s Waffle":14,"construct:ClawGrip":18,"BargainBundle":20,"DemoMod:Antibody":15,"Guide Book":20,"AT_GoldPhoenixTree":2,"construct:IceCubes":14,"champ:DeflectingBracers":6,"Replay:WaspNest":14,"Dota2Spire:BattleFury":14,"Frozen Egg 2":2,"Medical Kit":14,"White Beast Statue":2,"Calling Bell":13,"AT_ImmortalShieldbow":13,"Strange Spoon":12,"SnafuTest:CatRelic":14,"Anchor":9,"Busted Crown":5,"Orrery":6,"Ring of Fury":2,"REME_CardOfGreed":2,"Membership Card":21,"ReplayTheSpireMod:Lightbulb":16,"DemoMod:VorpalBullet":2,"REME_ComplimentaryCards":0,"PlaceholderMod:FlatBlood":2},{"champ:DuelingGlove":26,"AT_ATBox":0,"Dota2Spire:ArmletOfMordiggian":38,"DemoMod:GlassGuonStoneRelic":2,"construct:ClockworkPhoenix":0,"AT_ArchangelStaff":7,"Dota2Spire:MagicBottle":51,"Lizard Tail":40,"Dota2Spire:EyeOfSkadi":35,"Sundial":29,"DemoMod:MonsterBlood":29,"Strawberry":49,"DemoMod:LamentConfigurum":33,"DemoMod:MeltedRock":38,"Dota2Spire:Mjollnir":18,"HandDrill":7,"Toxic Egg 2":10,"construct:MasterCore":29,"REME_OnlineShoppingPlatform":40,"MerchantsRug":7,"champ:Barbells":18,"AT_RedTearstoneRing":51,"Dota2Spire:BlackKingBar":7,"Happy Flower":29,"ReplayTheSpireMod:Ring of Addiction":7,"Dota2Spire:ShivaGuard":33,"Guardian:PocketSentry":7,"War Paint":51,"Akabeko":38,"paleoftheancients:Timepiece":43,"AT_SpeedBoots":7,"Replay:Baseball":18,"Dota2Spire:AghanimScepter":35,"Bottled Flame":40,"ReplayTheSpireMod:Shallot":40,"DemoMod:MeatBun":7,"Bronze Scales":43,"CultistMask":43,"paleoftheancients:SoulOfTheCollector":47,"Darkstone Periapt":49,"Lantern":35,"PlaceholderMod:DaolothFragment":7,"sneckomod:BlankCard":25,"Dota2Spire:DrumOfEndurance":7,"Blue Doll":40,"Incense Burner":0,"Juzu Bracelet":49,"DemoMod:WhiteGuonStone":38,"Dota2Spire:LotusOrb":7,"ClockworkSouvenir":29,"Frozen Eye":35,"Nunchaku":7,"Dream Catcher":18,"Replay:Bandana":35,"Chameleon Ring":7,"TheAbacus":40,"Matryoshka":49,"Red Mask":22,"Replay:Bottled Snecko":37,"Chemical X":51,"InkBottle":40,"Potion Belt":7,"AT_ForceNature":8,"AT_ChloranthyRing":51,"Dota2Spire:MantaStyle":35,"Lee\u0027s Waffle":35,"construct:ClawGrip":43,"BargainBundle":49,"DemoMod:Antibody":37,"Guide Book":49,"AT_GoldPhoenixTree":7,"construct:IceCubes":35,"champ:DeflectingBracers":18,"Replay:WaspNest":35,"Dota2Spire:BattleFury":35,"Frozen Egg 2":7,"Medical Kit":35,"White Beast Statue":7,"Calling Bell":33,"AT_ImmortalShieldbow":33,"Strange Spoon":29,"SnafuTest:CatRelic":35,"Anchor":23,"Busted Crown":17,"Orrery":18,"Ring of Fury":7,"REME_CardOfGreed":7,"Membership Card":51,"ReplayTheSpireMod:Lightbulb":38,"DemoMod:VorpalBullet":7,"REME_ComplimentaryCards":0,"PlaceholderMod:FlatBlood":7}]},"card_choices":[{"not_picked":["construct:SweepLaser","construct:FlakBarrage"],"picked":"construct:Disrupt","floor":1},{"not_picked":["construct:Boost","construct:Implosion","construct:ScrapCannon"],"picked":"SKIP","floor":3},{"not_picked":["construct:NuclearCore","construct:FierceBash","construct:Construct_Overclock+1"],"picked":"SKIP","floor":13},{"not_picked":["construct:Versatility","construct:FocusedBeam"],"picked":"construct:BatteryAcid+1","floor":14},{"not_picked":["construct:Meltdown+1","construct:Multistage+1"],"picked":"construct:ShieldGenerator+1","floor":16},{"not_picked":["construct:Synchronize+1"],"picked":"SKIP","floor":18},{"not_picked":[],"picked":"construct:ModeShift+1","floor":19},{"not_picked":["construct:BlazingSpeed"],"picked":"SKIP","floor":20},{"not_picked":[],"picked":"construct:SuppressiveFire+1","floor":21},{"not_picked":["construct:Rollout"],"picked":"SKIP","floor":22},{"not_picked":["construct:Rollout"],"picked":"SKIP","floor":27},{"not_picked":[],"picked":"construct:ShiftGuard+1","floor":29},{"not_picked":[],"picked":"construct:ChargeShot+1","floor":30},{"not_picked":[],"picked":"construct:Reserves+1","floor":33},{"not_picked":["construct:ShiftGuard+1"],"picked":"SKIP","floor":35},{"not_picked":["construct:BlazingSpeed"],"picked":"SKIP","floor":44},{"not_picked":["construct:Accumulate"],"picked":"SKIP","floor":52},{"not_picked":["construct:Synchronize+1"],"picked":"SKIP","floor":53},{"not_picked":["construct:QuickAttack"],"picked":"SKIP","floor":57}],"player_experience":79295,"relics_obtained":[{"floor":4,"key":"Ring of Fury"},{"floor":4,"key":"ReplayTheSpireMod:Ring of Addiction"},{"floor":4,"key":"Chameleon Ring"},{"floor":4,"key":"White Beast Statue"},{"floor":9,"key":"PlaceholderMod:DaolothFragment"},{"floor":13,"key":"AT_ForceNature"},{"floor":14,"key":"Toxic Egg 2"},{"floor":21,"key":"Red Mask"},{"floor":26,"key":"Anchor"},{"floor":27,"key":"sneckomod:BlankCard"},{"floor":29,"key":"champ:DuelingGlove"},{"floor":34,"key":"DemoMod:LamentConfigurum"},{"floor":34,"key":"AT_ImmortalShieldbow"},{"floor":34,"key":"Dota2Spire:ShivaGuard"},{"floor":39,"key":"DemoMod:Antibody"},{"floor":43,"key":"Replay:Bottled Snecko"},{"floor":44,"key":"Dota2Spire:ArmletOfMordiggian"},{"floor":46,"key":"Lizard Tail"},{"floor":52,"key":"paleoftheancients:SoulOfTheCollector"},{"floor":57,"key":"paleoftheancients:SoulOfTheVixen"}],"event_choices":[{"damage_healed":0,"gold_gain":0,"player_choice":"Fled","damage_taken":0,"max_hp_gain":0,"max_hp_loss":0,"event_name":"Scrap Ooze","floor":2,"gold_loss":0},{"damage_healed":0,"gold_gain":0,"player_choice":"Fought Bandits","damage_taken":0,"max_hp_gain":0,"max_hp_loss":0,"event_name":"Masked Bandits","floor":21,"gold_loss":0},{"damage_healed":0,"gold_gain":0,"player_choice":"Forge","damage_taken":0,"max_hp_gain":0,"max_hp_loss":0,"event_name":"Accursed Blacksmith","floor":36,"gold_loss":0,"cards_upgraded":["construct:ModeShift"]},{"damage_healed":0,"gold_gain":0,"player_choice":"Fight","damage_taken":0,"max_hp_gain":0,"max_hp_loss":0,"event_name":"MindBloom","floor":39,"gold_loss":0},{"damage_healed":0,"gold_gain":0,"player_choice":"Fight","damage_taken":0,"max_hp_gain":0,"max_hp_loss":0,"event_name":"Mysterious Sphere","floor":46,"gold_loss":0}],"is_beta":false,"boss_relics":[{"not_picked":["Snecko Heart","Ring of Chaos"],"picked":"Busted Crown"},{"not_picked":["REME_LowDesire","Tiny House"],"picked":"Calling Bell"},{"not_picked":["DemoMod:RiddleOfLead","Honey Jar"],"picked":"construct:ClawGrip"}],"items_purged_floors":[5,37,59],"is_endless":true,"potions_floor_spawned":[1,13,14,16,18,20,21,22,27,29,30,33,35,39,44,46,50,52,53,57],"ascension_level":0}}