{"host":"u3zhfyeznnb1kiy1","time":1609691784,"event":{"mods":["BaseMod","Colored Map","Colored Powertips","Downfall","GifTheSpireLib","Highlight Path","Minty Spire (QoL Compilation)","StSLib"],"gold_per_floor":[99,114,124,124,144,176,199,49,68,68,68,131,149,169,183,286,286,286,300,300,317,337,364,364,378,378,411,431,416,430,430,441,545,545,470,570,587,387,441,458,458,458,476,488,538,538,56,85,100,100,100,133,33,33,33],"floor_reached":56,"playtime":5550,"items_purged":["hexamod:FourthSeal","hexamod:FirstSeal"],"score":1890,"play_id":"eaeb7915-1d4b-4617-9a3a-6ddf3b03868b","local_time":"20210103113624","is_ascension_mode":true,"campfire_choices":[{"floor":1.0,"key":"RECALL"},{"data":"hexamod:GhostOfSpirePresent","floor":8.0,"key":"SMITH"},{"data":"hexamod:Float","floor":11.0,"key":"SMITH"},{"data":"hexamod:TimeWarp","floor":18.0,"key":"SMITH"},{"data":"hexamod:ApocalypticArmor","floor":35.0,"key":"SMITH"},{"data":"Metamorphosis","floor":42,"key":"SMITH"},{"data":"hexamod:EtherealExpedition","floor":54,"key":"SMITH"}],"circlet_count":0,"master_deck":["hexamod:Sear","hexamod:Float+1","hexamod:AdvancingGuard","hexamod:Firestarter","hexamod:GhostOfSpirePresent+1","hexamod:ExtraCrispy","hexamod:BurningTouch","hexamod:Haunt","hexamod:TimeWarp+1","hexamod:GhostShield+1","hexamod:TimeWarp+1","hexamod:HeatShield","hexamod:UnleashSpirits","hexamod:PhantomCloak","hexamod:AdvancingGuard","hexamod:Hexaguard+1","hexamod:PhantomCloak","hexamod:PowerFromBeyond","hexamod:ApocalypticArmor+1","hexamod:ChargedBarrage","hexamod:HauntingEcho","hexamod:GhostflameBarrier","hexamod:HeatCrush","hexamod:EmpoweringStance","hexamod:ParanormalForm","hexamod:AdvancingGuard","hexamod:Hexaguard","hexamod:EmpoweredFlame+1","Metamorphosis+1","hexamod:PhantomFireball+1","hexamod:EmpoweredFlame+1","hexamod:GhostLash+1","hexamod:GhostLash+1","Sadistic Nature","hexamod:ExtraCrispy","hexamod:EtherealExpedition+1"],"relics":["hexamod:SpiritBrand","WarpedTongs","Potion Belt","downfall:HeartBlessingRed","downfall:HeartBlessingBlue","Dead Branch","expansioncontent:StudyCardRelic","Meat on the Bone","Matryoshka","Ancient Tea Set","Pandora\u0027s Box","downfall:HeartBlessingGreen","White Beast Statue","Toolbox","Torii","Toy Ornithopter","Incense Burner","Ice Cream","Mummified Hand","Du-Vu Doll","hexamod:SoulConsumer"],"acts_visited":["Exordium","TheCity","TheBeyond","TheEnding"],"potions_floor_usage":[38,55,55,55,55],"damage_taken":[{"damage":0.0,"enemies":"Cultist","floor":2.0,"turns":3.0},{"damage":2.0,"enemies":"2 Louse","floor":3.0,"turns":3.0},{"damage":4.0,"enemies":"Small Slimes","floor":5.0,"turns":4.0},{"damage":14.0,"enemies":"Gremlin Nob","floor":6.0,"turns":5.0},{"damage":0.0,"enemies":"Red Slaver","floor":9.0,"turns":3.0},{"damage":7.0,"enemies":"3 Sentries","floor":12.0,"turns":7.0},{"damage":7.0,"enemies":"Blue Slaver","floor":13.0,"turns":3.0},{"damage":8.0,"enemies":"Exordium Wildlife","floor":14.0,"turns":3.0},{"damage":1.0,"enemies":"Exordium Thugs","floor":15.0,"turns":3.0},{"damage":42.0,"enemies":"downfall:Defect","floor":16.0,"turns":6.0},{"damage":4.0,"enemies":"Chosen","floor":19.0,"turns":3.0},{"damage":27.0,"enemies":"Snake Plant","floor":21.0,"turns":5.0},{"damage":18.0,"enemies":"Centurion and Healer","floor":22.0,"turns":5.0},{"damage":9.0,"enemies":"Book of Stabbing","floor":23.0,"turns":4.0},{"damage":5.0,"enemies":"Cultist and Chosen","floor":25.0,"turns":6.0},{"damage":13.0,"enemies":"Slavers","floor":27.0,"turns":4.0},{"damage":4.0,"enemies":"Shelled Parasite and Fungi","floor":28.0,"turns":4.0},{"damage":2.0,"enemies":"downfall:FleeingMerchant","floor":29.0,"turns":4.0},{"damage":6.0,"enemies":"Chosen and Byrds","floor":30.0,"turns":4.0},{"damage":2.0,"enemies":"Cultist and Chosen","floor":32.0,"turns":4.0},{"damage":0.0,"enemies":"downfall:Watcher","floor":33.0,"turns":8.0},{"damage":20.0,"enemies":"downfall:LadyInBlue","floor":36.0,"turns":4.0},{"damage":12.0,"enemies":"3 Darklings","floor":37.0,"turns":4.0},{"damage":0.0,"enemies":"downfall:FleeingMerchant","floor":38.0,"turns":4.0},{"damage":7,"enemies":"2 Orb Walkers","floor":39,"turns":5},{"damage":0,"enemies":"Orb Walker","floor":40,"turns":4},{"damage":6,"enemies":"3 Darklings","floor":43,"turns":3},{"damage":14,"enemies":"4 Shapes","floor":44,"turns":3},{"damage":0,"enemies":"Mind Bloom Boss Battle","floor":45,"turns":6},{"damage":0,"enemies":"Nemesis","floor":48,"turns":5},{"damage":0,"enemies":"Sphere and 2 Shapes","floor":49,"turns":3},{"damage":0,"enemies":"downfall:Silent","floor":50,"turns":5},{"damage":3,"enemies":"downfall:CharBossMerchant","floor":52,"turns":6},{"damage":37,"enemies":"downfall:NeowBoss","floor":55,"turns":14}],"seed_played":"-603285549175769446","potions_obtained":[{"floor":5.0,"key":"PowerPotion"},{"floor":9.0,"key":"PowerPotion"},{"floor":12.0,"key":"SteroidPotion"},{"floor":15.0,"key":"Strength Potion"},{"floor":16.0,"key":"LiquidMemories"},{"floor":16.0,"key":"GamblersBrew"},{"floor":21.0,"key":"Weak Potion"},{"floor":21.0,"key":"AttackPotion"},{"floor":22.0,"key":"Explosive Potion"},{"floor":23.0,"key":"hexamod:EctoCoolerPotion"},{"floor":27.0,"key":"SteroidPotion"},{"floor":28.0,"key":"EssenceOfSteel"},{"floor":29.0,"key":"PowerPotion"},{"floor":30.0,"key":"BlessingOfTheForge"},{"floor":32.0,"key":"EntropicBrew"},{"floor":33.0,"key":"DuplicationPotion"},{"floor":36.0,"key":"Strength Potion"},{"floor":36.0,"key":"SkillPotion"},{"floor":36.0,"key":"ColorlessPotion"},{"floor":36.0,"key":"Slimebound:ThreeZeroPotion"},{"floor":37.0,"key":"Dexterity Potion"},{"floor":40,"key":"SteroidPotion"}],"is_trial":false,"path_per_floor":["R","M","M","?","M","E","T","R","M","?","R","?","M","M","M","B",null,"R","M","?","M","M","E","T","M","?","E","M","$","M","?","M","B",null,"R","?","M","$","?","M","T","R","M","M","?","?","$","E","M","B",null,"E","$","R","B",null],"character_chosen":"THE_SPIRIT","items_purchased":["Toolbox","Fruit Juice","Metamorphosis","Mummified Hand","Sadistic Nature","hexamod:ExtraCrispy"],"campfire_rested":0,"item_purchase_floors":[38,38,38,47,47,47],"current_hp_per_floor":[77,77,75,75,71,57,57,67,67,67,67,60,53,45,44,2,87,87,83,83,56,38,29,29,36,36,35,50,48,54,54,59,66,87,87,67,55,60,60,67,67,67,61,54,61,61,61,68,68,75,92,92,92,92,65],"gold":33,"neow_bonus":"TEN_PERCENT_HP_BONUS","is_daily":false,"chose_seed":false,"campfire_upgraded":6,"win_rate":0.0,"timestamp":1609691784,"path_taken":["R","M","?","?","M","E","T","R","?","?","R","?","M","M","M","BOSS","R","M","?","?","M","E","T","M","?","E","M","$","M","?","M","BOSS","R","?","M","$","?","M","T","R","M","M","?","?","$","E","M","BOSS","E","$","R","BOSS"],"items_purchased_type":["Relic","Potion","Card","Relic","Card","Card"],"build_version":"2020-12-22","purchased_purges":2,"victory":true,"max_hp_per_floor":[77,77,77,77,77,77,77,87,87,87,87,87,87,87,87,87,87,87,87,87,87,87,87,87,87,87,87,87,87,87,87,87,87,87,87,87,87,92,92,92,92,92,92,92,92,92,92,92,92,92,92,92,92,92,92],"card_choices":[{"not_picked":["hexamod:GhostShield","hexamod:StepThrough"],"picked":"hexamod:AdvancingGuard","floor":2.0},{"not_picked":["hexamod:FastForward","hexamod:SpectersWail"],"picked":"hexamod:Firestarter","floor":3.0},{"not_picked":["hexamod:ChargedBarrage","hexamod:Again"],"picked":"hexamod:GhostOfSpirePresent","floor":5.0},{"not_picked":["hexamod:Rewind","hexamod:GhostflameInferno"],"picked":"hexamod:ExtraCrispy","floor":6.0},{"not_picked":["hexamod:DynamicBlow","hexamod:FastForward","hexamod:GhostLash"],"picked":"SKIP","floor":9.0},{"not_picked":["hexamod:ThermalTransfer","hexamod:HeatShield"],"picked":"hexamod:BurningTouch","floor":12.0},{"not_picked":["hexamod:GhostShield","hexamod:ThirdSeal","hexamod:BacktrackSmack"],"picked":"SKIP","floor":13.0},{"not_picked":["hexamod:GhostOfSpireFuture","hexamod:Hexaguard"],"picked":"hexamod:Haunt","floor":14.0},{"not_picked":["hexamod:GhostShield","hexamod:BurningTouch"],"picked":"hexamod:FourthSeal","floor":15.0},{"not_picked":["hexamod:ApocalypticArmor","hexamod:GhostflameInferno"],"picked":"hexamod:TimeWarp","floor":16.0},{"not_picked":["hexamod:NightmareGuise","hexamod:HeatCrush"],"picked":"hexamod:GhostShield+1","floor":19.0},{"not_picked":["hexamod:ThermalTransfer","hexamod:HauntingEcho","hexamod:SwordOfDarkness"],"picked":"SKIP","floor":21.0},{"not_picked":["hexamod:FastForward","hexamod:HauntingEcho+1"],"picked":"hexamod:HeatShield","floor":22.0},{"not_picked":["hexamod:Firestarter","hexamod:SecondSeal"],"picked":"hexamod:UnleashSpirits","floor":23.0},{"not_picked":["hexamod:Again","hexamod:SpectralAdrenaline"],"picked":"hexamod:PhantomCloak","floor":25.0},{"not_picked":["hexamod:FifthSeal","hexamod:HauntingEcho"],"picked":"hexamod:FirstSeal","floor":27.0},{"not_picked":["hexamod:NightmareGuise","hexamod:SwordOfDarkness+1"],"picked":"hexamod:AdvancingGuard","floor":28.0},{"not_picked":["hexamod:BacktrackSmack","hexamod:GhostShield"],"picked":"hexamod:Hexaguard+1","floor":29.0},{"not_picked":["hexamod:ChargedBarrage+1","hexamod:EmpoweredFlame"],"picked":"hexamod:PhantomCloak","floor":30.0},{"not_picked":["hexamod:GhostShield+1","hexamod:RadiantFlame"],"picked":"hexamod:PowerFromBeyond","floor":32.0},{"not_picked":["hexamod:CrushingStance","hexamod:Toasty"],"picked":"hexamod:ApocalypticArmor","floor":33.0},{"not_picked":["hexamod:HauntingEcho+1","hexamod:GhostflameBarrier"],"picked":"hexamod:EmpoweredFlame+1","floor":37.0},{"not_picked":["hexamod:HeatMetal+1","hexamod:ThermalTransfer"],"picked":"hexamod:PhantomFireball+1","floor":40},{"not_picked":["hexamod:ThermalTransfer+1","hexamod:AdvancingGuard+1"],"picked":"hexamod:EmpoweredFlame+1","floor":43},{"not_picked":["hexamod:SpectralSpark+1","hexamod:SpectersWail+1"],"picked":"hexamod:GhostLash+1","floor":44},{"not_picked":["hexamod:InspiringFlames+1","hexamod:CatchUp+1"],"picked":"hexamod:GhostLash+1","floor":45},{"not_picked":["hexamod:WildfireWeapon","hexamod:Hexaguard"],"picked":"hexamod:EtherealExpedition","floor":48},{"not_picked":["hexamod:HauntingEcho","hexamod:BacktrackSmack+1","hexamod:HeatShield+1"],"picked":"SKIP","floor":49},{"not_picked":["hexamod:GhostOfSpireFuture","hexamod:BurningTouch","hexamod:GhostShield"],"picked":"SKIP","floor":52}],"player_experience":1240242,"relics_obtained":[{"floor":6.0,"key":"Potion Belt"},{"floor":12.0,"key":"Dead Branch"},{"floor":23.0,"key":"Meat on the Bone"},{"floor":24.0,"key":"Matryoshka"},{"floor":27.0,"key":"Ancient Tea Set"},{"floor":36.0,"key":"White Beast Statue"},{"floor":39,"key":"Torii"},{"floor":41,"key":"Toy Ornithopter"},{"floor":41,"key":"Incense Burner"},{"floor":45,"key":"Ice Cream"},{"floor":48,"key":"Du-Vu Doll"},{"floor":52,"key":"hexamod:SoulConsumer"}],"event_choices":[{"damage_healed":0.0,"max_hp_gain":0.0,"max_hp_loss":0.0,"gold_gain":0.0,"event_name":"Accursed Blacksmith","player_choice":"Rummage","floor":4.0,"gold_loss":0.0,"damage_taken":0.0,"relics_obtained":["WarpedTongs"],"cards_obtained":["Pain"]},{"damage_healed":0.0,"max_hp_gain":0.0,"max_hp_loss":0.0,"gold_gain":0.0,"event_name":"Duplicator","player_choice":"Copied","floor":20.0,"gold_loss":0.0,"damage_taken":0.0,"cards_obtained":["hexamod:TimeWarp"]},{"damage_healed":0.0,"max_hp_gain":0.0,"max_hp_loss":0.0,"gold_gain":0.0,"event_name":"Vampires","player_choice":"Ignored","floor":26.0,"gold_loss":0.0,"damage_taken":0.0},{"cards_removed":["Pain"],"damage_healed":0.0,"max_hp_gain":0.0,"max_hp_loss":0.0,"gold_gain":0.0,"event_name":"Back to Basics","player_choice":"Elegance","floor":31.0,"gold_loss":0.0,"damage_taken":0.0},{"damage_healed":0,"gold_gain":0,"player_choice":"Fight","damage_taken":0,"max_hp_gain":0,"max_hp_loss":0,"event_name":"Mysterious Sphere","floor":39,"gold_loss":0}],"is_beta":false,"boss_relics":[{"not_picked":["SlaversCollar","SacredBark"],"picked":"expansioncontent:StudyCardRelic"},{"not_picked":["Empty Cage","Runic Pyramid"],"picked":"Pandora\u0027s Box"}],"items_purged_floors":[38,53],"is_endless":false,"potions_floor_spawned":[5,9,12,15,16,21,23,25,27,33,37,38,40,43,44,45,48,49,52],"ascension_level":2}}