{"host":"og6lam4kt3nibbw0","time":1609699770,"event":{"mods":["AchievementEnabler","BaseMod","Colored Map","DeckTracker","Highlight Path","Keyboard Shortcuts","Minty Spire (QoL Compilation)","Permanent Neow","Quick Restart","StSLib","SuperFastMode"],"gold_per_floor":[112,112,31,46,121,152,152,186,209,227,227,238,238,264,264,338,338,338,253,253,253,10,10,10,10,10,10,10,10,10,10,10,10,10,10,10,10,10,10,10,10,10,10,10,10,10,10],"floor_reached":46,"playtime":2012,"items_purged":["Strike_B+1"],"score":1072,"play_id":"03e96cb4-c047-4175-b352-4306f7975c3b","local_time":"20210104034930","is_ascension_mode":true,"campfire_choices":[{"floor":7.0,"key":"REST"},{"floor":11.0,"key":"REST"},{"data":"Dualcast","floor":15.0,"key":"SMITH"},{"floor":23,"key":"REST"},{"data":"Storm","floor":25,"key":"SMITH"},{"data":"Storm","floor":27,"key":"SMITH"},{"floor":32,"key":"REST"},{"floor":40,"key":"REST"}],"circlet_count":0,"master_deck":["AscendersBane","Strike_B+1","Defend_B","Defend_B","Zap","Dualcast+1","Sunder+1","Beam Cell+1","Doom and Gloom+1","Storm+1","Storm+1","Conserve Battery","BootSequence","Reboot","Static Discharge","Self Repair","Heatsinks","Echo Form","White Noise","Defragment","Coolheaded","Force Field","FTL+1","Creative AI","Skim","Parasite","Madness","Madness","Conserve Battery","Glacier+1","Streamline"],"relics":["Astrolabe","Strawberry","Toy Ornithopter","Whetstone","Regal Pillow","Pear","Ectoplasm","Centennial Puzzle","Red Mask","StrikeDummy","Ancient Tea Set","Nunchaku","Sozu","Lantern","Bag of Marbles"],"acts_visited":["Exordium","TheCity","TheBeyond"],"potions_floor_usage":[44],"damage_taken":[{"damage":7.0,"enemies":"Jaw Worm","floor":1.0,"turns":2.0},{"damage":0.0,"enemies":"2 Louse","floor":4.0,"turns":1.0},{"damage":23.0,"enemies":"Lagavulin","floor":6.0,"turns":5.0},{"damage":8.0,"enemies":"Gremlin Nob","floor":8.0,"turns":3.0},{"damage":0.0,"enemies":"Small Slimes","floor":10.0,"turns":1.0},{"damage":13.0,"enemies":"Blue Slaver","floor":12.0,"turns":2.0},{"damage":10.0,"enemies":"Lagavulin","floor":14.0,"turns":4.0},{"damage":10.0,"enemies":"Slime Boss","floor":16.0,"turns":7.0},{"damage":23.0,"enemies":"Chosen","floor":18.0,"turns":5.0},{"damage":24.0,"enemies":"Masked Bandits","floor":20.0,"turns":3.0},{"damage":19,"enemies":"Gremlin Leader","floor":24,"turns":4},{"damage":24,"enemies":"3 Byrds","floor":28,"turns":3},{"damage":13,"enemies":"3 Cultists","floor":29,"turns":3},{"damage":15,"enemies":"Book of Stabbing","floor":30,"turns":5},{"damage":24,"enemies":"Snake Plant","floor":31,"turns":3},{"damage":30,"enemies":"Automaton","floor":33,"turns":7},{"damage":20,"enemies":"3 Shapes","floor":35,"turns":3},{"damage":15,"enemies":"3 Darklings","floor":36,"turns":3},{"damage":12,"enemies":"Jaw Worm Horde","floor":38,"turns":3},{"damage":17,"enemies":"Writhing Mass","floor":39,"turns":4},{"damage":36,"enemies":"Giant Head","floor":42,"turns":6},{"damage":11,"enemies":"Nemesis","floor":44,"turns":5},{"damage":32,"enemies":"Maw","floor":45,"turns":5},{"damage":21,"enemies":"Giant Head","floor":46,"turns":5}],"seed_played":"3195510383183928702","potions_obtained":[{"floor":6.0,"key":"DuplicationPotion"},{"floor":10.0,"key":"EssenceOfSteel"},{"floor":12.0,"key":"Fire Potion"},{"floor":18.0,"key":"PotionOfCapacity"},{"floor":31,"key":"PowerPotion"}],"is_trial":false,"path_per_floor":["M","?","$","M","?","E","R","E","T","M","R","M","?","E","R","B",null,"M","?","?","?","$","R","E","R","T","R","M","M","E","M","R","B",null,"M","M","$","M","M","R","?","E","T","E","M","E"],"character_chosen":"DEFECT","items_purchased":["Storm","White Noise","Defragment"],"campfire_rested":5,"item_purchase_floors":[3,22,22],"current_hp_per_floor":[57,38,38,38,27,4,27,24,24,24,62,49,42,42,42,37,75,52,52,28,28,28,69,64,64,64,64,47,41,26,2,43,20,71,58,50,50,45,35,76,60,31,31,39,21,0,0],"gold":10,"neow_bonus":"BOSS_RELIC","is_daily":false,"chose_seed":false,"campfire_upgraded":3,"win_rate":0.0,"timestamp":1609699770,"path_taken":["M","?","$","M","?","E","R","E","T","M","R","M","?","E","R","BOSS","M","?","?","?","$","R","E","R","T","R","M","M","E","M","R","BOSS","M","?","?","M","M","R","?","E","T","E","M","E"],"items_purchased_type":["Card","Card","Card"],"build_version":"2020-12-22","purchased_purges":1,"victory":false,"max_hp_per_floor":[71,78,78,78,78,78,78,78,78,78,78,78,78,88,88,88,88,88,88,88,88,88,88,88,88,88,88,88,88,88,88,88,88,88,88,88,88,88,88,88,88,88,88,88,88,88,88],"card_choices":[{"not_picked":["Barrage","Compile Driver"],"picked":"Storm","floor":1.0},{"not_picked":["Lockon","Doom and Gloom"],"picked":"Conserve Battery","floor":4.0},{"not_picked":["Redo","Cold Snap","Gash"],"picked":"SKIP","floor":6.0},{"not_picked":["Cold Snap","Redo","Multi-Cast"],"picked":"SKIP","floor":8.0},{"not_picked":["Darkness","Coolheaded","Gash"],"picked":"SKIP","floor":10.0},{"not_picked":["Coolheaded","Cold Snap"],"picked":"BootSequence","floor":12.0},{"not_picked":["Streamline","Turbo","Auto Shields"],"picked":"SKIP","floor":14.0},{"not_picked":["Hyperbeam","Multi-Cast"],"picked":"Reboot","floor":16.0},{"not_picked":["White Noise","Cold Snap+1"],"picked":"Static Discharge","floor":18.0},{"not_picked":["Compile Driver","Go for the Eyes"],"picked":"Self Repair","floor":20.0},{"not_picked":["Leap","Conserve Battery"],"picked":"Coolheaded","floor":24},{"not_picked":["Scrape","Aggregate","Sweeping Beam"],"picked":"SKIP","floor":28},{"not_picked":["BootSequence","Barrage"],"picked":"Force Field","floor":29},{"not_picked":["Fission","Reinforced Body"],"picked":"FTL+1","floor":30},{"not_picked":["Consume","Beam Cell","Ball Lightning+1"],"picked":"SKIP","floor":31},{"not_picked":["Buffer","Rainbow"],"picked":"Creative AI","floor":33},{"not_picked":["Ball Lightning","Barrage+1","Stack"],"picked":"SKIP","floor":35},{"not_picked":["Stack+1","Cold Snap+1","Reprogram"],"picked":"SKIP","floor":36},{"not_picked":["Sweeping Beam","Steam Power+1"],"picked":"Skim","floor":38},{"not_picked":["Rebound","Compile Driver","Stack"],"picked":"SKIP","floor":39},{"not_picked":["Rip and Tear","Heatsinks"],"picked":"Conserve Battery","floor":42},{"not_picked":["Reboot","Cold Snap"],"picked":"Glacier+1","floor":44},{"not_picked":["Heatsinks+1","Turbo"],"picked":"Streamline","floor":45}],"player_experience":811357,"relics_obtained":[{"floor":6.0,"key":"Toy Ornithopter"},{"floor":8.0,"key":"Whetstone"},{"floor":9.0,"key":"Regal Pillow"},{"floor":14.0,"key":"Pear"},{"floor":20.0,"key":"Red Mask"},{"floor":24,"key":"StrikeDummy"},{"floor":26,"key":"Ancient Tea Set"},{"floor":30,"key":"Nunchaku"},{"floor":42,"key":"Lantern"},{"floor":44,"key":"Bag of Marbles"}],"event_choices":[{"damage_healed":0.0,"max_hp_gain":0.0,"max_hp_loss":0.0,"gold_gain":0.0,"event_name":"Scrap Ooze","player_choice":"Success","floor":2.0,"gold_loss":0.0,"damage_taken":26.0,"relics_obtained":["Strawberry"]},{"damage_healed":0.0,"max_hp_gain":0.0,"max_hp_loss":0.0,"gold_gain":75.0,"event_name":"World of Goop","player_choice":"Gather Gold","floor":5.0,"gold_loss":0.0,"damage_taken":11.0},{"cards_removed":["Defend_B"],"damage_healed":0.0,"max_hp_gain":0.0,"max_hp_loss":0.0,"gold_gain":0.0,"event_name":"Golden Wing","player_choice":"Card Removal","floor":13.0,"gold_loss":0.0,"damage_taken":7.0},{"damage_healed":0.0,"max_hp_gain":0.0,"max_hp_loss":0.0,"gold_gain":0.0,"event_name":"Addict","player_choice":"Obtained Relic","floor":19.0,"gold_loss":85.0,"damage_taken":0.0,"relics_obtained":["Centennial Puzzle"]},{"damage_healed":0.0,"max_hp_gain":0.0,"max_hp_loss":0.0,"gold_gain":0.0,"event_name":"Masked Bandits","player_choice":"Fought Bandits","floor":20.0,"gold_loss":0.0,"damage_taken":0.0},{"damage_healed":0,"gold_gain":0,"player_choice":"2 cards matched","damage_taken":0,"max_hp_gain":0,"max_hp_loss":0,"event_name":"Match and Keep!","floor":21,"gold_loss":0,"cards_obtained":["Heatsinks","Echo Form"]},{"damage_healed":0,"gold_gain":0,"player_choice":"Embrace Madness","damage_taken":16,"max_hp_gain":0,"max_hp_loss":0,"event_name":"Winding Halls","floor":41,"gold_loss":0,"cards_obtained":["Madness","Madness"]}],"is_beta":false,"boss_relics":[{"not_picked":["Philosopher\u0027s Stone","Velvet Choker"],"picked":"Ectoplasm"},{"not_picked":["Black Star","Runic Pyramid"],"picked":"Sozu"}],"items_purged_floors":[22],"is_endless":false,"potions_floor_spawned":[6,10,12,18,24,31,33,39,44,45],"killed_by":"Giant Head","ascension_level":20}}