{"host":"armnliea5o2aqs4b","time":1609686270,"event":{"mods":["BaseMod","Hubris","Infinite Spire","Minty Spire (QoL Compilation)","Quick Restart","StSLib"],"gold_per_floor":[117,67,67,77,93,128,146,146,146,180,194,194,37,212,212,212,212],"floor_reached":16,"playtime":324,"items_purged":[],"score":138,"play_id":"763536ef-76b2-41b6-b2b3-c582d980b6e1","local_time":"20210104020430","is_ascension_mode":true,"campfire_choices":[{"data":"Immolate","floor":8.0,"key":"SMITH"},{"data":"Flex","floor":15,"key":"SMITH"}],"circlet_count":0,"master_deck":["Strike_R","Strike_R","Strike_R","Defend_R","Defend_R","Defend_R","Defend_R","Bash","Cleave","Flex+1","Immolate+1","Clash","Flex","Armaments","Doubt"],"relics":["Burning Blood","NeowsBlessing","Bronze Scales","Gremlin Horn","infinitespire:PuzzleCube","hubris:Towel","hubris:OldNail"],"acts_visited":["Exordium"],"potions_floor_usage":[16],"damage_taken":[{"damage":0.0,"enemies":"Jaw Worm","floor":1.0,"turns":1.0},{"damage":0.0,"enemies":"2 Louse","floor":4.0,"turns":1.0},{"damage":0.0,"enemies":"Cultist","floor":5.0,"turns":1.0},{"damage":30.0,"enemies":"3 Sentries","floor":6.0,"turns":6.0},{"damage":0.0,"enemies":"Large Slime","floor":7.0,"turns":3.0},{"damage":37,"enemies":"Lagavulin","floor":10,"turns":5},{"damage":0,"enemies":"2 Fungi Beasts","floor":11,"turns":1},{"damage":38,"enemies":"The Guardian","floor":16,"turns":8}],"seed_played":"6360717556368883950","potions_obtained":[{"floor":4.0,"key":"ElixirPotion"},{"floor":5.0,"key":"GamblersBrew"},{"floor":7.0,"key":"LiquidBronze"}],"is_trial":false,"path_per_floor":["M","?","?","M","M","E","M","R","T","E","M","?","$","?","R","B"],"character_chosen":"IRONCLAD","items_purchased":["hubris:OldNail"],"campfire_rested":0,"item_purchase_floors":[13],"current_hp_per_floor":[80,80,80,80,80,56,62,62,62,31,37,37,37,37,37,0,0],"gold":212,"neow_bonus":"THREE_ENEMY_KILL","is_daily":false,"chose_seed":false,"campfire_upgraded":2,"win_rate":0.0,"timestamp":1609686270,"path_taken":["M","?","?","?","M","E","M","R","T","E","M","?","$","?","R","BOSS"],"items_purchased_type":["Relic"],"build_version":"2020-12-22","purchased_purges":0,"victory":false,"max_hp_per_floor":[80,80,80,80,80,80,80,80,80,80,80,80,80,80,80,80,80],"card_choices":[{"not_picked":["Sentinel","Sword Boomerang","Havoc"],"picked":"SKIP","floor":1.0},{"not_picked":["Metallicize","Sword Boomerang"],"picked":"Flex","floor":4.0},{"not_picked":["Perfected Strike","Seeing Red"],"picked":"Immolate","floor":5.0},{"not_picked":["Dark Embrace","Second Wind"],"picked":"Clash","floor":6.0},{"not_picked":["Perfected Strike","Cleave"],"picked":"Flex","floor":7.0},{"not_picked":["Dual Wield","Cleave"],"picked":"Armaments","floor":10},{"not_picked":["Pommel Strike","Battle Trance","True Grit"],"picked":"SKIP","floor":11}],"player_experience":161985,"relics_obtained":[{"floor":6.0,"key":"Bronze Scales"},{"floor":9.0,"key":"Gremlin Horn"},{"floor":10,"key":"infinitespire:PuzzleCube"}],"event_choices":[{"cards_removed":["Strike_R"],"damage_healed":0.0,"max_hp_gain":0.0,"max_hp_loss":0.0,"gold_gain":0.0,"event_name":"The Cleric","player_choice":"Card Removal","floor":2.0,"gold_loss":50.0,"damage_taken":0.0},{"damage_healed":0.0,"max_hp_gain":0.0,"max_hp_loss":0.0,"gold_gain":0.0,"cards_transformed":["Strike_R"],"event_name":"Transmorgrifier","player_choice":"Transformed","floor":3.0,"gold_loss":0.0,"damage_taken":0.0,"cards_obtained":["Cleave"]},{"damage_healed":0,"gold_gain":175,"player_choice":"AGREE","damage_taken":0,"max_hp_gain":0,"max_hp_loss":0,"event_name":"Liars Game","floor":14,"gold_loss":0,"cards_obtained":["Doubt"]}],"is_beta":false,"boss_relics":[],"items_purged_floors":[],"is_endless":false,"potions_floor_spawned":[4,5,7],"killed_by":"The Guardian","ascension_level":5}}