{"host":"b7j598ve05halrwk","time":1609652708,"event":{"mods":["2.2 Compatiblity","BaseMod","Block Reminder","DeckTracker","Minty Spire (QoL Compilation)","Relic Stats","Slay the Relics Exporter","StSLib","ojb\u0027s Info Mod"],"gold_per_floor":[110,129,146,166,72,105,128,142,166,197,209,10,37,57,57,128,128,147,147,147,167,167,167,55,55,55,55,84,84,84],"floor_reached":29,"playtime":1578,"items_purged":["Decay"],"score":526,"play_id":"0b1f25c9-424f-4ca2-a42f-b7a4b85ac389","local_time":"20210103004508","is_ascension_mode":true,"campfire_choices":[{"data":"Zap","floor":15.0,"key":"SMITH"},{"floor":23.0,"key":"REST"},{"data":"Dualcast","floor":25.0,"key":"SMITH"}],"circlet_count":0,"master_deck":["AscendersBane","Strike_B","Strike_B","Strike_B","Strike_B","Defend_B","Defend_B","Defend_B","Defend_B","Zap+1","Dualcast+1","Scrape+1","Scrape+1","Ball Lightning","Self Repair","Streamline","Auto Shields","Steam Power","Steam","Beam Cell","Genetic Algorithm","Doom and Gloom","Gash","Machine Learning","Stack","Echo Form","Recycle+1","Cold Snap","Redo+1","Undo","Parasite","Pain","Steam"],"relics":["Cracked Core","Anchor","Pantograph","Odd Mushroom","Whetstone","Strawberry","Strange Spoon","Centennial Puzzle","Cursed Key","Symbiotic Virus","Bottled Flame","StoneCalendar","DataDisk"],"acts_visited":["Exordium","TheCity"],"potions_floor_usage":[28,28],"damage_taken":[{"damage":7.0,"enemies":"Cultist","floor":1.0,"turns":4.0},{"damage":5.0,"enemies":"2 Louse","floor":2.0,"turns":3.0},{"damage":2.0,"enemies":"Jaw Worm","floor":3.0,"turns":3.0},{"damage":4.0,"enemies":"Red Slaver","floor":4.0,"turns":2.0},{"damage":8.0,"enemies":"Gremlin Nob","floor":6.0,"turns":3.0},{"damage":11.0,"enemies":"The Mushroom Lair","floor":7.0,"turns":4.0},{"damage":0.0,"enemies":"3 Louse","floor":8.0,"turns":5.0},{"damage":15.0,"enemies":"Lagavulin","floor":10.0,"turns":6.0},{"damage":6.0,"enemies":"Large Slime","floor":11.0,"turns":5.0},{"damage":11.0,"enemies":"Gremlin Nob","floor":13.0,"turns":3.0},{"damage":0.0,"enemies":"Gremlin Gang","floor":14.0,"turns":2.0},{"damage":33.0,"enemies":"Hexaghost","floor":16.0,"turns":6.0},{"damage":25.0,"enemies":"Shell Parasite","floor":18.0,"turns":5.0},{"damage":18.0,"enemies":"2 Thieves","floor":21.0,"turns":4.0},{"damage":28,"enemies":"Book of Stabbing","floor":28,"turns":4},{"damage":14,"enemies":"Snecko","floor":29,"turns":4}],"seed_played":"1139531558017649559","potions_obtained":[{"floor":2.0,"key":"ColorlessPotion"},{"floor":3.0,"key":"Strength Potion"},{"floor":7.0,"key":"SmokeBomb"},{"floor":8.0,"key":"Explosive Potion"},{"floor":11.0,"key":"GamblersBrew"},{"floor":13.0,"key":"CultistPotion"},{"floor":18.0,"key":"FocusPotion"},{"floor":21.0,"key":"Dexterity Potion"},{"floor":28,"key":"EssenceOfSteel"}],"is_trial":false,"path_per_floor":["M","M","M","M","$","E","?","M","T","E","M","$","E","M","R","B",null,"M","?","?","M","T","R","$","R","T","T","E","M"],"character_chosen":"DEFECT","items_purchased":["Streamline","Auto Shields","Strange Spoon","Gash","Undo"],"campfire_rested":1,"item_purchase_floors":[5,5,12,12,24],"current_hp_per_floor":[57,52,50,46,46,38,34,34,34,33,34,34,23,30,30,29,66,48,26,26,8,8,32,32,32,32,32,11,0,0],"gold":84,"neow_bonus":"RANDOM_COMMON_RELIC","is_daily":false,"chose_seed":false,"campfire_upgraded":2,"win_rate":0.0,"timestamp":1609652708,"path_taken":["M","M","?","M","?","E","?","?","T","E","M","?","E","M","R","BOSS","M","?","?","?","?","R","$","R","T","?","E","M"],"items_purchased_type":["Card","Card","Relic","Card","Card"],"build_version":"2020-12-22","purchased_purges":1,"victory":false,"max_hp_per_floor":[71,71,71,71,71,71,71,71,71,78,78,78,78,78,78,78,78,78,83,83,83,83,83,83,83,83,83,83,83,83],"relic_stats":{"Strange Spoon":[1],"Centennial Puzzle":[15],"counters":[16,63],"Pantograph":25,"StoneCalendar":[0],"Whetstone":["Scrape","Scrape"],"Cursed Key":3,"obtain_stats":[{"StoneCalendar":27,"Whetstone":9,"Odd Mushroom":7,"Cursed Key":17,"Strange Spoon":12,"Anchor":0,"Centennial Puzzle":13,"Bottled Flame":26,"DataDisk":28,"Pantograph":6,"Strawberry":10,"Cracked Core":0,"Symbiotic Virus":22},{"StoneCalendar":14,"Whetstone":7,"Odd Mushroom":6,"Cursed Key":12,"Strange Spoon":9,"Anchor":0,"Centennial Puzzle":10,"Bottled Flame":14,"DataDisk":15,"Pantograph":5,"Strawberry":8,"Cracked Core":0,"Symbiotic Virus":14},{"StoneCalendar":55,"Whetstone":24,"Odd Mushroom":19,"Cursed Key":46,"Strange Spoon":35,"Anchor":0,"Centennial Puzzle":38,"Bottled Flame":55,"DataDisk":59,"Pantograph":15,"Strawberry":30,"Cracked Core":0,"Symbiotic Virus":55}]},"card_choices":[{"not_picked":["Leap","Coolheaded"],"picked":"Scrape","floor":1.0},{"not_picked":["Conserve Battery","Defragment"],"picked":"Scrape","floor":2.0},{"not_picked":["Cold Snap","Reprogram"],"picked":"Ball Lightning","floor":3.0},{"not_picked":["Ball Lightning","Consume"],"picked":"Self Repair","floor":4.0},{"not_picked":["Hello World","Reinforced Body"],"picked":"Steam Power","floor":6.0},{"not_picked":["Steam Power","Hello World"],"picked":"Steam","floor":7.0},{"not_picked":["Compile Driver","Aggregate"],"picked":"Beam Cell","floor":8.0},{"not_picked":["Blizzard","Sunder"],"picked":"Genetic Algorithm","floor":10.0},{"not_picked":["Streamline","Conserve Battery"],"picked":"Doom and Gloom","floor":11.0},{"not_picked":["Reprogram","Coolheaded"],"picked":"Machine Learning","floor":13.0},{"not_picked":["Scrape","Capacitor"],"picked":"Stack","floor":14.0},{"not_picked":["Multi-Cast","Creative AI"],"picked":"Echo Form","floor":16.0},{"not_picked":["Glacier","BootSequence"],"picked":"Recycle+1","floor":18.0},{"not_picked":["Gash","Beam Cell"],"picked":"Redo+1","floor":21.0},{"not_picked":["FTL","Conserve Battery"],"picked":"Steam","floor":28}],"player_experience":784668,"relics_obtained":[{"floor":6.0,"key":"Pantograph"},{"floor":7.0,"key":"Odd Mushroom"},{"floor":9.0,"key":"Whetstone"},{"floor":10.0,"key":"Strawberry"},{"floor":13.0,"key":"Centennial Puzzle"},{"floor":22.0,"key":"Symbiotic Virus"},{"floor":26.0,"key":"Bottled Flame"},{"floor":27.0,"key":"StoneCalendar"},{"floor":28,"key":"DataDisk"}],"event_choices":[{"damage_healed":0.0,"max_hp_gain":0.0,"max_hp_loss":0.0,"gold_gain":0.0,"event_name":"Mushrooms","player_choice":"Fought Mushrooms","floor":7.0,"gold_loss":0.0,"damage_taken":0.0},{"damage_healed":0.0,"max_hp_gain":5.0,"max_hp_loss":0.0,"gold_gain":0.0,"event_name":"Forgotten Altar","player_choice":"Shed Blood","floor":19.0,"gold_loss":0.0,"damage_taken":27.0},{"damage_healed":0.0,"max_hp_gain":0.0,"max_hp_loss":0.0,"gold_gain":0.0,"event_name":"Match and Keep!","player_choice":"1 cards matched","floor":20.0,"gold_loss":0.0,"damage_taken":0.0,"cards_obtained":["Cold Snap"]}],"is_beta":false,"boss_relics":[{"not_picked":["SlaversCollar","Runic Dome"],"picked":"Cursed Key"}],"items_purged_floors":[24],"is_endless":false,"potions_floor_spawned":[2,3,7,8,11,13,18,21,28],"killed_by":"Snecko","ascension_level":20}}