{"host":"0ulgfg5uyx5zlmwg","time":1609643978,"event":{"mods":["Act Like it!","BaseMod","BetterRewards","Challenge The Spire","Custom Start","Grow up Mod","Marked Mod","Minty Spire (QoL Compilation)","RumiaBox-露米娅的神秘盒子","Spicy Shops","StSLib","TestMod","vexMod","【功能Mod】混沌之环修复补丁","【遗物卡牌】REMEMod","篝火指南"],"gold_per_floor":[210,210,264,276,276,6,20,47,74,74,74,74,90,106,106,204,204,220,220,320,338,358,386,399,425,502,531,548,548,468,481,384,484,484,496,496,424,438,438,449,480,435,487,505,505,505,426,426,426,426,426,426,2,36,36],"floor_reached":56,"playtime":2995,"items_purged":["Defend_R","Defend_R+1","Defend_R+1"],"score":1541,"play_id":"efa6fd07-ddc4-4a7b-a469-4022277d57be","local_time":"20210103111938","is_ascension_mode":true,"campfire_choices":[{"data":"testmod-FightingIntention","floor":10.0,"key":"SMITH"},{"data":"testmod-Automaton","floor":15.0,"key":"SMITH"},{"floor":49,"key":"RECALL"},{"data":"Flex","floor":52,"key":"SMITH"}],"circlet_count":0,"master_deck":["Strike_R+1","Strike_R+1","Strike_R+1","Defend_R+1","Bash+1","testmod-FightingIntention+1","Shrug It Off+1","Sword Boomerang+1","testmod-Automaton+1","Shrug It Off+1","Sword Boomerang+1","Iron Wave+1","Seeing Red+1","Double Tap+1","Headbutt+1","Pummel+1","Ghostly Armor+1","Double Tap+1","J.A.X.+1","Infernal Blade+1","Flex+1","Iron Wave+1","Limit Break+1","Inflame","Flex+1","Inflame","Impatience","testmod-WeaknessCounterattack","Rage"],"relics":["Burning Blood","testmod-TestBox","REME_ComplimentaryCards","testmod-Prudence","AddBug","SecretRecord","SecretRecord","SecretRecord","AddBug","SecretRecord","SecretRecord","SecretRecord","SecretRecord","SecretRecord"],"acts_visited":["Exordium","TheCity","TheBeyond","TheEnding"],"potions_floor_usage":[18,27,50,50,55,55],"damage_taken":[{"damage":6.0,"enemies":"Jaw Worm","floor":1.0,"turns":3.0},{"damage":4.0,"enemies":"Small Slimes","floor":4.0,"turns":7.0},{"damage":0.0,"enemies":"2 Louse","floor":7.0,"turns":2.0},{"damage":20.0,"enemies":"Gremlin Nob","floor":8.0,"turns":4.0},{"damage":20.0,"enemies":"Gremlin Gang","floor":13.0,"turns":5.0},{"damage":0.0,"enemies":"3 Louse","floor":14.0,"turns":2.0},{"damage":0,"enemies":"Slime Boss","floor":16,"turns":3},{"damage":0,"enemies":"Shell Parasite","floor":18,"turns":1},{"damage":0,"enemies":"2 Thieves","floor":21,"turns":1},{"damage":10,"enemies":"Chosen and Byrds","floor":22,"turns":2},{"damage":0,"enemies":"REME_1_Revenger","floor":23,"turns":1},{"damage":0,"enemies":"Snake Plant","floor":24,"turns":1},{"damage":27,"enemies":"Gremlin Leader","floor":25,"turns":3},{"damage":0,"enemies":"Slavers","floor":27,"turns":1},{"damage":0,"enemies":"Sentry and Sphere","floor":28,"turns":1},{"damage":3,"enemies":"Centurion and Healer","floor":31,"turns":1},{"damage":0,"enemies":"Collector","floor":33,"turns":2},{"damage":5,"enemies":"3 Darklings","floor":35,"turns":3},{"damage":0,"enemies":"Orb Walker","floor":38,"turns":1},{"damage":0,"enemies":"4 Shapes","floor":40,"turns":1},{"damage":0,"enemies":"Reptomancer","floor":41,"turns":1},{"damage":0,"enemies":"3 Darklings","floor":44,"turns":1},{"damage":6,"enemies":"Awakened One","floor":50,"turns":4},{"damage":0,"enemies":"Shield and Spear","floor":54,"turns":1},{"damage":65,"enemies":"The Heart","floor":55,"turns":3}],"seed_played":"-7322666914664836285","potions_obtained":[{"floor":7.0,"key":"Fire Potion"},{"floor":8.0,"key":"EssenceOfSteel"},{"floor":14.0,"key":"Dexterity Potion"},{"floor":16,"key":"DistilledChaos"},{"floor":24,"key":"SteroidPotion"},{"floor":27,"key":"Ancient Potion"},{"floor":31,"key":"ColorlessPotion"},{"floor":33,"key":"FearPotion"},{"floor":54,"key":"Block Potion"}],"is_trial":false,"path_per_floor":["M","?","T","M","?","R","M","E","T","R","?","$","M","M","R","B",null,"M","?","?","M","M","E","M","E","T","E","M","?","R","M","R","B",null,"M","?","$","M","?","M","E","R","T","M","?","R","$","?","R","B",null,"R","$","E","B",null],"character_chosen":"IRONCLAD","items_purchased":["testmod-Automaton","Shrug It Off","Infernal Blade","Flex","Iron Wave","Inflame","Flex","Inflame","testmod-WeaknessCounterattack","Energy Potion","Weak Potion"],"campfire_rested":0,"item_purchase_floors":[6,6,30,32,32,37,42,47,53,53,53],"current_hp_per_floor":[100,115,125,135,138,148,164,160,170,180,190,200,196,212,222,238,265,275,221,231,247,253,269,285,274,284,300,316,326,336,349,359,375,440,450,460,470,480,490,500,510,520,530,540,550,560,570,580,590,600,610,620,630,640,601],"gold":36,"neow_bonus":"HUNDRED_GOLD","is_daily":false,"chose_seed":false,"campfire_upgraded":3,"win_rate":0.0,"timestamp":1609643978,"path_taken":["M","?","?","M","?","R","M","E","T","R","?","$","M","?","R","BOSS","M","?","?","M","?","E","M","E","T","E","?","?","R","M","R","BOSS","M","?","$","M","?","M","E","R","T","?","?","R","$","?","R","BOSS","R","$","E","BOSS"],"items_purchased_type":["Card","Card","Card","Card","Card","Card","Card","Card","Card","Potion","Potion"],"build_version":"2020-12-22","purchased_purges":3,"victory":true,"max_hp_per_floor":[100,115,125,135,145,155,165,175,185,195,205,215,225,235,245,255,265,275,290,300,310,320,330,340,350,360,370,380,390,400,410,420,430,440,450,460,470,480,490,500,510,520,530,540,550,560,570,580,590,600,610,620,630,640,660],"card_choices":[{"not_picked":["Intimidate","Iron Wave"],"picked":"Shrug It Off","floor":1.0},{"not_picked":["Wild Strike","Havoc"],"picked":"Sword Boomerang","floor":4.0},{"not_picked":["Iron Wave","Clash"],"picked":"Sword Boomerang","floor":7.0},{"not_picked":["Metallicize","True Grit"],"picked":"Iron Wave","floor":8.0},{"not_picked":["Power Through","Heavy Blade","Shrug It Off"],"picked":"SKIP","floor":13.0},{"not_picked":["Perfected Strike","Clothesline"],"picked":"Seeing Red","floor":14.0},{"not_picked":["Immolate","Exhume"],"picked":"Double Tap","floor":16},{"not_picked":["Blood for Blood","Sentinel"],"picked":"Headbutt+1","floor":18},{"not_picked":["Iron Wave","Cleave","Heavy Blade"],"picked":"SKIP","floor":21},{"not_picked":["Clash","Body Slam+1"],"picked":"Pummel+1","floor":22},{"not_picked":["Carnage+1","Warcry","Sword Boomerang"],"picked":"SKIP","floor":23},{"not_picked":["Burning Pact+1","Sword Boomerang","Perfected Strike"],"picked":"SKIP","floor":24},{"not_picked":["Heavy Blade","REME_FearOfPain"],"picked":"Ghostly Armor+1","floor":25},{"not_picked":["Searing Blow+1","Uppercut"],"picked":"Double Tap","floor":27},{"not_picked":["Pommel Strike","Reckless Charge","Twin Strike+1"],"picked":"SKIP","floor":28},{"not_picked":["Clash","Fire Breathing","Flame Barrier+1"],"picked":"SKIP","floor":31},{"not_picked":["Double Tap","Berserk"],"picked":"Limit Break","floor":33},{"not_picked":["Anger","Pommel Strike","Armaments+1"],"picked":"SKIP","floor":35},{"not_picked":["Cleave+1","Perfected Strike","Body Slam+1"],"picked":"SKIP","floor":38},{"not_picked":["Headbutt","Entrench+1","REME_Scribble"],"picked":"SKIP","floor":40},{"not_picked":["Pommel Strike+1","Heavy Blade+1","Clash"],"picked":"SKIP","floor":41},{"not_picked":["Armaments+1","Uppercut","Cleave"],"picked":"SKIP","floor":44},{"not_picked":["testmod-Reflect","testmod-ComboMaster"],"picked":"Impatience","floor":48},{"not_picked":["Twin Strike+1","Sword Boomerang+1"],"picked":"Rage","floor":54}],"player_experience":474039,"relics_obtained":[{"floor":1.0,"key":"AddBug"},{"floor":8.0,"key":"Vajra"},{"floor":9.0,"key":"Bronze Scales"},{"floor":13.0,"key":"SecretRecord"},{"floor":14.0,"key":"SecretRecord"},{"floor":18,"key":"REME_ComplimentaryCards"},{"floor":21,"key":"SecretRecord"},{"floor":23,"key":"vexMod:BerryBomb"},{"floor":25,"key":"Red Skull"},{"floor":26,"key":"MagicDraw4"},{"floor":27,"key":"Lantern"},{"floor":28,"key":"SecretRecord"},{"floor":31,"key":"Burning Blood"},{"floor":33,"key":"SecretRecord"},{"floor":38,"key":"SecretRecord"},{"floor":41,"key":"Bottled Tornado"},{"floor":43,"key":"Bag of Marbles"},{"floor":44,"key":"testmod-TestBox"},{"floor":54,"key":"SecretRecord"},{"floor":54,"key":"Mango"}],"event_choices":[{"damage_healed":0.0,"max_hp_gain":5.0,"max_hp_loss":0.0,"gold_gain":0.0,"event_name":"Big Fish","player_choice":"Donut","floor":2.0,"gold_loss":0.0,"damage_taken":0.0},{"cards_removed":["Strike_R"],"damage_healed":0.0,"max_hp_gain":0.0,"max_hp_loss":0.0,"gold_gain":0.0,"event_name":"Golden Wing","player_choice":"Card Removal","floor":5.0,"gold_loss":0.0,"damage_taken":7.0},{"damage_healed":0.0,"max_hp_gain":0.0,"max_hp_loss":0.0,"gold_gain":0.0,"event_name":"Scrap Ooze","player_choice":"Fled","floor":11.0,"gold_loss":0.0,"damage_taken":0.0},{"damage_healed":0,"gold_gain":0,"player_choice":"Shed Blood","damage_taken":69,"max_hp_gain":5,"max_hp_loss":0,"event_name":"Forgotten Altar","floor":19,"gold_loss":0},{"damage_healed":0,"gold_gain":100,"player_choice":"Pray","damage_taken":0,"max_hp_gain":0,"max_hp_loss":0,"event_name":"Golden Shrine","floor":20,"gold_loss":0},{"damage_healed":0,"gold_gain":0,"player_choice":"Obtain J.A.X.","damage_taken":0,"max_hp_gain":0,"max_hp_loss":0,"event_name":"Drug Dealer","floor":29,"gold_loss":0,"cards_obtained":["J.A.X."]},{"damage_healed":0,"gold_gain":0,"player_choice":"Upgrade","damage_taken":0,"relics_obtained":["Mark of the Bloom"],"max_hp_gain":0,"max_hp_loss":0,"event_name":"MindBloom","floor":36,"gold_loss":0,"cards_upgraded":["Strike_R","Strike_R","Strike_R","Strike_R","Defend_R","Defend_R","Defend_R","Bash","Shrug It Off","Sword Boomerang","Shrug It Off","Sword Boomerang","Iron Wave","Seeing Red","Double Tap","Double Tap","J.A.X.","Infernal Blade","Flex","Iron Wave","Limit Break"]},{"damage_healed":0,"gold_gain":0,"player_choice":"Ignored","damage_taken":0,"max_hp_gain":0,"max_hp_loss":0,"event_name":"WeMeetAgain","floor":39,"gold_loss":0},{"cards_removed":["Strike_R"],"damage_healed":0,"gold_gain":0,"player_choice":"Removed Attack","damage_taken":0,"max_hp_gain":0,"max_hp_loss":0,"event_name":"Falling","floor":45,"gold_loss":0},{"damage_healed":0,"gold_gain":0,"player_choice":"Memory 1","damage_taken":0,"max_hp_gain":0,"max_hp_loss":0,"event_name":"SensoryStone","floor":48,"gold_loss":0}],"is_beta":false,"boss_relics":[{"not_picked":["SlaversCollar","vexMod:MegatonBomb"],"picked":"AddBug"},{"not_picked":["testmod-Nine","Empty Cage"],"picked":"testmod-Recursion"}],"items_purged_floors":[6,53,53],"is_endless":false,"potions_floor_spawned":[7,8,14,16,24,27,31,33,35,54],"ascension_level":1}}