{"host":"dw8ij7emqco3quom","time":1609715316,"event":{"mods":["BaseMod","Minty Spire (QoL Compilation)"],"gold_per_floor":[112,112,112,129,129,157,173,26,50,50,50,63,63,90,90,195,195,215,224,149,174,174,174],"floor_reached":22,"playtime":846,"items_purged":["Strike_B"],"score":251,"play_id":"93d288d4-4f54-4d8e-be35-e392eb61edc8","local_time":"20210104000836","is_ascension_mode":true,"campfire_choices":[{"floor":13,"key":"REST"},{"floor":15,"key":"REST"}],"circlet_count":0,"master_deck":["Strike_B","Strike_B","Strike_B","Defend_B","Defend_B","Defend_B","Defend_B","Zap","Dualcast","Capacitor","Undo","Leap","Electrodynamics","Thunder Strike","White Noise","Leap+1"],"relics":["Cracked Core","NeowsBlessing","CultistMask","Ancient Tea Set","CeramicFish","Incense Burner","SacredBark"],"acts_visited":["Exordium","TheCity"],"potions_floor_usage":[12,16,21],"damage_taken":[{"damage":0,"enemies":"Small Slimes","floor":1,"turns":1},{"damage":0,"enemies":"Cultist","floor":4,"turns":1},{"damage":0,"enemies":"3 Sentries","floor":6,"turns":1},{"damage":4,"enemies":"Jaw Worm","floor":7,"turns":4},{"damage":12,"enemies":"Large Slime","floor":12,"turns":6},{"damage":21,"enemies":"Exordium Thugs","floor":14,"turns":5},{"damage":52,"enemies":"The Guardian","floor":16,"turns":11},{"damage":24,"enemies":"Chosen","floor":18,"turns":7},{"damage":35,"enemies":"Shell Parasite","floor":21,"turns":6},{"damage":31,"enemies":"Centurion and Healer","floor":22,"turns":6}],"seed_played":"-7980936609938599427","potions_obtained":[{"floor":1,"key":"PowerPotion"},{"floor":7,"key":"PowerPotion"},{"floor":14,"key":"CultistPotion"},{"floor":21,"key":"Ancient Potion"}],"is_trial":false,"path_per_floor":["M","?","$","M","?","E","M","$","T","?","?","M","R","M","R","B",null,"M","?","$","M","M"],"character_chosen":"DEFECT","items_purchased":["CeramicFish"],"campfire_rested":2,"item_purchase_floors":[8],"current_hp_per_floor":[75,75,75,75,75,75,71,71,71,59,59,47,69,48,70,18,75,51,51,51,16,0,0],"gold":174,"neow_bonus":"THREE_ENEMY_KILL","is_daily":false,"chose_seed":false,"campfire_upgraded":0,"win_rate":0.0,"timestamp":1609715316,"path_taken":["M","?","?","?","?","E","M","$","T","?","?","?","R","M","R","BOSS","M","?","$","?","?"],"items_purchased_type":["Relic"],"build_version":"2020-12-22","purchased_purges":1,"victory":false,"max_hp_per_floor":[75,75,75,75,75,75,75,75,75,75,75,75,75,75,75,75,75,75,75,75,75,75,75],"card_choices":[{"not_picked":["Self Repair","Chill"],"picked":"Capacitor","floor":1},{"not_picked":["Go for the Eyes","Hologram"],"picked":"Undo","floor":4},{"not_picked":["Steam","Streamline"],"picked":"Leap","floor":6},{"not_picked":["Coolheaded","Streamline","Barrage"],"picked":"SKIP","floor":7},{"not_picked":["Aggregate","Hologram","Beam Cell"],"picked":"SKIP","floor":12},{"not_picked":["Rip and Tear","Coolheaded"],"picked":"Electrodynamics","floor":14},{"not_picked":["Hyperbeam","All For One"],"picked":"Thunder Strike","floor":16},{"not_picked":["Chill","Compile Driver","Cold Snap"],"picked":"SKIP","floor":18},{"not_picked":["Turbo","Steam"],"picked":"Leap+1","floor":21}],"player_experience":602182,"relics_obtained":[{"floor":6,"key":"Ancient Tea Set"}],"event_choices":[{"damage_healed":0,"gold_gain":0,"player_choice":"Trade","damage_taken":0,"relics_obtained":["CultistMask"],"max_hp_gain":0,"max_hp_loss":0,"event_name":"FaceTrader","floor":2,"gold_loss":0},{"damage_healed":0,"gold_gain":0,"player_choice":"Ignored","damage_taken":0,"max_hp_gain":0,"max_hp_loss":0,"event_name":"Liars Game","floor":5,"gold_loss":0},{"damage_healed":0,"gold_gain":0,"player_choice":"Success","damage_taken":12,"relics_obtained":["Incense Burner"],"max_hp_gain":0,"max_hp_loss":0,"event_name":"Scrap Ooze","floor":10,"gold_loss":0},{"damage_healed":0,"gold_gain":0,"player_choice":"Ignored","damage_taken":0,"max_hp_gain":0,"max_hp_loss":0,"event_name":"Golden Wing","floor":11,"gold_loss":0},{"damage_healed":0,"gold_gain":0,"player_choice":"1 cards matched","damage_taken":0,"max_hp_gain":0,"max_hp_loss":0,"event_name":"Match and Keep!","floor":19,"gold_loss":0,"cards_obtained":["White Noise"]}],"is_beta":false,"boss_relics":[{"not_picked":["Snecko Eye","Coffee Dripper"],"picked":"SacredBark"}],"items_purged_floors":[20],"is_endless":false,"potions_floor_spawned":[1,7,14,21],"killed_by":"Centurion and Healer","ascension_level":4}}