{"host":"szp1d6dso4pv7ddl","time":1609715771,"event":{"mods":["AchievementEnabler","Alarm Clock","BaseMod","Bestiary","Block Reminder","Colored Map","Colored Powertips","Curses Come First","Displayed Cursed Tome","Highlight Path","Minty Spire (QoL Compilation)","Permanent Neow","Quick Restart","Relic Sorter","Relic Stats","StSLib","Synergy Search"],"gold_per_floor":[109,120,42,42,54,54,54],"floor_reached":6,"playtime":259,"items_purged":[],"score":63,"play_id":"0575fb64-47a4-4a46-b3bd-3d6b89091fc2","local_time":"20210103151611","is_ascension_mode":true,"campfire_choices":[],"circlet_count":0,"master_deck":["AscendersBane","Strike_G","Strike_G","Strike_G","Strike_G","Defend_G","Defend_G","Defend_G","Defend_G","Defend_G","Survivor","Neutralize","Heel Hook","Accuracy"],"relics":["SlaversCollar"],"acts_visited":["Exordium"],"potions_floor_usage":[],"damage_taken":[{"damage":0,"enemies":"Cultist","floor":1,"turns":5},{"damage":5,"enemies":"Small Slimes","floor":2,"turns":4},{"damage":13,"enemies":"Jaw Worm","floor":5,"turns":7},{"damage":38,"enemies":"Lagavulin","floor":6,"turns":10}],"seed_played":"565454598600966482","potions_obtained":[{"floor":2,"key":"SpeedPotion"},{"floor":5,"key":"Energy Potion"}],"is_trial":false,"path_per_floor":["M","M","$","?","M","E"],"character_chosen":"THE_SILENT","items_purchased":["Accuracy"],"campfire_rested":0,"item_purchase_floors":[3],"current_hp_per_floor":[59,54,54,47,34,0,0],"gold":54,"neow_bonus":"BOSS_RELIC","is_daily":false,"chose_seed":false,"campfire_upgraded":0,"win_rate":0.0,"timestamp":1609715771,"path_taken":["M","M","$","?","M","E"],"items_purchased_type":["Card"],"build_version":"2020-12-22","purchased_purges":0,"victory":false,"max_hp_per_floor":[66,66,66,66,66,66,66],"relic_stats":{"counters":[4,26],"obtain_stats":[{"SlaversCollar":0,"Ring of the Snake":0},{"SlaversCollar":0,"Ring of the Snake":0},{"SlaversCollar":0,"Ring of the Snake":0}]},"card_choices":[{"not_picked":["Acrobatics","Poisoned Stab"],"picked":"Heel Hook","floor":1},{"not_picked":["Prepared","Finisher","Caltrops"],"picked":"SKIP","floor":2},{"not_picked":["Underhanded Strike","Dodge and Roll","PiercingWail"],"picked":"SKIP","floor":5}],"player_experience":1110888,"relics_obtained":[],"event_choices":[{"cards_removed":["Strike_G"],"damage_healed":0,"gold_gain":0,"player_choice":"Card Removal","damage_taken":7,"max_hp_gain":0,"max_hp_loss":0,"event_name":"Golden Wing","floor":4,"gold_loss":0}],"is_beta":false,"boss_relics":[],"items_purged_floors":[],"is_endless":false,"potions_floor_spawned":[2,5],"killed_by":"Lagavulin","ascension_level":15}}