{"host":"a4s27ghlnr83kbqz","time":1609666929,"event":{"mods":["AchievementEnabler","BaseMod","Colored Map","Minty Spire (QoL Compilation)","Permanent Neow","SuperFastMode"],"gold_per_floor":[110,126,126,145,156,156,175,175,249,249,8,36,56,70,70,70,70],"floor_reached":16,"playtime":278,"items_purged":["Decay"],"score":208,"play_id":"ce180ddb-fcf1-43cc-987f-a6784c508e52","local_time":"20210103174209","is_ascension_mode":true,"campfire_choices":[{"data":"Whirlwind","floor":6,"key":"SMITH"},{"data":"Blood for Blood","floor":8,"key":"SMITH"},{"floor":10,"key":"REST"},{"data":"Metallicize","floor":15,"key":"SMITH"}],"circlet_count":0,"master_deck":["AscendersBane","Strike_R","Strike_R","Strike_R","Strike_R","Strike_R","Defend_R","Defend_R","Defend_R","Defend_R","Bash","Reaper","Flex","Inflame","Whirlwind+1","Blood for Blood+1","Metallicize+1","Limit Break","Fiend Fire","Shrug It Off"],"relics":["Burning Blood","Gremlin Horn","Calipers"],"acts_visited":["Exordium"],"potions_floor_usage":[12,16],"damage_taken":[{"damage":14,"enemies":"Jaw Worm","floor":1,"turns":4},{"damage":12,"enemies":"Cultist","floor":2,"turns":4},{"damage":21,"enemies":"2 Louse","floor":4,"turns":3},{"damage":19,"enemies":"Blue Slaver","floor":5,"turns":5},{"damage":36,"enemies":"Red Slaver","floor":7,"turns":4},{"damage":20,"enemies":"Lagavulin","floor":12,"turns":4},{"damage":17,"enemies":"Large Slime","floor":13,"turns":6},{"damage":16,"enemies":"Blue Slaver","floor":14,"turns":4},{"damage":22,"enemies":"The Guardian","floor":16,"turns":2}],"seed_played":"-7196090587052864419","potions_obtained":[{"floor":4,"key":"DistilledChaos"},{"floor":7,"key":"ElixirPotion"},{"floor":13,"key":"Explosive Potion"},{"floor":14,"key":"Weak Potion"}],"is_trial":false,"path_per_floor":["M","M","?","M","M","R","M","R","T","R","$","E","M","M","R","B"],"character_chosen":"IRONCLAD","items_purchased":["Limit Break"],"campfire_rested":1,"item_purchase_floors":[11],"current_hp_per_floor":[64,64,64,61,48,48,24,24,24,46,46,32,30,20,20,0,0],"gold":70,"neow_bonus":"ONE_RANDOM_RARE_CARD","is_daily":false,"chose_seed":false,"campfire_upgraded":3,"win_rate":0.0,"timestamp":1609666929,"path_taken":["M","M","?","?","M","R","M","R","T","R","$","E","M","M","R","BOSS"],"items_purchased_type":["Card"],"build_version":"2020-12-22","purchased_purges":1,"victory":false,"max_hp_per_floor":[75,75,75,75,75,75,75,75,75,75,75,75,75,75,75,75,75],"card_choices":[{"not_picked":["Iron Wave","Dark Embrace"],"picked":"Flex","floor":1},{"not_picked":["Rupture","Twin Strike"],"picked":"Inflame","floor":2},{"not_picked":["Reckless Charge","Pummel"],"picked":"Whirlwind","floor":4},{"not_picked":["Cleave","Pummel"],"picked":"Blood for Blood","floor":5},{"not_picked":["Clash","Ghostly Armor"],"picked":"Metallicize","floor":7},{"not_picked":["Dark Embrace","Twin Strike"],"picked":"Fiend Fire","floor":12},{"not_picked":["Flex","Dropkick"],"picked":"Shrug It Off","floor":13},{"not_picked":["Havoc","Cleave","Heavy Blade"],"picked":"SKIP","floor":14}],"player_experience":1082368,"relics_obtained":[{"floor":9,"key":"Gremlin Horn"},{"floor":12,"key":"Calipers"}],"event_choices":[{"damage_healed":0,"gold_gain":0,"player_choice":"Cursed","damage_taken":0,"max_hp_gain":0,"max_hp_loss":0,"event_name":"Wheel of Change","floor":3,"gold_loss":0,"cards_obtained":["Decay"]}],"is_beta":false,"boss_relics":[],"items_purged_floors":[11],"is_endless":false,"potions_floor_spawned":[4,7,13,14],"killed_by":"The Guardian","ascension_level":20}}