{"host":"2lvuisjyit3p3u01","time":1609702993,"event":{"mods":["Act Like it!","BaseMod","Bestiary","Better Synergies","CapriCore","Colored Map","Colored Powertips","Duelist Mod","GifTheSpireLib","Minty Spire (QoL Compilation)","Quick Restart","Replay The Spire","StSLib"],"gold_per_floor":[144,156,176,186,201,201,226,151,151,184,62,74,74,24,24,126,126,136,136,11,22,36,36,51,65,65,100,100,114,148,148,148,251,251,264,264,264,264,17,17,28,28,28,58,74,74,106,106,106],"floor_reached":48,"playtime":3085,"items_purged":["theDuelist:CastleWalls","Parasite","theDuelist:FrontierWiseman","theDuelist:Sparks+1"],"score":555,"play_id":"523fb7cc-d5ec-446f-9c1a-6f288564010a","local_time":"20210103214313","is_ascension_mode":false,"campfire_choices":[{"data":"theDuelist:InjectionFairy","floor":6.0,"key":"SMITH"},{"data":"theDuelist:Yami","floor":13.0,"key":"SMITH"},{"data":"theDuelist:WhiteMagicalHat","floor":15.0,"key":"SMITH"},{"data":"theDuelist:Yami","floor":23.0,"key":"SMITH"},{"data":"theDuelist:GrandSpellbookTower","floor":32.0,"key":"SMITH"},{"data":"theDuelist:RainbowKuriboh","floor":40,"key":"SMITH"},{"data":"theDuelist:ExodiaHead","floor":42,"key":"SMITH"}],"circlet_count":0,"master_deck":["theDuelist:DarkMagician+1","theDuelist:MysticalElf","theDuelist:MysticalElf","theDuelist:NeoMagic","theDuelist:NeoMagic","theDuelist:InjectionFairy+1","theDuelist:ApprenticeIllusionMagician","theDuelist:ExodiaLA+1","theDuelist:Yami+1","theDuelist:ExodiaRL","theDuelist:InjectionFairy","theDuelist:WhiteMagicalHat+1","theDuelist:IceQueen","theDuelist:RainbowMagician","theDuelist:SkilledDarkMagician","theDuelist:Yami+1","theDuelist:GeminiElf","theDuelist:ExodiaHead+1","theDuelist:PotGreed","theDuelist:GrandSpellbookTower+1","theDuelist:PowerGiant","theDuelist:RainbowKuriboh+1","theDuelist:ExodiaLL","theDuelist:FluteKuriboh+1","theDuelist:GoblinSecret+1"],"relics":["theDuelist:MillenniumPuzzle","theDuelist:CardPoolRelic","theDuelist:CardPoolBasicRelic","theDuelist:BoosterPackPoolRelic","theDuelist:CardPoolAddRelic","theDuelist:CardPoolMinusRelic","theDuelist:CardPoolSaveRelic","theDuelist:CardPoolOptionsRelic","Whetstone","Tiny Chest","Centennial Puzzle","ReplayTheSpireMod:CursedCoin","Empty Cage","Blood Vial","theDuelist:ZoneToken","White Beast Statue","Eternal Feather","Ooze Armor","theDuelist:AeroRelic","Membership Card","Bottled Flame","Nunchaku"],"acts_visited":["Exordium","TheCity","TheBeyond"],"potions_floor_usage":[45,48],"damage_taken":[{"damage":0.0,"enemies":"Cultist","floor":1.0,"turns":4.0},{"damage":3.0,"enemies":"Jaw Worm","floor":2.0,"turns":3.0},{"damage":0.0,"enemies":"2 Louse","floor":3.0,"turns":2.0},{"damage":0.0,"enemies":"Red Slaver","floor":4.0,"turns":2.0},{"damage":11.0,"enemies":"Exordium Thugs","floor":5.0,"turns":6.0},{"damage":23.0,"enemies":"3 Sentries","floor":10.0,"turns":7.0},{"damage":5.0,"enemies":"Lots of Slimes","floor":12.0,"turns":5.0},{"damage":3.0,"enemies":"The Guardian","floor":16.0,"turns":10.0},{"damage":24.0,"enemies":"Chosen","floor":18.0,"turns":7.0},{"damage":25.0,"enemies":"Spheric Guardian","floor":21.0,"turns":6.0},{"damage":19.0,"enemies":"Snake Plant","floor":22.0,"turns":5.0},{"damage":4.0,"enemies":"Centurion and Healer","floor":24.0,"turns":5.0},{"damage":35.0,"enemies":"Shelled Parasite and Fungi","floor":25.0,"turns":5.0},{"damage":27.0,"enemies":"Book of Stabbing","floor":27.0,"turns":7.0},{"damage":12.0,"enemies":"Cultist and Chosen","floor":29.0,"turns":5.0},{"damage":15.0,"enemies":"theDuelist:KaibaA2","floor":30.0,"turns":6.0},{"damage":42.0,"enemies":"Champ","floor":33.0,"turns":10.0},{"damage":44,"enemies":"3 Darklings","floor":35,"turns":6},{"damage":8,"enemies":"3 Shapes","floor":41,"turns":5},{"damage":18,"enemies":"R_Hoarder","floor":44,"turns":10},{"damage":0,"enemies":"Transient","floor":45,"turns":5},{"damage":81,"enemies":"Nemesis","floor":47,"turns":13},{"damage":21,"enemies":"Jaw Worm Horde","floor":48,"turns":2}],"seed_played":"4208143966774138008","potions_obtained":[{"floor":2.0,"key":"Energy Potion"},{"floor":4.0,"key":"SteroidPotion"},{"floor":12.0,"key":"theDuelist:VampireVial"},{"floor":19.0,"key":"theDuelist:LavaBottle"},{"floor":19.0,"key":"GamblersBrew"},{"floor":29.0,"key":"theDuelist:FlamingBottle"},{"floor":30.0,"key":"theDuelist:WaterBottle"},{"floor":33.0,"key":"theDuelist:EarthBottle"},{"floor":35,"key":"SteroidPotion"},{"floor":41,"key":"theDuelist:MillenniumElixir"},{"floor":44,"key":"AttackPotion"},{"floor":45,"key":"AttackPotion"},{"floor":47,"key":"theDuelist:StunPotion"}],"is_trial":false,"path_per_floor":["M","M","M","M","M","R","T","$","T","E","$","M","R","?","R","B",null,"M","?","$","M","M","R","M","M","T","E","T","M","E","?","R","B",null,"M","?","T","?","$","R","M","R","T","E","M","?","E","M"],"character_chosen":"THE_DUELIST","items_purchased":["ReplayTheSpireMod:CursedCoin","theDuelist:Yami","theDuelist:ExodiaRL","theDuelist:InjectionFairy","Membership Card","theDuelist:ExodiaLL"],"campfire_rested":0,"item_purchase_floors":[11,11,11,11,39,39],"current_hp_per_floor":[88,88,88,88,81,81,81,81,81,68,68,82,82,82,82,85,85,67,67,67,61,60,60,74,57,57,46,46,40,40,40,52,32,85,59,59,59,59,59,71,74,85,85,79,85,85,14,0,0],"gold":106,"neow_bonus":"TEN_PERCENT_HP_BONUS","is_daily":false,"chose_seed":false,"campfire_upgraded":7,"win_rate":0.0,"timestamp":1609702993,"path_taken":["M","M","?","M","M","R","?","$","T","E","$","M","R","?","R","BOSS","M","?","$","M","M","R","M","?","T","E","?","?","E","?","R","BOSS","M","?","?","?","$","R","M","R","T","E","M","?","E","?"],"items_purchased_type":["Relic","Card","Card","Card","Relic","Card"],"build_version":"2020-12-22","purchased_purges":4,"victory":false,"max_hp_per_floor":[88,88,88,88,88,88,88,88,88,88,85,85,85,85,85,85,85,85,85,85,85,85,85,85,85,85,85,85,85,85,85,85,85,85,85,85,85,85,85,85,85,85,85,85,85,85,85,85,85],"card_choices":[{"not_picked":["theDuelist:SpellShatteringArrow","theDuelist:BlizzardWarrior","theDuelist:NeoMagic","theDuelist:MythicalBeast"],"picked":"theDuelist:InjectionFairy","floor":1.0},{"not_picked":["theDuelist:Wildfire+1","theDuelist:SilentDoom+1","theDuelist:InfernoFireBlast+1","theDuelist:CharcoalInpachi"],"picked":"theDuelist:ApprenticeIllusionMagician","floor":2.0},{"not_picked":["theDuelist:BattleOx","theDuelist:BlackPendant","theDuelist:GilfordLegend","theDuelist:PreventRat"],"picked":"theDuelist:FrontierWiseman","floor":3.0},{"not_picked":["theDuelist:MoonOrbCard","theDuelist:BlackOrbCard","theDuelist:WaterOrbCard","theDuelist:SurgeOrbCard","theDuelist:MonsterOrbCard"],"picked":"SKIP","floor":4.0},{"not_picked":["theDuelist:LordD","theDuelist:CosmicHorrorGangiel","theDuelist:BookSecret","theDuelist:IcyCrevasse"],"picked":"theDuelist:ExodiaLA","floor":5.0},{"not_picked":["theDuelist:FuryFire","theDuelist:LightningVortex","theDuelist:Mathematician","theDuelist:PowerGiant","theDuelist:Raigeki"],"picked":"SKIP","floor":10.0},{"not_picked":["theDuelist:NeoMagic","theDuelist:AncientElf","theDuelist:ExodiaRL","theDuelist:SilentDoom"],"picked":"theDuelist:WhiteMagicalHat","floor":12.0},{"not_picked":["theDuelist:Wildfire","theDuelist:IrisEarthMother","theDuelist:DarkPaladin","theDuelist:GateGuardian"],"picked":"theDuelist:IceQueen","floor":16.0},{"not_picked":["theDuelist:Wildfire","theDuelist:QueenDragunDjinn"],"picked":"theDuelist:RainbowMagician","floor":18.0},{"not_picked":["theDuelist:SangaThunder","theDuelist:ExodiaRL","theDuelist:AncientElf+1","theDuelist:DarkMagician"],"picked":"theDuelist:SkilledDarkMagician","floor":21.0},{"not_picked":["theDuelist:WhiteHowling","theDuelist:VoidExpansion","theDuelist:BadReaction"],"picked":"theDuelist:Yami","floor":22.0},{"not_picked":["theDuelist:BlizzardWarrior","theDuelist:BlueDragonSummoner","theDuelist:Illusionist","theDuelist:InvitationDarkSleep"],"picked":"theDuelist:GeminiElf","floor":24.0},{"not_picked":["theDuelist:ExodiaLA","theDuelist:LegendaryFlameLord+1","theDuelist:CrystalWingDragon+1","theDuelist:Relinquished"],"picked":"theDuelist:ExodiaHead","floor":25.0},{"not_picked":["theDuelist:MillenniumGolem","theDuelist:Kuribohrn","theDuelist:WormApocalypse","theDuelist:DarkCreator"],"picked":"theDuelist:PotGreed","floor":27.0},{"not_picked":["theDuelist:ExodiaHead","theDuelist:Wildfire+1","theDuelist:IrisEarthMother","theDuelist:IceQueen"],"picked":"theDuelist:GrandSpellbookTower","floor":29.0},{"not_picked":["theDuelist:GaiaMidNightSun","theDuelist:HammerShot","theDuelist:LightningDarts+1","theDuelist:BattleOx"],"picked":"theDuelist:PowerGiant","floor":30.0},{"not_picked":["theDuelist:RainbowDarkDragon","theDuelist:IrisEarthMother","theDuelist:RainbowMagician","theDuelist:RainbowOverdragon"],"picked":"theDuelist:RainbowKuriboh","floor":33.0},{"not_picked":["theDuelist:InfernoFireBlast","theDuelist:Yami+1","theDuelist:GrandSpellbookTower","theDuelist:SpellbookKnowledge+1","theDuelist:Sparks+1"],"picked":"SKIP","floor":35},{"not_picked":["theDuelist:GauntletWarrior","theDuelist:LightningRodLord+1","theDuelist:RainbowBridge+1","theDuelist:ImperialOrder"],"picked":"theDuelist:FluteKuriboh+1","floor":41},{"not_picked":["theDuelist:MythicalBeast+1","theDuelist:ExodiaLA","theDuelist:FrontierWiseman+1","theDuelist:CrystalWingDragon+1","theDuelist:GateGuardian+1"],"picked":"SKIP","floor":44},{"not_picked":["theDuelist:InjectionFairy","theDuelist:PowerKaishin","theDuelist:ExodiaRL+1","theDuelist:MysticalElf+1","theDuelist:InariFire+1"],"picked":"SKIP","floor":45},{"not_picked":["theDuelist:NeoMagic","theDuelist:FairyBox+1","theDuelist:LordD","theDuelist:ThousandEyesIdol+1"],"picked":"theDuelist:GoblinSecret+1","floor":47}],"player_experience":238005,"relics_obtained":[{"floor":7.0,"key":"Whetstone"},{"floor":9.0,"key":"Tiny Chest"},{"floor":10.0,"key":"Centennial Puzzle"},{"floor":26.0,"key":"Blood Vial"},{"floor":27.0,"key":"theDuelist:ZoneToken"},{"floor":28.0,"key":"White Beast Statue"},{"floor":30.0,"key":"Eternal Feather"},{"floor":37,"key":"theDuelist:AeroRelic"},{"floor":43,"key":"Bottled Flame"},{"floor":44,"key":"Nunchaku"}],"event_choices":[{"cards_removed":["theDuelist:CastleWalls"],"damage_healed":0.0,"max_hp_gain":0.0,"max_hp_loss":0.0,"gold_gain":0.0,"event_name":"The Cleric","player_choice":"Card Removal","floor":14.0,"gold_loss":50.0,"damage_taken":0.0},{"damage_healed":0.0,"max_hp_gain":0.0,"max_hp_loss":0.0,"gold_gain":0.0,"event_name":"Lab","player_choice":"Got Potions","floor":19.0,"gold_loss":0.0,"damage_taken":0.0},{"damage_healed":0.0,"max_hp_gain":0.0,"max_hp_loss":0.0,"gold_gain":0.0,"event_name":"Card Trader","player_choice":"Leave","duelist":true,"floor":31.0,"gold_loss":0.0,"damage_taken":0.0},{"damage_healed":0,"gold_gain":0,"player_choice":"Memory 1","damage_taken":0,"max_hp_gain":0,"max_hp_loss":0,"event_name":"SensoryStone","floor":36,"gold_loss":0},{"damage_healed":0,"gold_gain":0,"player_choice":"Ignored","damage_taken":0,"max_hp_gain":0,"max_hp_loss":0,"event_name":"Tomb of Lord Red Mask","floor":38,"gold_loss":0},{"damage_healed":0,"gold_gain":0,"player_choice":"Upgraded","damage_taken":0,"max_hp_gain":0,"max_hp_loss":0,"event_name":"Upgrade Shrine","floor":46,"gold_loss":0,"cards_upgraded":["theDuelist:DarkMagician"]}],"is_beta":false,"boss_relics":[{"not_picked":["ReplayTheSpireMod:DimensionalGlitch","Philosopher\u0027s Stone"],"picked":"Empty Cage"},{"not_picked":["ChewingGum","theDuelist:ElectricKey"],"picked":"Ooze Armor"}],"items_purged_floors":[8,11,20,39],"is_endless":false,"potions_floor_spawned":[2,4,12,22,29,30,33,35,41,44,45,47],"killed_by":"Jaw Worm Horde","ascension_level":0}}