{"host":"acpsw8r33r8788yr","time":1609641128,"event":{"mods":["Act Like it!","BaseMod","Better Altar","Better Skull","Better Third Choice","BetterRewards","ChefMod","Colored Map","Downfall","Gensokyo","Hermit","Highlight Path","Hubris","Infinite Spire","Jorbs\u0027s Wanderer Trilogy","Minty Spire (QoL Compilation)","Quick Restart","Replay The Spire","Shop Mod","StSLib","The Animator","The Bug Knight","The Cursed","The Disciple","The Hierophant","The Runesmith","The Senshi"],"gold_per_floor":[113,113,113,113,151,151,164,207,207,232,60,134,134,167,278,408,408,424,443,467,481,481,481,481,481,504,504,547,547,567,567,567,567,567],"floor_reached":33,"playtime":2444,"items_purged":[],"score":348,"play_id":"6b9068f0-14d0-4cc8-b055-e6cdfc9c7e08","local_time":"20210102183208","is_ascension_mode":false,"campfire_choices":[{"data":"stsjorbsmod:FreshAdventure","floor":6,"key":"SMITH"},{"floor":13,"key":"REST"},{"data":"stsjorbsmod:FlameWard","floor":23,"key":"SMITH"},{"floor":25,"key":"RECALL"},{"data":"stsjorbsmod:UnseenServant","floor":27,"key":"SMITH"},{"data":"stsjorbsmod:Index","floor":32,"key":"SMITH"}],"circlet_count":0,"master_deck":["stsjorbsmod:ForbiddenGrimoire+1","stsjorbsmod:Defend_Wanderer","stsjorbsmod:Defend_Wanderer","stsjorbsmod:Defend_Wanderer","stsjorbsmod:Defend_Wanderer","stsjorbsmod:FreshAdventure+1","Midas Touch","stsjorbsmod:Prestidigitation+1","stsjorbsmod:TollTheDead+1","stsjorbsmod:BookOfTongues","stsjorbsmod:ColorSpray","stsjorbsmod:Index+1","expansioncontent:QuickStudy","stsjorbsmod:FindFamiliar","stsjorbsmod:UnseenServant+1","stsjorbsmod:FlameWard+1","stsjorbsmod:Thorns+1","stsjorbsmod:Firebolt+1","Bite","Bite","Bite","Bite","Bite","stsjorbsmod:HoldMonster","stsjorbsmod:Hibernate"],"relics":["stsjorbsmod:GrimoireRelic","Toolbox","Replay:Baseball","Calipers","ReplayTheSpireMod:Shallot","Golden Idol","Vajra","StoneCalendar","Ancient Tea Set","Empty Cage","Whetstone","hubris:TenFootPole","Shuriken","Replay:Bottled Eggs"],"acts_visited":["Exordium","TheCity"],"potions_floor_usage":[18,18,19,30,33,33],"damage_taken":[{"damage":0,"enemies":"Small Slimes","floor":1,"turns":3},{"damage":0,"enemies":"2 Louse","floor":5,"turns":2},{"damage":0,"enemies":"Cultist","floor":7,"turns":4},{"damage":15,"enemies":"Gremlin Nob","floor":8,"turns":4},{"damage":0,"enemies":"Lots of Slimes","floor":10,"turns":1},{"damage":6,"enemies":"3 Sentries","floor":12,"turns":3},{"damage":14,"enemies":"Lagavulin","floor":14,"turns":6},{"damage":3,"enemies":"Slime Boss","floor":16,"turns":3},{"damage":21,"enemies":"Chosen","floor":18,"turns":7},{"damage":9,"enemies":"Spheric Guardian","floor":19,"turns":5},{"damage":9,"enemies":"Shelled Parasite and Fungi","floor":20,"turns":7},{"damage":10,"enemies":"Snake Plant","floor":21,"turns":4},{"damage":31,"enemies":"Nightmare","floor":28,"turns":8},{"damage":9,"enemies":"Chosen and Byrds","floor":30,"turns":5},{"damage":44,"enemies":"Automaton","floor":33,"turns":6}],"seed_played":"530967840323331204","potions_obtained":[{"floor":12,"key":"Swift Potion"},{"floor":14,"key":"Languid Potion"},{"floor":16,"key":"PowerPotion"},{"floor":21,"key":"ColorlessPotion"},{"floor":28,"key":"Fire Potion"},{"floor":30,"key":"EssenceOfSteel"}],"is_trial":false,"path_per_floor":["M","?","?","?","M","R","M","E","T","M","$","?","R","E","R_BF","B",null,"M","M","M","M","AVR","R","?","R","T","R","NM","?","M","?","R","B"],"character_chosen":"WANDERER","items_purchased":["Toolbox","Replay:Baseball","Midas Touch","expansioncontent:QuickStudy"],"campfire_rested":1,"item_purchase_floors":[0,0,0,11],"current_hp_per_floor":[37,37,37,37,37,37,37,22,22,22,22,16,34,20,20,17,63,42,33,24,20,20,20,20,20,20,20,10,25,24,24,24,0,0],"gold":567,"neow_bonus":"","is_daily":false,"chose_seed":false,"campfire_upgraded":4,"win_rate":0.0,"timestamp":1609641128,"path_taken":["M","?","?","?","M","R","?","E","T","M","?","?","R","E","R_BF","BOSS","M","M","M","M","AVR","R","?","R","T","R","NM","?","?","?","R","BOSS"],"items_purchased_type":["Relic","Relic","Card","Card"],"build_version":"2020-12-22","purchased_purges":0,"victory":false,"max_hp_per_floor":[68,68,63,63,63,63,63,63,63,63,63,63,63,63,63,63,63,63,63,63,63,63,63,44,44,44,44,44,44,44,44,44,44,44],"card_choices":[{"not_picked":["stsjorbsmod:Hurt","stsjorbsmod:SchoolsOfMagic"],"picked":"stsjorbsmod:Prestidigitation","floor":1},{"not_picked":["stsjorbsmod:RayOfFrost","stsjorbsmod:Firebolt"],"picked":"stsjorbsmod:TollTheDead","floor":5},{"not_picked":["stsjorbsmod:TrueStrike","stsjorbsmod:LoseGrip"],"picked":"stsjorbsmod:BookOfTongues","floor":7},{"not_picked":["stsjorbsmod:FaerieFire","stsjorbsmod:DisguiseSelf"],"picked":"stsjorbsmod:ColorSpray","floor":8},{"not_picked":["stsjorbsmod:FracturedMind","stsjorbsmod:WanderingMind"],"picked":"stsjorbsmod:Index","floor":10},{"not_picked":["stsjorbsmod:Channel","stsjorbsmod:Mania"],"picked":"stsjorbsmod:FindFamiliar","floor":12},{"not_picked":["stsjorbsmod:Prestidigitation","stsjorbsmod:LocateObject","stsjorbsmod:Mindworm"],"picked":"SKIP","floor":14},{"not_picked":["stsjorbsmod:Hibernate","stsjorbsmod:SmithingStrike"],"picked":"stsjorbsmod:UnseenServant","floor":18},{"not_picked":["stsjorbsmod:Index","stsjorbsmod:MagicMirror+1"],"picked":"stsjorbsmod:FlameWard","floor":19},{"not_picked":["stsjorbsmod:Prepare+1","stsjorbsmod:BurningFlask"],"picked":"stsjorbsmod:Thorns+1","floor":20},{"not_picked":["stsjorbsmod:Counterspell","stsjorbsmod:Patron+1"],"picked":"stsjorbsmod:Firebolt+1","floor":21},{"not_picked":["stsjorbsmod:DisguiseSelf","stsjorbsmod:ScorchingRay"],"picked":"stsjorbsmod:HoldMonster","floor":28},{"not_picked":["stsjorbsmod:Index","stsjorbsmod:UnseenServant"],"picked":"stsjorbsmod:Hibernate","floor":30}],"player_experience":407663,"relics_obtained":[{"floor":8,"key":"Vajra"},{"floor":12,"key":"StoneCalendar"},{"floor":14,"key":"Ancient Tea Set"},{"floor":26,"key":"hubris:TenFootPole"},{"floor":28,"key":"Shuriken"}],"event_choices":[{"damage_healed":0,"gold_gain":0,"player_choice":"Box","damage_taken":0,"relics_obtained":["ReplayTheSpireMod:Shallot"],"max_hp_gain":0,"max_hp_loss":0,"event_name":"Big Fish","floor":2,"gold_loss":0,"cards_obtained":["Regret"]},{"damage_healed":0,"gold_gain":0,"player_choice":"Lose Max HP","damage_taken":0,"relics_obtained":["Golden Idol"],"max_hp_gain":0,"max_hp_loss":5,"event_name":"Golden Idol","floor":3,"gold_loss":0},{"cards_removed":["Regret"],"damage_healed":0,"gold_gain":0,"player_choice":"Purged","damage_taken":0,"max_hp_gain":0,"max_hp_loss":0,"event_name":"Purifier","floor":4,"gold_loss":0},{"damage_healed":0,"gold_gain":0,"player_choice":"Searched \u00272\u0027 times","damage_taken":0,"max_hp_gain":0,"max_hp_loss":0,"event_name":"Dead Adventurer","floor":12,"gold_loss":0},{"damage_healed":0,"gold_gain":0,"player_choice":"Became a vampire","damage_taken":0,"max_hp_gain":0,"max_hp_loss":19,"event_name":"Vampires","floor":24,"gold_loss":0,"cards_obtained":["Bite","Bite","Bite","Bite","Bite"]},{"damage_healed":15,"gold_gain":0,"player_choice":"Heal","damage_taken":0,"max_hp_gain":0,"max_hp_loss":0,"event_name":"The Library","floor":29,"gold_loss":0}],"is_beta":false,"boss_relics":[{"not_picked":["Ectoplasm","Painkiller Herb"],"picked":"Empty Cage"}],"items_purged_floors":[],"is_endless":true,"potions_floor_spawned":[12,14,16,21,28,30],"killed_by":"Automaton","ascension_level":0}}