{"host":"s794kqxf2n1qz2yr","time":1609636452,"event":{"mods":["2.2 Compatiblity","AchievementEnabler","Aspiration","BaseMod","Downfall","Friendly Minions","Minty Spire (QoL Compilation)","Permanent Neow","StSLib","The Disciple","The Marked"],"gold_per_floor":[110,110,125,125,5,34,34,65,112,123,142,162,162,162,162,264,264,253,267,113,113,132,166,177,154,154,174,174,174,89,109,109,213,213,228,228,85,104,115,115,147,147,147,163,163,180,206,230,230,230],"floor_reached":51,"playtime":4052,"items_purged":["Regret"],"score":732,"play_id":"a90e0a3c-992e-4099-b41b-e828131d13da","local_time":"20210103011412","is_ascension_mode":false,"campfire_choices":[{"data":"theMarked:HeritageOfTheMarked","floor":7.0,"key":"SMITH"},{"floor":13.0,"key":"REST"},{"data":"theMarked:BanishingStrike","floor":15.0,"key":"SMITH"},{"floor":28.0,"key":"REST"},{"data":"theMarked:MysticalArsenal","floor":32.0,"key":"SMITH"},{"data":"theMarked:Challenge","floor":40.0,"key":"SMITH"},{"floor":42,"key":"REST"},{"data":"theMarked:Challenge","floor":49,"key":"SMITH"}],"circlet_count":0,"master_deck":["theMarked:Strike","theMarked:Strike","theMarked:Defend","theMarked:Defend","theMarked:Defend","theMarked:Defend","theMarked:SoldierOfQuellstein","theMarked:DeterminationOfTheMarked","theMarked:TurnInvisible","theMarked:Overcharge","theMarked:BanishingStrike+1","theMarked:HeritageOfTheMarked+1","theMarked:Opportunist","theMarked:Standoff","theMarked:RepellingDischarge","theMarked:Challenge+1","theMarked:Challenge+1","theMarked:BindingBlade","theMarked:MysticalArsenal+1","theMarked:WardOff","theMarked:HeritageOfTheMarked+1","Ghostly","Ghostly","Ghostly","Ghostly","Ghostly","Parasite","Parasite"],"relics":["Runic Pyramid","Pocketwatch","Thread and Needle","Vajra","Pen Nib","Odd Mushroom","Sozu","Strawberry","NlothsMask","Gremlin Horn","Orichalcum","Empty Cage","Strange Spoon","CeramicFish","CaptainsWheel","aspiration:Lifesprig"],"acts_visited":["Exordium","TheCity","TheBeyond"],"potions_floor_usage":[],"damage_taken":[{"damage":3.0,"enemies":"Small Slimes","floor":1.0,"turns":3.0},{"damage":5.0,"enemies":"Cultist","floor":3.0,"turns":4.0},{"damage":8.0,"enemies":"Lagavulin","floor":6.0,"turns":6.0},{"damage":5.0,"enemies":"Gremlin Nob","floor":8.0,"turns":4.0},{"damage":1.0,"enemies":"Jaw Worm","floor":10.0,"turns":3.0},{"damage":1.0,"enemies":"Looter","floor":11.0,"turns":3.0},{"damage":4.0,"enemies":"The Mushroom Lair","floor":12.0,"turns":5.0},{"damage":2.0,"enemies":"The Guardian","floor":16.0,"turns":9.0},{"damage":10.0,"enemies":"2 Thieves","floor":18.0,"turns":4.0},{"damage":1.0,"enemies":"Chosen","floor":19.0,"turns":5.0},{"damage":0.0,"enemies":"Centurion and Healer","floor":22.0,"turns":4.0},{"damage":17.0,"enemies":"Gremlin Leader","floor":23.0,"turns":5.0},{"damage":7.0,"enemies":"Cultist and Chosen","floor":24.0,"turns":5.0},{"damage":1.0,"enemies":"Shelled Parasite and Fungi","floor":27.0,"turns":5.0},{"damage":0.0,"enemies":"Centurion and Healer","floor":31.0,"turns":5.0},{"damage":15.0,"enemies":"Collector","floor":33.0,"turns":8.0},{"damage":0.0,"enemies":"3 Darklings","floor":35.0,"turns":4.0},{"damage":5.0,"enemies":"Orb Walker","floor":38.0,"turns":4.0},{"damage":0.0,"enemies":"Writhing Mass","floor":39.0,"turns":6.0},{"damage":27,"enemies":"Nemesis","floor":41,"turns":11},{"damage":9,"enemies":"4 Shapes","floor":44,"turns":5},{"damage":0,"enemies":"Transient","floor":46,"turns":5},{"damage":0,"enemies":"Writhing Mass","floor":48,"turns":6},{"damage":0,"enemies":"Awakened One","floor":50,"turns":19}],"seed_played":"-5721853044533530027","potions_obtained":[{"floor":1.0,"key":"Energy Potion"},{"floor":3.0,"key":"PowerPotion"},{"floor":6.0,"key":"FearPotion"},{"floor":10.0,"key":"SpeedPotion"}],"is_trial":false,"path_per_floor":["M","?","M","?","$","E","R","E","T","M","M","?","R","?","R","B",null,"M","M","$","?","M","E","M","$","T","M","R","?","?","M","R","B",null,"M","?","$","M","M","R","E","R","T","M","?","M","T","M","R","B",null],"character_chosen":"THE_DEFAULT","items_purchased":["theMarked:BanishingStrike","Strawberry","theMarked:WardOff","Strange Spoon"],"campfire_rested":3,"item_purchase_floors":[5,20,25,37],"current_hp_per_floor":[67,67,62,62,62,54,54,49,49,48,47,43,64,70,70,68,70,60,59,66,66,66,49,42,42,42,41,64,38,38,38,38,23,38,38,36,36,31,31,31,4,14,14,5,31,31,31,31,31,31],"gold":230,"neow_bonus":"BOSS_RELIC","is_daily":false,"chose_seed":false,"campfire_upgraded":5,"win_rate":0.0,"timestamp":1609636452,"path_taken":["M","?","?","?","$","E","R","E","T","M","M","?","R","?","R","BOSS","M","M","$","?","M","E","?","?","T","M","R","?","?","M","R","BOSS","M","?","$","M","M","R","E","R","T","M","?","?","?","M","R","BOSS"],"items_purchased_type":["Card","Relic","Card","Relic"],"build_version":"2020-12-22","purchased_purges":1,"victory":true,"max_hp_per_floor":[70,70,70,70,70,70,70,70,70,70,70,70,70,70,70,70,70,70,70,77,77,77,77,77,77,77,77,77,38,38,38,38,38,38,38,36,36,36,36,36,36,36,36,36,31,31,31,31,31,31],"card_choices":[{"not_picked":["theMarked:WardOff","theMarked:ChainLightning"],"picked":"theMarked:DeterminationOfTheMarked","floor":1.0},{"not_picked":["theMarked:HeightenedSenses","theMarked:RogueSparks"],"picked":"theMarked:Overcharge","floor":3.0},{"not_picked":["theMarked:Standoff","theMarked:Aftermath"],"picked":"theMarked:HeritageOfTheMarked","floor":6.0},{"not_picked":["theMarked:DispelDoubt","theMarked:ParalyzingBlade"],"picked":"theMarked:Opportunist","floor":8.0},{"not_picked":["theMarked:Indomitable","theMarked:StartUp"],"picked":"theMarked:Standoff","floor":10.0},{"not_picked":["theMarked:ElectricStrings","theMarked:Electrocute"],"picked":"theMarked:RepellingDischarge","floor":11.0},{"not_picked":["theMarked:MuscleMemory","theMarked:DispelDoubt"],"picked":"theMarked:Challenge","floor":16.0},{"not_picked":["theMarked:ResourceFulStrike","theMarked:EmpowerWeapon","theMarked:Frustration"],"picked":"SKIP","floor":18.0},{"not_picked":["theMarked:Parry","theMarked:RepellingDischarge","theMarked:ShockingTouch"],"picked":"SKIP","floor":19.0},{"not_picked":["theMarked:WastefulDefense","theMarked:ResourceFulStrike"],"picked":"theMarked:Challenge","floor":22.0},{"not_picked":["theMarked:RepellingDischarge+1","theMarked:Improvise+1"],"picked":"theMarked:BindingBlade","floor":23.0},{"not_picked":["theMarked:WastefulDefense+1","theMarked:TwofoldDefense"],"picked":"theMarked:MysticalArsenal","floor":24.0},{"not_picked":["theMarked:Improvise","theMarked:Static+1"],"picked":"theMarked:HeritageOfTheMarked+1","floor":27.0},{"not_picked":["theMarked:ReduceFriction","theMarked:ResourceFulStrike+1","theMarked:Reabsorb"],"picked":"SKIP","floor":31.0},{"not_picked":["theMarked:Improvise+1","theMarked:EmpowerWeapon+1","theMarked:EnhanceMovement+1"],"picked":"SKIP","floor":35.0},{"not_picked":["theMarked:Aftermath","theMarked:TwofoldDefense","theMarked:EmpowerWeapon"],"picked":"SKIP","floor":38.0},{"not_picked":["theMarked:WastefulDefense+1","theMarked:EmpowerWeapon","theMarked:LightningStrikesTwice"],"picked":"SKIP","floor":39.0},{"not_picked":["theMarked:ResourceFulStrike","theMarked:BanishingWave+1","theMarked:WastefulDefense+1"],"picked":"SKIP","floor":41},{"not_picked":["theMarked:KeepCalmAndFightOn","theMarked:RepellingDischarge+1","theMarked:Improvise+1"],"picked":"SKIP","floor":44},{"not_picked":["theMarked:Overthink","theMarked:Frustration","theMarked:Parkour"],"picked":"SKIP","floor":46},{"not_picked":["theMarked:WardOff","theMarked:ShockingTouch","theMarked:ChainLightning"],"picked":"SKIP","floor":48}],"player_experience":261408,"relics_obtained":[{"floor":6.0,"key":"Thread and Needle"},{"floor":8.0,"key":"Vajra"},{"floor":9.0,"key":"Pen Nib"},{"floor":12.0,"key":"Odd Mushroom"},{"floor":23.0,"key":"Gremlin Horn"},{"floor":41,"key":"CeramicFish"},{"floor":43,"key":"CaptainsWheel"},{"floor":47,"key":"aspiration:Lifesprig"}],"event_choices":[{"damage_healed":0.0,"max_hp_gain":0.0,"max_hp_loss":0.0,"gold_gain":0.0,"cards_transformed":["theMarked:Strike"],"event_name":"Transmorgrifier","player_choice":"Transformed","floor":2.0,"gold_loss":0.0,"damage_taken":0.0,"cards_obtained":["theMarked:TurnInvisible"]},{"damage_healed":0.0,"max_hp_gain":0.0,"max_hp_loss":0.0,"gold_gain":0.0,"event_name":"Big Fish","player_choice":"Box","floor":4.0,"gold_loss":0.0,"damage_taken":0.0,"relics_obtained":["Pocketwatch"],"cards_obtained":["Regret"]},{"damage_healed":0.0,"max_hp_gain":0.0,"max_hp_loss":0.0,"gold_gain":0.0,"event_name":"Mushrooms","player_choice":"Fought Mushrooms","floor":12.0,"gold_loss":0.0,"damage_taken":0.0},{"damage_healed":0.0,"max_hp_gain":0.0,"max_hp_loss":0.0,"gold_gain":0.0,"event_name":"FaceTrader","player_choice":"Trade","floor":21.0,"gold_loss":0.0,"damage_taken":0.0,"relics_obtained":["NlothsMask"]},{"damage_healed":0.0,"max_hp_gain":0.0,"max_hp_loss":39.0,"gold_gain":0.0,"event_name":"Ghosts","player_choice":"Became a Ghost","floor":29.0,"gold_loss":0.0,"damage_taken":0.0,"cards_obtained":["Ghostly","Ghostly","Ghostly","Ghostly","Ghostly"]},{"damage_healed":0.0,"max_hp_gain":0.0,"max_hp_loss":0.0,"gold_gain":0.0,"event_name":"Addict","player_choice":"Obtained Relic","floor":30.0,"gold_loss":85.0,"damage_taken":0.0,"relics_obtained":["Orichalcum"]},{"damage_healed":0.0,"max_hp_gain":0.0,"max_hp_loss":2.0,"gold_gain":0.0,"event_name":"Winding Halls","player_choice":"Max HP","floor":36.0,"gold_loss":0.0,"damage_taken":0.0},{"damage_healed":31,"gold_gain":0,"player_choice":"Heal","damage_taken":0,"max_hp_gain":0,"max_hp_loss":5,"event_name":"The Moai Head","floor":45,"gold_loss":0}],"is_beta":false,"boss_relics":[{"not_picked":["Tiny House","aspiration:FutureDiary"],"picked":"Sozu"},{"not_picked":["aspiration:RunicSpoon","aspiration:IroncladSkillbook"],"picked":"Empty Cage"}],"items_purged_floors":[5],"is_endless":false,"potions_floor_spawned":[1,3,6,10,23,24,27,33,38,39,48],"ascension_level":0}}