{"host":"appz8zkad29u9482","time":1609708587,"event":{"mods":["2.2 Compatiblity","Act Like it!","Aspiration","BaseMod","Beaked The Cultist","Better Altar","Better Match","Better Note","Better Skull","Better Third Choice","BetterRewards","CapriCore","Conspire","Disable Question Mark Monsters","Energized Spire","Gensokyo","GifTheSpireLib","Gold Saver","Halation","Hermit","Hubris","Infinite Spire","Jedi Mod","Jorbs\u0027s Wanderer Trilogy","Koishi","Marisa????????","Minty Spire (QoL Compilation)","Permanent Neow","Reimu??????","Replay The Spire","Spicy Shops","StSLib","Strawberry Spire","Stuff the Spire","The Administrix","The Cursed","The Hierophant","The Immortal","The Marked","The Servant 0.9.4","yUi"],"gold_per_floor":[311,311,321,63,63,91,91,106,133,133,151,168,308,321,321,420,420,439,389,389,389,405,517,517,530,530,542,542,553,566,576,576,679,679,695,695,695,758,758,758],"floor_reached":39,"playtime":2515,"items_purged":[],"score":565,"play_id":"4e935712-fa16-43ec-bff0-3b1198c96c3d","local_time":"20210103111627","is_ascension_mode":false,"campfire_choices":[{"data":"TheCursedMod:AbyssShockwave","floor":7,"key":"SMITH"},{"data":"TheCursedMod:ShockAndAwe","floor":15,"key":"SMITH"},{"data":"TheCursedMod:CircleOfFlame","floor":24,"key":"SMITH"}],"circlet_count":0,"master_deck":["TheCursedMod:Strike_TheCursed","TheCursedMod:Defend_TheCursed","TheCursedMod:Defend_TheCursed","TheCursedMod:Defend_TheCursed","TheCursedMod:CursedWand","TheCursedMod:CleanUpWorkshop","TheCursedMod:Dregs","Looming Evil","TheCursedMod:CircleOfBlood","TheCursedMod:SoulCrush","TheCursedMod:CircleOfCorruption","TheCursedMod:CircleOfCorruption","TheCursedMod:SmokeScreen+1","TheCursedMod:Stigma","TheCursedMod:SpreadPlague","TheCursedMod:CursedBlade","TheCursedMod:Torture","TheCursedMod:ShockAndAwe+1","TheCursedMod:DemonSword","TheCursedMod:ReleasedKnowledge+1","TheCursedMod:Strike_TheCursed","TheCursedMod:HellfireBreathing","jedi:BattleThirst","TheCursedMod:CircleOfFlame+1","TheCursedMod:ReleasedKnowledge+1","TheCursedMod:WearCloak","TheCursedMod:CursedAmulet+1","TheCursedMod:CircleOfFlame+1","TheCursedMod:HellfireBreathing","TheCursedMod:CircleOfAbyss","TheCursedMod:SurpriseAttack+1","infinitespire:NeuralNetwork"],"relics":["TheCursedMod:BlackMagic101","TheCursedMod:DemonicMark","Orichalcum","strawberrySpire:ElefentMask","StuffTheSpire:TintedRock","PureWhite:ReiMu","jedi:hotpepper","jedi:windupbox","energizedSpire:HugeHouse","Du-Vu Doll","Bronze Scales","StuffTheSpire:RubySignet","TheCursedMod:FourLeafCloverCharm","PrismaticShard","infinitespire:EvilPickle"],"acts_visited":["Exordium","TheCity","TheBeyond"],"potions_floor_usage":[16,23,27,27,33,39],"damage_taken":[{"damage":3,"enemies":"Small Slimes","floor":1,"turns":3},{"damage":1,"enemies":"Cultist","floor":3,"turns":3},{"damage":33,"enemies":"strawberrySpire:EnergyPylons","floor":6,"turns":6},{"damage":0,"enemies":"conspire:RoseBush","floor":8,"turns":2},{"damage":4,"enemies":"Looter","floor":11,"turns":3},{"damage":4,"enemies":"Exordium Wildlife","floor":12,"turns":3},{"damage":5,"enemies":"Replay:BlueRogue","floor":13,"turns":4},{"damage":0,"enemies":"3 Louse","floor":14,"turns":3},{"damage":13,"enemies":"The Guardian","floor":16,"turns":8},{"damage":2,"enemies":"Spheric Guardian","floor":18,"turns":3},{"damage":0,"enemies":"2 Thieves","floor":22,"turns":3},{"damage":11,"enemies":"conspire:SneckoGhost","floor":23,"turns":2},{"damage":16,"enemies":"conspire:HollyBat","floor":25,"turns":5},{"damage":1,"enemies":"Snake Plant","floor":27,"turns":2},{"damage":0,"enemies":"Cultist and Chosen","floor":29,"turns":4},{"damage":7,"enemies":"Shelled Parasite and Fungi","floor":30,"turns":3},{"damage":0,"enemies":"Chosen and Byrds","floor":31,"turns":3},{"damage":22,"enemies":"Pondfish","floor":33,"turns":8},{"damage":34,"enemies":"3 Darklings","floor":35,"turns":4},{"damage":0,"enemies":"Orb Walker","floor":38,"turns":2},{"damage":48,"enemies":"Maw","floor":39,"turns":4}],"seed_played":"-7934033498850586825","potions_obtained":[{"floor":1,"key":"Strength Potion"},{"floor":3,"key":"Weak Potion"},{"floor":11,"key":"SmokeBomb"},{"floor":12,"key":"Weak Potion"},{"floor":14,"key":"infinitespire:BlackPotion"},{"floor":18,"key":"SkillPotion"},{"floor":25,"key":"EntropicBrew"},{"floor":29,"key":"SteroidPotion"},{"floor":35,"key":"ZuzhouPotion:ReiMu"}],"is_trial":false,"path_per_floor":["M","?","M","$","?","E","R","M","T","?","M","M","E","M","R","B",null,"M","AVR","?","?","M","E","R","M","T","M","?","M","M","M","R","B",null,"M","AVR","?","M","M"],"character_chosen":"THE_CURSED","items_purchased":["TheCursedMod:DemonicMark"],"campfire_rested":0,"item_purchase_floors":[4],"current_hp_per_floor":[72,72,74,74,56,23,23,27,27,27,25,23,20,24,24,13,56,54,51,51,51,51,40,40,26,26,30,30,32,27,33,48,28,51,17,17,45,45,0,0],"gold":758,"neow_bonus":"TRANSFORM_TWO_CARDS","is_daily":false,"chose_seed":false,"campfire_upgraded":3,"win_rate":0.0,"timestamp":1609708587,"path_taken":["M","?","?","?","?","E","R","?","T","?","M","M","E","M","R","BOSS","M","AVR","?","?","M","E","R","M","T","M","?","M","M","?","R","BOSS","M","AVR","?","M","M"],"items_purchased_type":["Relic"],"build_version":"2020-12-22","purchased_purges":0,"victory":false,"max_hp_per_floor":[75,75,75,75,75,75,75,75,75,75,75,75,75,75,75,75,56,56,51,51,51,51,51,51,51,51,51,51,51,51,51,51,51,51,51,51,45,45,45,45],"card_choices":[{"not_picked":["TheCursedMod:CircleOfFlame","TheCursedMod:SurpriseAttack"],"picked":"TheCursedMod:AbyssShockwave","floor":1},{"not_picked":["TheCursedMod:Obscuration","TheCursedMod:SpitefulStrike"],"picked":"TheCursedMod:CircleOfCorruption","floor":3},{"not_picked":["TheCursedMod:CursedBlade","TheCursedMod:Torture"],"picked":"TheCursedMod:CircleOfCorruption","floor":6},{"not_picked":["TheCursedMod:CursedMace","TheCursedMod:RavingStaff"],"picked":"TheCursedMod:SmokeScreen","floor":8},{"not_picked":["TheCursedMod:Stigma","TheCursedMod:CursedShiv"],"picked":"TheCursedMod:SpreadPlague","floor":11},{"not_picked":["TheCursedMod:SurpriseAttack","TheCursedMod:SoulReap"],"picked":"TheCursedMod:CursedBlade","floor":12},{"not_picked":["TheCursedMod:SmokeScreen","TheCursedMod:FuryStrike"],"picked":"TheCursedMod:Torture","floor":13},{"not_picked":["TheCursedMod:DoubleShield","TheCursedMod:CursedShiv"],"picked":"TheCursedMod:ShockAndAwe","floor":14},{"not_picked":["TheCursedMod:NeowsMight","TheCursedMod:Neurasthenia"],"picked":"TheCursedMod:DemonSword","floor":16},{"not_picked":["TheCursedMod:SurpriseAttack","TheCursedMod:CursedShiv+1"],"picked":"TheCursedMod:ReleasedKnowledge+1","floor":18},{"not_picked":["TheCursedMod:BloodBarrier+1","TheCursedMod:SoulReap+1","TheCursedMod:SurpriseAttack"],"picked":"SKIP","floor":22},{"not_picked":["TheCursedMod:RapidMovement","TheCursedMod:SpitefulStrike+1"],"picked":"TheCursedMod:CircleOfFlame","floor":23},{"not_picked":["TheCursedMod:Obscuration+1","TheCursedMod:CursedBlade"],"picked":"TheCursedMod:ReleasedKnowledge","floor":25},{"not_picked":["TheCursedMod:Stretching+1","TheCursedMod:CursedMace"],"picked":"TheCursedMod:WearCloak","floor":27},{"not_picked":["TheCursedMod:CircleOfFlame","TheCursedMod:Stretching"],"picked":"TheCursedMod:CursedAmulet+1","floor":29},{"not_picked":["TheCursedMod:ManaBullet","TheCursedMod:SpitefulStrike+1"],"picked":"TheCursedMod:CircleOfFlame+1","floor":30},{"not_picked":["TheCursedMod:DarkBarrier","TheCursedMod:Stretching"],"picked":"TheCursedMod:HellfireBreathing","floor":31},{"not_picked":["TheCursedMod:UltimatePain","TheCursedMod:StunningStrike"],"picked":"TheCursedMod:CircleOfAbyss","floor":33},{"not_picked":["TheCursedMod:Stretching+1","TheCursedMod:Grudge+1"],"picked":"TheCursedMod:SurpriseAttack+1","floor":35},{"not_picked":["stsjorbsmod:BlackTentacles_Cull+1","AdministrixMod:RegentEdict+1","Underhanded Strike"],"picked":"SKIP","floor":38}],"player_experience":426870,"relics_obtained":[{"floor":6,"key":"strawberrySpire:ElefentMask"},{"floor":9,"key":"StuffTheSpire:TintedRock"},{"floor":13,"key":"PureWhite:ReiMu"},{"floor":23,"key":"StuffTheSpire:RubySignet"}],"event_choices":[{"cards_removed":["TheCursedMod:Strike_TheCursed"],"damage_healed":0,"gold_gain":0,"player_choice":"Purged","damage_taken":0,"max_hp_gain":0,"max_hp_loss":0,"event_name":"Purifier","floor":2,"gold_loss":0},{"damage_healed":0,"gold_gain":0,"player_choice":"Relic ","damage_taken":18,"max_hp_gain":0,"max_hp_loss":0,"event_name":"betterThird:BetterScrap","floor":5,"gold_loss":0,"cards_obtained":["Whirlwind"]},{"damage_healed":0,"gold_gain":0,"cards_transformed":["TheCursedMod:Strike_TheCursed"],"player_choice":"Change","damage_taken":0,"max_hp_gain":0,"max_hp_loss":0,"event_name":"Living Wall","floor":10,"gold_loss":0,"cards_obtained":["TheCursedMod:Stigma"]},{"damage_healed":0,"gold_gain":0,"player_choice":"Gave Potion","damage_taken":0,"relics_obtained":["Bronze Scales"],"max_hp_gain":0,"max_hp_loss":0,"event_name":"WeMeetAgain","floor":21,"gold_loss":0},{"damage_healed":0,"gold_gain":0,"player_choice":"Upgraded","damage_taken":0,"max_hp_gain":0,"max_hp_loss":0,"event_name":"Upgrade Shrine","floor":28,"gold_loss":0,"cards_upgraded":["TheCursedMod:ReleasedKnowledge"]},{"damage_healed":45,"gold_gain":0,"player_choice":"Heal","damage_taken":0,"max_hp_gain":0,"max_hp_loss":6,"event_name":"The Moai Head","floor":37,"gold_loss":0}],"is_beta":false,"boss_relics":[{"not_picked":["aspiration:RitualDagger","Astrolabe"],"picked":"jedi:hotpepper"},{"not_picked":["Velvet Choker","aspiration:BeakedSkillbook"],"picked":"TheCursedMod:FourLeafCloverCharm"}],"items_purged_floors":[],"is_endless":false,"potions_floor_spawned":[1,3,11,12,13,14,18,25,29,31,35],"killed_by":"Maw","ascension_level":0}}