{"host":"6bsan6hkua32tfq7","time":1609702463,"event":{"mods":["BaseMod","Better Third Choice","Colored Map","Highlight Path","Minty Spire (QoL Compilation)","StSLib"],"gold_per_floor":[210,229,240,165,185,185,212,212,283,318,243,243,74,100,100,174,174,187,102,102,116,136,136,36,36,36,36,55,55,85,85,85,85,85],"floor_reached":33,"playtime":824,"items_purged":["Strike_B","Strike_B"],"score":562,"play_id":"59857613-1d21-42ff-a712-709cd4891dd4","local_time":"20210103203423","is_ascension_mode":true,"campfire_choices":[{"floor":6.0,"key":"REST"},{"data":"Zap","floor":8.0,"key":"SMITH"},{"data":"Loop","floor":12.0,"key":"SMITH"},{"floor":15.0,"key":"REST"},{"floor":23.0,"key":"REST"},{"floor":29.0,"key":"REST"},{"floor":32,"key":"REST"}],"circlet_count":0,"master_deck":["AscendersBane","Strike_B","Defend_B","Defend_B","Defend_B","Defend_B","Zap+1","Dualcast","Sweeping Beam","Gash","Streamline","Loop+1","Sweeping Beam","Undo","Impatience","Creative AI","Buffer","RitualDagger","Genetic Algorithm+1","Coolheaded"],"relics":["Cracked Core","betterThird:SlimedRelic","Pocketwatch","Bottled Tornado","Happy Flower","DataDisk","Inserter","Singing Bowl","Mummified Hand","Anchor"],"acts_visited":["Exordium","TheCity"],"potions_floor_usage":[30,33],"damage_taken":[{"damage":0.0,"enemies":"2 Louse","floor":1.0,"turns":2.0},{"damage":0.0,"enemies":"Small Slimes","floor":2.0,"turns":3.0},{"damage":7.0,"enemies":"Jaw Worm","floor":3.0,"turns":3.0},{"damage":8.0,"enemies":"Blue Slaver","floor":5.0,"turns":3.0},{"damage":14.0,"enemies":"3 Sentries","floor":7.0,"turns":3.0},{"damage":8.0,"enemies":"Gremlin Nob","floor":10.0,"turns":4.0},{"damage":25.0,"enemies":"3 Sentries","floor":14.0,"turns":4.0},{"damage":19.0,"enemies":"The Guardian","floor":16.0,"turns":9.0},{"damage":11.0,"enemies":"2 Thieves","floor":18.0,"turns":4.0},{"damage":15.0,"enemies":"Chosen","floor":21.0,"turns":5.0},{"damage":22.0,"enemies":"3 Cultists","floor":22.0,"turns":6.0},{"damage":2.0,"enemies":"Snecko","floor":28.0,"turns":5.0},{"damage":24,"enemies":"Gremlin Leader","floor":30,"turns":6},{"damage":52,"enemies":"Automaton","floor":33,"turns":6}],"seed_played":"-5339721015465933888","potions_obtained":[{"floor":5.0,"key":"PowerPotion"},{"floor":7.0,"key":"DuplicationPotion"},{"floor":10.0,"key":"DuplicationPotion"},{"floor":14.0,"key":"Fire Potion"},{"floor":16.0,"key":"Ancient Potion"},{"floor":18.0,"key":"Energy Potion"},{"floor":25.0,"key":"SkillPotion"},{"floor":30,"key":"SmokeBomb"}],"is_trial":false,"path_per_floor":["M","M","M","?","M","R","E","R","T","E","?","R","$","E","R","B",null,"M","?","?","M","M","R","$","?","T","$","M","R","E","?","R","B"],"character_chosen":"DEFECT","items_purchased":["Impatience"],"campfire_rested":5,"item_purchase_floors":[13],"current_hp_per_floor":[64,64,57,46,38,59,45,45,45,37,37,37,37,12,33,14,57,46,46,40,27,5,26,26,26,26,26,24,45,23,23,45,0,0],"gold":85,"neow_bonus":"HUNDRED_GOLD","is_daily":false,"chose_seed":false,"campfire_upgraded":2,"win_rate":0.0,"timestamp":1609702463,"path_taken":["M","M","M","?","M","R","E","R","T","E","?","R","?","E","R","BOSS","M","?","?","?","M","R","$","?","T","?","M","R","E","?","R","BOSS"],"items_purchased_type":["Card"],"build_version":"2020-12-22","purchased_purges":2,"victory":false,"max_hp_per_floor":[71,71,71,71,71,71,71,71,71,71,71,71,71,71,71,71,71,71,71,71,73,73,73,73,73,73,73,73,73,75,75,75,75,75],"card_choices":[{"not_picked":["Stack","Self Repair"],"picked":"Sweeping Beam","floor":1.0},{"not_picked":["Chill","Hologram"],"picked":"Gash","floor":2.0},{"not_picked":["Fusion","Coolheaded"],"picked":"Streamline","floor":3.0},{"not_picked":["Tempest","Machine Learning"],"picked":"Loop","floor":5.0},{"not_picked":["Blizzard","Barrage","Sweeping Beam"],"picked":"SKIP","floor":7.0},{"not_picked":["Blizzard","Barrage"],"picked":"Sweeping Beam","floor":7.0},{"not_picked":["Turbo","Hyperbeam"],"picked":"Undo","floor":10.0},{"not_picked":["Rip and Tear","Barrage"],"picked":"Creative AI","floor":14.0},{"not_picked":["Reboot","Meteor Strike"],"picked":"Buffer","floor":16.0},{"not_picked":["Scrape","Darkness","Turbo"],"picked":"SKIP","floor":18.0},{"not_picked":["Hologram","Rebound","Ball Lightning"],"picked":"Singing Bowl","floor":21.0},{"not_picked":["Auto Shields","Compile Driver"],"picked":"Genetic Algorithm+1","floor":22.0},{"not_picked":["Ball Lightning","Leap"],"picked":"Coolheaded","floor":28.0},{"not_picked":["Redo","Go for the Eyes","Streamline"],"picked":"Singing Bowl","floor":30}],"player_experience":5232062,"relics_obtained":[{"floor":7.0,"key":"Pocketwatch"},{"floor":9.0,"key":"Bottled Tornado"},{"floor":10.0,"key":"Happy Flower"},{"floor":14.0,"key":"DataDisk"},{"floor":26.0,"key":"Mummified Hand"},{"floor":30,"key":"Anchor"}],"event_choices":[{"damage_healed":0.0,"max_hp_gain":0.0,"max_hp_loss":0.0,"gold_gain":0.0,"event_name":"betterThird:BetterGoop","player_choice":"Slimed","floor":4.0,"gold_loss":75.0,"damage_taken":11.0},{"cards_removed":["Strike_B"],"damage_healed":0.0,"max_hp_gain":0.0,"max_hp_loss":0.0,"gold_gain":0.0,"event_name":"The Cleric","player_choice":"Card Removal","floor":11.0,"gold_loss":75.0,"damage_taken":0.0},{"damage_healed":0.0,"max_hp_gain":0.0,"max_hp_loss":0.0,"gold_gain":0.0,"event_name":"Addict","player_choice":"Obtained Relic","floor":19.0,"gold_loss":85.0,"damage_taken":0.0,"relics_obtained":["Singing Bowl"]},{"damage_healed":0.0,"max_hp_gain":0.0,"max_hp_loss":0.0,"gold_gain":0.0,"event_name":"betterThird:BetterNest","player_choice":"Dagger","floor":20.0,"gold_loss":0.0,"damage_taken":6.0,"cards_obtained":["RitualDagger"]},{"damage_healed":0.0,"max_hp_gain":0.0,"max_hp_loss":0.0,"gold_gain":0.0,"event_name":"Lab","player_choice":"Got Potions","floor":25.0,"gold_loss":0.0,"damage_taken":0.0},{"damage_healed":0,"gold_gain":0,"player_choice":"Ignored","damage_taken":0,"max_hp_gain":0,"max_hp_loss":0,"event_name":"Cursed Tome","floor":31,"gold_loss":0}],"is_beta":false,"boss_relics":[{"not_picked":["Tiny House","Philosopher\u0027s Stone"],"picked":"Inserter"}],"items_purged_floors":[13,24],"is_endless":false,"potions_floor_spawned":[5,7,10,14,16,18,28,30],"killed_by":"Automaton","ascension_level":20}}