{"host":"qdfumeom6htv8yxl","time":1609703179,"event":{"mods":["AchievementEnabler","BaseMod","Block Reminder","Minty Spire (QoL Compilation)","Quick Restart","Relic Stats"],"gold_per_floor":[111,25,38,38,54,54,54,204,204,204,204,9,28,39,39,114,114,134,31,31,48,48,48,48],"floor_reached":23,"playtime":1441,"items_purged":["Doubt"],"score":322,"play_id":"b88f46bc-7878-40da-9a03-f7c9347ef268","local_time":"20210103134619","is_ascension_mode":true,"campfire_choices":[{"floor":6.0,"key":"REST"},{"floor":11.0,"key":"REST"},{"data":"Deadly Poison","floor":15.0,"key":"SMITH"}],"circlet_count":0,"master_deck":["AscendersBane","Survivor+1","Neutralize","Dash","Deadly Poison+1","Dagger Throw","Poisoned Stab","Masterful Stab","Grand Finale","Phantasmal Killer","Slice","Dagger Throw","Caltrops","Phantasmal Killer","Dash","Envenom","Envenom","Dagger Spray","Deadly Poison"],"relics":["Busted Crown","Snake Skull","Blue Candle","TwistedFunnel","Pandora\u0027s Box"],"acts_visited":["Exordium","TheCity"],"potions_floor_usage":[18],"damage_taken":[{"damage":0.0,"enemies":"2 Louse","floor":1.0,"turns":3.0},{"damage":0.0,"enemies":"Small Slimes","floor":3.0,"turns":4.0},{"damage":0.0,"enemies":"Cultist","floor":5.0,"turns":3.0},{"damage":0.0,"enemies":"Large Slime","floor":13.0,"turns":4.0},{"damage":2.0,"enemies":"3 Louse","floor":14.0,"turns":2.0},{"damage":17.0,"enemies":"Hexaghost","floor":16.0,"turns":8.0},{"damage":12,"enemies":"Shell Parasite","floor":18,"turns":3},{"damage":15,"enemies":"Spheric Guardian","floor":21,"turns":4},{"damage":34,"enemies":"Gremlin Leader","floor":23,"turns":3}],"seed_played":"-3066636656550328858","potions_obtained":[{"floor":3.0,"key":"Block Potion"},{"floor":10.0,"key":"SteroidPotion"},{"floor":18,"key":"EssenceOfSteel"}],"is_trial":false,"path_per_floor":["M","$","M","?","M","R","?","?","T","?","R","$","M","M","R","B",null,"M","$","$","M","?","E"],"character_chosen":"THE_SILENT","items_purchased":["Dash","TwistedFunnel","Poisoned Stab","Deadly Poison"],"campfire_rested":2,"item_purchase_floors":[2,12,12,19],"current_hp_per_floor":[59,59,59,33,33,52,32,32,32,32,51,51,51,49,49,32,58,46,46,46,31,31,0,0],"gold":48,"neow_bonus":"BOSS_RELIC","is_daily":false,"chose_seed":false,"campfire_upgraded":1,"win_rate":0.0,"timestamp":1609703179,"path_taken":["M","$","M","?","M","R","?","?","T","?","R","$","M","M","R","BOSS","M","?","$","M","?","E"],"items_purchased_type":["Card","Relic","Card","Card"],"build_version":"2020-12-22","purchased_purges":1,"victory":false,"max_hp_per_floor":[66,66,66,66,66,66,66,66,66,66,66,66,66,66,66,66,66,66,66,66,66,66,66,66],"relic_stats":{"Busted Crown":16,"counters":[9,34],"Blue Candle":[2],"Pandora\u0027s Box":["Masterful Stab","Grand Finale","Phantasmal Killer","Slice","Dagger Throw","Caltrops","Phantasmal Killer","Dash","Envenom","Envenom"],"Snake Skull":[41],"obtain_stats":[{"TwistedFunnel":12,"Busted Crown":0,"Blue Candle":9,"Pandora\u0027s Box":17,"Snake Skull":4,"Ring of the Snake":0},{"TwistedFunnel":3,"Busted Crown":0,"Blue Candle":3,"Pandora\u0027s Box":6,"Snake Skull":2,"Ring of the Snake":0},{"TwistedFunnel":10,"Busted Crown":0,"Blue Candle":10,"Pandora\u0027s Box":24,"Snake Skull":7,"Ring of the Snake":0}]},"card_choices":[{"not_picked":["Prepared"],"picked":"SKIP","floor":1.0},{"not_picked":[],"picked":"Deadly Poison","floor":3.0},{"not_picked":[],"picked":"Dagger Throw","floor":5.0},{"not_picked":["Quick Slash"],"picked":"SKIP","floor":13.0},{"not_picked":["Deflect"],"picked":"SKIP","floor":14.0},{"not_picked":[],"picked":"Dagger Spray","floor":18},{"not_picked":["Quick Slash"],"picked":"SKIP","floor":21}],"player_experience":1695019,"relics_obtained":[{"floor":9.0,"key":"Blue Candle"}],"event_choices":[{"damage_healed":0.0,"max_hp_gain":0.0,"max_hp_loss":0.0,"gold_gain":0.0,"event_name":"Scrap Ooze","player_choice":"Success","floor":4.0,"gold_loss":0.0,"damage_taken":26.0,"relics_obtained":["Snake Skull"]},{"damage_healed":0.0,"max_hp_gain":0.0,"max_hp_loss":0.0,"gold_gain":0.0,"event_name":"Shining Light","player_choice":"Entered Light","floor":7.0,"gold_loss":0.0,"damage_taken":20.0,"cards_upgraded":["Survivor","Defend_G"]},{"damage_healed":0.0,"max_hp_gain":0.0,"max_hp_loss":0.0,"gold_gain":150.0,"event_name":"Liars Game","player_choice":"AGREE","floor":8.0,"gold_loss":0.0,"damage_taken":0.0,"cards_obtained":["Doubt"]},{"damage_healed":0.0,"max_hp_gain":0.0,"max_hp_loss":0.0,"gold_gain":0.0,"event_name":"Lab","player_choice":"Got Potions","floor":10.0,"gold_loss":0.0,"damage_taken":0.0},{"damage_healed":0,"gold_gain":0,"player_choice":"Ignored","damage_taken":0,"max_hp_gain":0,"max_hp_loss":0,"event_name":"Vampires","floor":22,"gold_loss":0}],"is_beta":false,"boss_relics":[{"not_picked":["SacredBark","Black Star"],"picked":"Pandora\u0027s Box"}],"items_purged_floors":[19],"is_endless":false,"potions_floor_spawned":[3,18],"killed_by":"Gremlin Leader","ascension_level":16}}