{"host":"se62q65hiqxz7cab","time":1609660798,"event":{"mods":["Act Like it!","BaseMod","Colored Map","Hallownest","Marisa£®ÏF”Í°°ƒß¿Ì…≥£©","Minty Spire (QoL Compilation)","Replay The Spire","Shop Mod","StSLib","The Bug Knight","The Servant 0.9.4"],"gold_per_floor":[115,134,134,146,146,146,161,161,186,41,67,67,77,91,91,188,188,208,133,150,167,167,167,183,183,206,219,154,154,166,176,176,277,277,291,291,308,181,200,200,200,200,226,270,270,304,304,335,335,367],"floor_reached":51,"playtime":3249,"items_purged":["Strike_S","Strike_S"],"score":678,"play_id":"4488cd09-15b0-498e-a15a-403cafee3b07","local_time":"20210103155958","is_ascension_mode":false,"campfire_choices":[{"floor":6,"key":"REST"},{"floor":8,"key":"REST"},{"floor":15,"key":"REST"},{"data":"SilverBlades","floor":23,"key":"SMITH"},{"data":"SurpressingFire","floor":25,"key":"SMITH"},{"data":"Luminosity","floor":29,"key":"SMITH"},{"floor":32,"key":"REST"},{"floor":40,"key":"REST"},{"data":"Solidify","floor":42,"key":"SMITH"},{"data":"Luminosity","floor":45,"key":"SMITH"},{"data":"Contraction","floor":47,"key":"SMITH"},{"floor":49,"key":"REST"}],"circlet_count":0,"master_deck":["Defend_S","Defend_S","Defend_S","KidneyShot","Exchange","InstantArmor+1","SilverBlades+1","Contraction+1","Luminosity+1","RealityMarble","Starlight+1","Misdirection+1","Sunlight+1","Rearm+1","BottledTime","SurpressingFire+1","Ricochet+1","Moonlight+1","BottledTime","InstantArmor+1","Solidify+1","Luminosity+1","Misdirection+1","Doubt","MoonPhase+1","Spin+1"],"relics":["Uniform","Smiling Mask","Blue Doll","OrangePellets","Gambling Chip","Molten Egg 2","StoneMask","War Paint","MysterySword","ReplayTheSpireMod:Ring of Collecting","Replay:Bandana","Ring of Fury"],"acts_visited":["Exordium","TheCity","TheBeyond"],"potions_floor_usage":[24,24,33,33,33,50,50],"damage_taken":[{"damage":9,"enemies":"2 Louse","floor":1,"turns":3},{"damage":0,"enemies":"Jaw Worm","floor":2,"turns":3},{"damage":0,"enemies":"Small Slimes","floor":4,"turns":3},{"damage":0,"enemies":"Exordium Wildlife","floor":7,"turns":4},{"damage":30,"enemies":"Gremlin Nob","floor":11,"turns":5},{"damage":0,"enemies":"Looter","floor":13,"turns":2},{"damage":0,"enemies":"Exordium Thugs","floor":14,"turns":3},{"damage":12,"enemies":"The Guardian","floor":16,"turns":9},{"damage":0,"enemies":"Shell Parasite","floor":18,"turns":4},{"damage":3,"enemies":"3 Byrds","floor":20,"turns":5},{"damage":5,"enemies":"Centurion and Healer","floor":21,"turns":6},{"damage":24,"enemies":"Snecko","floor":24,"turns":4},{"damage":3,"enemies":"Chosen and Byrds","floor":27,"turns":4},{"damage":23,"enemies":"Centurion and Healer","floor":30,"turns":6},{"damage":0,"enemies":"Shelled Parasite and Fungi","floor":31,"turns":5},{"damage":16,"enemies":"Collector","floor":33,"turns":7},{"damage":10,"enemies":"3 Darklings","floor":35,"turns":3},{"damage":16,"enemies":"3 Shapes","floor":37,"turns":4},{"damage":25,"enemies":"Jaw Worm Horde","floor":39,"turns":4},{"damage":0,"enemies":"4 Shapes","floor":44,"turns":4},{"damage":0,"enemies":"Maw","floor":46,"turns":6},{"damage":21,"enemies":"Sphere and 2 Shapes","floor":48,"turns":5},{"damage":37,"enemies":"Awakened One","floor":50,"turns":15}],"seed_played":"-2015203324133673979","potions_obtained":[{"floor":7,"key":"Fire Potion"},{"floor":14,"key":"Flashbang"},{"floor":20,"key":"Block Potion"},{"floor":21,"key":"Fire Potion"},{"floor":27,"key":"Weak Potion"},{"floor":31,"key":"Strength Potion"},{"floor":39,"key":"Toxic Potion"},{"floor":48,"key":"PowerPotion"}],"is_trial":false,"path_per_floor":["M","M","?","M","?","R","M","R","T","$","E","?","M","M","R","B",null,"M","?","M","M","?","R","M","R","T","M","$","R","M","M","R","B",null,"M","?","M","$","M","R","?","R","T","M","R","M","R","M","R","B",null],"character_chosen":"THE_SERVANT","items_purchased":["OrangePellets","BottledTime","Luminosity"],"campfire_rested":6,"item_purchase_floors":[10,28,38],"current_hp_per_floor":[62,62,37,37,30,51,51,71,71,71,41,41,41,41,62,50,71,72,72,75,76,76,76,55,55,55,58,58,58,41,47,72,59,85,78,78,71,71,55,82,82,82,82,94,94,97,97,85,100,75],"gold":367,"neow_bonus":"TEN_PERCENT_HP_BONUS","is_daily":false,"chose_seed":false,"campfire_upgraded":6,"win_rate":0.0,"timestamp":1609660798,"path_taken":["M","M","?","M","?","R","M","R","T","$","E","?","M","?","R","BOSS","M","?","M","M","?","R","M","R","T","M","$","R","M","M","R","BOSS","M","?","M","?","?","R","?","R","T","M","R","M","R","M","R","BOSS"],"items_purchased_type":["Relic","Card","Card"],"build_version":"2020-12-22","purchased_purges":2,"victory":true,"max_hp_per_floor":[71,71,71,71,71,71,71,71,71,71,71,71,71,71,71,71,71,72,72,75,77,77,77,78,78,78,80,80,80,82,84,84,85,85,86,86,89,89,92,92,92,92,92,96,96,97,97,100,100,104],"card_choices":[{"not_picked":["Replace","TimeWarp"],"picked":"InstantArmor","floor":1},{"not_picked":["Spin","ShatteredReality"],"picked":"SilverBlades","floor":2},{"not_picked":["Defy","Spin"],"picked":"Contraction","floor":4},{"not_picked":["Starlight","Potential"],"picked":"Luminosity","floor":7},{"not_picked":["Replace","DualDimension"],"picked":"RealityMarble","floor":11},{"not_picked":["Potential+1","Replace"],"picked":"Starlight+1","floor":13},{"not_picked":["Read","ShatteredReality+1"],"picked":"Misdirection","floor":14},{"not_picked":["ForgedInTime","KillingDoll+1"],"picked":"Sunlight+1","floor":16},{"not_picked":["FastForward","Starlight+1"],"picked":"Rearm+1","floor":18},{"not_picked":["Revamp","Rearm"],"picked":"BottledTime","floor":20},{"not_picked":["Defy","Gouge+1"],"picked":"SurpressingFire","floor":21},{"not_picked":["Spin+1","Alleviate","Hightail"],"picked":"SKIP","floor":24},{"not_picked":["FastForward","Reset+1"],"picked":"Moonlight+1","floor":27},{"not_picked":["ShatteredReality+1","Ricochet+1"],"picked":"InstantArmor+1","floor":30},{"not_picked":["Starlight+1","ReturningBlade+1","InstantArmor+1"],"picked":"SKIP","floor":31},{"not_picked":["Initiator+1","KillingDoll+1"],"picked":"Solidify","floor":33},{"not_picked":["TimeWarp+1","Rearm+1","Revamp"],"picked":"SKIP","floor":35},{"not_picked":["BottledTime+1","Starlight+1","DoubleEdge+1"],"picked":"SKIP","floor":37},{"not_picked":["Read","InstantArmor+1"],"picked":"Misdirection+1","floor":39},{"not_picked":["Rewind","TimeWarp+1","Replace"],"picked":"SKIP","floor":44},{"not_picked":["Defy","Potential+1"],"picked":"MoonPhase+1","floor":46},{"not_picked":["Starlight+1","Revamp+1"],"picked":"Spin+1","floor":48}],"player_experience":163093,"relics_obtained":[{"floor":9,"key":"Blue Doll"},{"floor":11,"key":"Gambling Chip"},{"floor":26,"key":"War Paint"},{"floor":41,"key":"ReplayTheSpireMod:Ring of Collecting"},{"floor":43,"key":"Replay:Bandana"},{"floor":43,"key":"Ring of Fury"}],"event_choices":[{"damage_healed":0,"gold_gain":0,"player_choice":"Success","damage_taken":25,"relics_obtained":["Smiling Mask"],"max_hp_gain":0,"max_hp_loss":0,"event_name":"Scrap Ooze","floor":3,"gold_loss":0},{"cards_removed":["Defend_S"],"damage_healed":0,"gold_gain":0,"player_choice":"Card Removal","damage_taken":7,"max_hp_gain":0,"max_hp_loss":0,"event_name":"Golden Wing","floor":5,"gold_loss":0},{"damage_healed":0,"gold_gain":0,"player_choice":"Searched \u00271\u0027 times","damage_taken":0,"relics_obtained":["Molten Egg 2"],"max_hp_gain":0,"max_hp_loss":0,"event_name":"Dead Adventurer","floor":12,"gold_loss":0},{"cards_removed":["Strike_S"],"damage_healed":0,"gold_gain":0,"player_choice":"Gave Gold","damage_taken":0,"max_hp_gain":0,"max_hp_loss":0,"event_name":"Beggar","floor":19,"gold_loss":75},{"damage_healed":0,"gold_gain":0,"player_choice":"Read","damage_taken":0,"max_hp_gain":0,"max_hp_loss":0,"event_name":"The Library","floor":22,"gold_loss":0,"cards_obtained":["Ricochet"]},{"cards_removed":["Strike_S"],"damage_healed":0,"gold_gain":0,"player_choice":"Card Removal","damage_taken":0,"max_hp_gain":0,"max_hp_loss":0,"event_name":"Wheel of Change","floor":36,"gold_loss":0}],"is_beta":false,"boss_relics":[{"not_picked":["Fusion Hammer","Replay:Ancient Bell"],"picked":"StoneMask"},{"not_picked":["Replay:Drink Me","Astrolabe"],"picked":"MysterySword"}],"items_purged_floors":[28,38],"is_endless":false,"potions_floor_spawned":[7,14,20,21,27,31,39,48],"ascension_level":0}}