{"host":"6yklbc9za0aylqsj","time":1609695754,"event":{"mods":["AchievementEnabler","BaseMod","Bestiary","Colored Map","Colored Powertips","Minty Spire (QoL Compilation)","Rare Cards Sparkle","Relic Stats","Slay-I","StSLib"],"gold_per_floor":[119,119,119,119,136,136,152,152,152,152,186,206,239,254,254,330,330,340,198,198,27,42,42,42,42,42,76,76,88,141,154,154,225,225,240,240,253,263,159,3,18,18,65,81,81,1,26,43,43,43,43],"floor_reached":52,"playtime":1291,"items_purged":["Strike_B","Strike_B+1"],"score":1710,"play_id":"a4b17392-2688-4d1b-a2aa-ed35a4327b16","local_time":"20210103184234","is_ascension_mode":true,"campfire_choices":[{"floor":6.0,"key":"REST"},{"data":"Dualcast","floor":8.0,"key":"SMITH"},{"data":"Zap","floor":10.0,"key":"SMITH"},{"data":"Biased Cognition","floor":15.0,"key":"SMITH"},{"floor":23.0,"key":"REST"},{"data":"Defragment","floor":28,"key":"SMITH"},{"floor":32,"key":"REST"},{"data":"Apotheosis","floor":42,"key":"SMITH"},{"floor":49,"key":"REST"}],"circlet_count":0,"master_deck":["AscendersBane","Strike_B+1","Defend_B+1","Defend_B+1","Defend_B+1","Defend_B+1","Zap+1","Dualcast+1","Ball Lightning","Steam","Conserve Battery","Ball Lightning","Biased Cognition+1","FTL","Hyperbeam","Sweeping Beam+1","Panacea+1","Defragment+1","Reboot","Cold Snap","Electrodynamics","Defragment","BootSequence","Apotheosis+1","Cold Snap","White Noise+1"],"relics":["Cracked Core","Lantern","Vajra","DataDisk","The Courier","Strawberry","SlaversCollar","Bag of Preparation","Question Card","Bronze Scales","Happy Flower","Nuclear Battery","Frozen Egg 2","Juzu Bracelet","Ice Cream"],"acts_visited":["Exordium","TheCity","TheBeyond"],"potions_floor_usage":[27,33,51],"damage_taken":[{"damage":4.0,"enemies":"2 Louse","floor":1.0,"turns":2.0},{"damage":0.0,"enemies":"Jaw Worm","floor":5.0,"turns":3.0},{"damage":0.0,"enemies":"Cultist","floor":7.0,"turns":3.0},{"damage":12.0,"enemies":"Lagavulin","floor":11.0,"turns":5.0},{"damage":0.0,"enemies":"Exordium Thugs","floor":12.0,"turns":3.0},{"damage":5.0,"enemies":"3 Sentries","floor":13.0,"turns":4.0},{"damage":0.0,"enemies":"Red Slaver","floor":14.0,"turns":1.0},{"damage":21.0,"enemies":"The Guardian","floor":16.0,"turns":9.0},{"damage":17.0,"enemies":"2 Thieves","floor":18.0,"turns":3.0},{"damage":0.0,"enemies":"Spheric Guardian","floor":22.0,"turns":2.0},{"damage":13,"enemies":"Slavers","floor":27,"turns":2},{"damage":3,"enemies":"Snake Plant","floor":29,"turns":3},{"damage":19,"enemies":"Centurion and Healer","floor":31,"turns":3},{"damage":35,"enemies":"Automaton","floor":33,"turns":7},{"damage":6,"enemies":"3 Darklings","floor":35,"turns":2},{"damage":2,"enemies":"3 Shapes","floor":37,"turns":3},{"damage":3,"enemies":"3 Darklings","floor":38,"turns":2},{"damage":0,"enemies":"Sphere and 2 Shapes","floor":41,"turns":3},{"damage":14,"enemies":"Maw","floor":44,"turns":6},{"damage":0,"enemies":"Mind Bloom Boss Battle","floor":47,"turns":5},{"damage":0,"enemies":"4 Shapes","floor":48,"turns":2},{"damage":67,"enemies":"Time Eater","floor":50,"turns":9},{"damage":10,"enemies":"Donu and Deca","floor":51,"turns":6}],"seed_played":"-7276032918438597510","potions_obtained":[{"floor":1.0,"key":"Fire Potion"},{"floor":5.0,"key":"Swift Potion"},{"floor":7.0,"key":"Energy Potion"},{"floor":16.0,"key":"FearPotion"},{"floor":27,"key":"Energy Potion"},{"floor":33,"key":"EssenceOfSteel"},{"floor":35,"key":"FairyPotion"},{"floor":37,"key":"PotionOfCapacity"}],"is_trial":false,"path_per_floor":["M","?","?","T","M","R","M","R","T","R","E","M","E","M","R","B",null,"M","$","?","$","M","R","?","?","T","E","R","M","T","M","R","B",null,"M","?","M","M","?","$","M","R","T","M","?","$","?","M","R","B","B",null],"character_chosen":"DEFECT","items_purchased":["Panacea","Defragment","Bag of Preparation","Apotheosis"],"campfire_rested":4,"item_purchase_floors":[19,21,21,40],"current_hp_per_floor":[67,49,26,26,26,49,49,49,49,49,37,37,39,39,39,18,68,51,51,51,51,51,76,76,76,76,63,63,60,60,41,66,31,72,66,66,64,61,61,61,61,61,61,47,47,47,47,47,71,4,22],"gold":43,"neow_bonus":"TEN_PERCENT_HP_BONUS","is_daily":false,"chose_seed":false,"campfire_upgraded":5,"win_rate":0.0,"timestamp":1609695754,"path_taken":["M","?","?","?","M","R","M","R","T","R","E","M","E","M","R","BOSS","M","$","?","$","M","R","?","?","T","E","R","?","?","?","R","BOSS","M","?","?","M","?","$","M","R","T","M","?","$","?","M","R","BOSS","BOSS"],"items_purchased_type":["Card","Card","Relic","Card"],"build_version":"2020-12-22","purchased_purges":2,"victory":true,"max_hp_per_floor":[78,78,78,78,78,78,78,78,78,78,78,78,85,85,85,85,85,85,85,85,85,85,85,85,85,85,85,85,85,85,85,85,85,85,85,85,85,85,85,85,85,85,85,85,81,81,81,81,81,81,81],"relic_stats":{"Happy Flower":[16],"counters":[23,88],"Bronze Scales":[114],"Bag of Preparation":[28],"Juzu Bracelet":1,"Question Card":11,"obtain_stats":[{"Ice Cream":47,"Lantern":2,"Happy Flower":30,"Vajra":4,"The Courier":11,"Bag of Preparation":21,"Juzu Bracelet":43,"Frozen Egg 2":39,"Question Card":26,"Nuclear Battery":34,"SlaversCollar":17,"DataDisk":9,"Strawberry":13,"Bronze Scales":27,"Cracked Core":0},{"Ice Cream":20,"Lantern":1,"Happy Flower":12,"Vajra":1,"The Courier":4,"Bag of Preparation":9,"Juzu Bracelet":18,"Frozen Egg 2":17,"Question Card":10,"Nuclear Battery":14,"SlaversCollar":8,"DataDisk":3,"Strawberry":6,"Bronze Scales":11,"Cracked Core":0},{"Ice Cream":71,"Lantern":2,"Happy Flower":40,"Vajra":2,"The Courier":13,"Bag of Preparation":33,"Juzu Bracelet":60,"Frozen Egg 2":57,"Question Card":35,"Nuclear Battery":50,"SlaversCollar":30,"DataDisk":8,"Strawberry":20,"Bronze Scales":37,"Cracked Core":0}]},"card_choices":[{"not_picked":["Lockon","Genetic Algorithm"],"picked":"Ball Lightning","floor":1.0},{"not_picked":["Sweeping Beam","Melter"],"picked":"Steam","floor":5.0},{"not_picked":["Static Discharge","Heatsinks"],"picked":"Conserve Battery","floor":7.0},{"not_picked":["Double Energy","Force Field","Beam Cell"],"picked":"SKIP","floor":11.0},{"not_picked":["Recycle","Stack"],"picked":"Ball Lightning","floor":12.0},{"not_picked":["Conserve Battery","Barrage"],"picked":"Biased Cognition","floor":13.0},{"not_picked":["Streamline","Rip and Tear"],"picked":"FTL","floor":14.0},{"not_picked":["Multi-Cast","Amplify"],"picked":"Hyperbeam","floor":16.0},{"not_picked":["Gash","Darkness"],"picked":"Sweeping Beam+1","floor":18.0},{"not_picked":["Sweeping Beam+1","Tempest","Gash"],"picked":"SKIP","floor":22.0},{"not_picked":["Chaos","Sunder","Ball Lightning"],"picked":"Reboot","floor":27},{"not_picked":["FTL+1","Tempest","Reinforced Body"],"picked":"Cold Snap","floor":29},{"not_picked":["Coolheaded","Steam","Sweeping Beam","Barrage"],"picked":"SKIP","floor":31},{"not_picked":["Fission","Creative AI","Core Surge"],"picked":"Electrodynamics","floor":33},{"not_picked":["Sunder+1","Conserve Battery","Compile Driver","Leap"],"picked":"SKIP","floor":35},{"not_picked":["Barrage","Hologram+1","Conserve Battery"],"picked":"Defragment","floor":37},{"not_picked":["Coolheaded","Storm","Rebound"],"picked":"BootSequence","floor":38},{"not_picked":["Coolheaded+1","Streamline+1","Rip and Tear","Skim"],"picked":"SKIP","floor":41},{"not_picked":["Aggregate+1","Rebound","Chill","Stack"],"picked":"SKIP","floor":44},{"not_picked":["Stack+1","All For One","Leap+1"],"picked":"Cold Snap","floor":47},{"not_picked":["Stack","Leap","Conserve Battery+1"],"picked":"White Noise+1","floor":48}],"player_experience":694602,"relics_obtained":[{"floor":4.0,"key":"Vajra"},{"floor":9.0,"key":"DataDisk"},{"floor":11.0,"key":"The Courier"},{"floor":13.0,"key":"Strawberry"},{"floor":26,"key":"Question Card"},{"floor":27,"key":"Bronze Scales"},{"floor":30,"key":"Happy Flower"},{"floor":43,"key":"Juzu Bracelet"},{"floor":47,"key":"Ice Cream"}],"event_choices":[{"damage_healed":0.0,"max_hp_gain":0.0,"max_hp_loss":0.0,"gold_gain":0.0,"event_name":"Scrap Ooze","player_choice":"Success","floor":2.0,"gold_loss":0.0,"damage_taken":18.0,"relics_obtained":["Lantern"]},{"damage_healed":0.0,"max_hp_gain":0.0,"max_hp_loss":0.0,"gold_gain":0.0,"event_name":"Shining Light","player_choice":"Entered Light","floor":3.0,"gold_loss":0.0,"damage_taken":23.0,"cards_upgraded":["Strike_B","Strike_B"]},{"damage_healed":0.0,"max_hp_gain":0.0,"max_hp_loss":0.0,"gold_gain":0.0,"event_name":"Back to Basics","player_choice":"Simplicity","floor":20.0,"gold_loss":0.0,"damage_taken":0.0,"cards_upgraded":["Strike_B","Defend_B","Defend_B","Defend_B","Defend_B"]},{"damage_healed":0,"gold_gain":0,"player_choice":"Forge","damage_taken":0,"max_hp_gain":0,"max_hp_loss":0,"event_name":"Accursed Blacksmith","floor":25,"gold_loss":0,"cards_upgraded":["Panacea"]},{"cards_removed":["Strike_B"],"damage_healed":0,"gold_gain":0,"player_choice":"Card Removal","damage_taken":0,"max_hp_gain":0,"max_hp_loss":0,"event_name":"Wheel of Change","floor":36,"gold_loss":0},{"damage_healed":0,"gold_gain":0,"player_choice":"Paid Gold","damage_taken":0,"relics_obtained":["Frozen Egg 2"],"max_hp_gain":0,"max_hp_loss":0,"event_name":"WeMeetAgain","floor":39,"gold_loss":104},{"damage_healed":0,"gold_gain":0,"player_choice":"Max HP","damage_taken":0,"max_hp_gain":0,"max_hp_loss":4,"event_name":"Winding Halls","floor":45,"gold_loss":0},{"damage_healed":0,"gold_gain":0,"player_choice":"Fight","damage_taken":0,"max_hp_gain":0,"max_hp_loss":0,"event_name":"MindBloom","floor":47,"gold_loss":0}],"is_beta":false,"boss_relics":[{"not_picked":["Runic Pyramid","Ectoplasm"],"picked":"SlaversCollar"},{"not_picked":["Snecko Eye","Calling Bell"],"picked":"Nuclear Battery"}],"items_purged_floors":[19,46],"is_endless":false,"potions_floor_spawned":[1,5,7,13,16,27,29,33,35,37,38],"ascension_level":20}}