{"host":"Tuck","time":1609717003,"event":{"mods":["BaseMod","Minty Spire (QoL Compilation)","StSLib"],"gold_per_floor":[99,99,99,99,84,84,84,84,84,84,84,84,9,0,0,0,0,0,0,0,0,0,0,0,0,0,0,0,0,0,0,0,0,0,0,0,0,0,0,0,0,0,0,0,0,0,0,0,0,0,0,0,0,0,0],"floor_reached":56,"playtime":3817,"items_purged":[],"score":1848,"play_id":"a97c59b6-b8f6-4ee7-b9dd-fa8a94b55b2e","local_time":"20210103163643","is_ascension_mode":true,"campfire_choices":[{"data":"True Grit","floor":7,"key":"SMITH"},{"data":"Feel No Pain","floor":11,"key":"SMITH"},{"data":"Immolate","floor":15,"key":"SMITH"},{"data":"Disarm","floor":23,"key":"SMITH"},{"data":"Inflame","floor":32,"key":"SMITH"},{"data":"Evolve","floor":42,"key":"SMITH"},{"data":"Shrug It Off","floor":49,"key":"SMITH"},{"data":"Sword Boomerang","floor":52,"key":"SMITH"}],"circlet_count":0,"master_deck":["Defend_R","Defend_R","Defend_R","Defend_R","Bash+1","Shrug It Off+1","Cleave","Sword Boomerang+1","Immolate+1","True Grit+1","Clothesline+1","Feel No Pain+1","Evolve+1","True Grit+1","Disarm+1","Dark Embrace+1","Shockwave+1","Feed+1","Inflame+1","Limit Break+1","Battle Trance+1","Limit Break+1","Flame Barrier+1","Seeing Red+1","Spot Weakness+1","Burning Pact+1","Barricade"],"relics":["Ectoplasm","Golden Idol","Pear","Blue Candle","Singing Bowl","Gremlin Horn","Omamori","Calling Bell","Juzu Bracelet","Sundial","Mango","Molten Egg 2","Mummified Hand","Toxic Egg 2","Red Skull","WingedGreaves","Runic Pyramid","Champion Belt","Thread and Needle","Meat on the Bone","Shuriken","Pen Nib","PreservedInsect","Whetstone","Letter Opener","White Beast Statue"],"acts_visited":["Exordium","TheCity","TheBeyond","TheEnding"],"potions_floor_usage":[],"damage_taken":[{"damage":0,"enemies":"Small Slimes","floor":1,"turns":3},{"damage":0,"enemies":"Jaw Worm","floor":2,"turns":3},{"damage":1,"enemies":"Cultist","floor":4,"turns":3},{"damage":2,"enemies":"Looter","floor":5,"turns":2},{"damage":11,"enemies":"Gremlin Nob","floor":6,"turns":3},{"damage":0,"enemies":"Lagavulin","floor":8,"turns":3},{"damage":0,"enemies":"Gremlin Nob","floor":10,"turns":1},{"damage":0,"enemies":"3 Louse","floor":12,"turns":2},{"damage":7,"enemies":"Exordium Thugs","floor":14,"turns":5},{"damage":10,"enemies":"Slime Boss","floor":16,"turns":7},{"damage":0,"enemies":"3 Byrds","floor":18,"turns":3},{"damage":6,"enemies":"Spheric Guardian","floor":19,"turns":6},{"damage":7,"enemies":"Snake Plant","floor":22,"turns":6},{"damage":0,"enemies":"Slavers","floor":24,"turns":3},{"damage":0,"enemies":"Cultist and Chosen","floor":25,"turns":6},{"damage":12,"enemies":"Gremlin Leader","floor":27,"turns":7},{"damage":1,"enemies":"Centurion and Healer","floor":28,"turns":4},{"damage":0,"enemies":"Snake Plant","floor":29,"turns":2},{"damage":0,"enemies":"Book of Stabbing","floor":31,"turns":4},{"damage":0,"enemies":"Collector","floor":33,"turns":5},{"damage":0,"enemies":"3 Darklings","floor":35,"turns":3},{"damage":0,"enemies":"3 Shapes","floor":37,"turns":2},{"damage":0,"enemies":"2 Orb Walkers","floor":38,"turns":2},{"damage":0,"enemies":"Mind Bloom Boss Battle","floor":39,"turns":5},{"damage":0,"enemies":"Nemesis","floor":40,"turns":7},{"damage":0,"enemies":"Giant Head","floor":41,"turns":6},{"damage":0,"enemies":"Reptomancer","floor":44,"turns":4},{"damage":0,"enemies":"Maw","floor":45,"turns":7},{"damage":0,"enemies":"Transient","floor":46,"turns":3},{"damage":0,"enemies":"Giant Head","floor":47,"turns":7},{"damage":0,"enemies":"Reptomancer","floor":48,"turns":2},{"damage":6,"enemies":"Time Eater","floor":50,"turns":7},{"damage":0,"enemies":"Shield and Spear","floor":54,"turns":3},{"damage":0,"enemies":"The Heart","floor":55,"turns":8}],"seed_played":"-3400731123910897458","potions_obtained":[{"floor":1,"key":"SmokeBomb"},{"floor":8,"key":"EssenceOfSteel"},{"floor":12,"key":"FearPotion"},{"floor":33,"key":"BloodPotion"},{"floor":39,"key":"PowerPotion"},{"floor":46,"key":"DuplicationPotion"}],"is_trial":false,"path_per_floor":["M","M","?","M","M","E","R","E","T","E","R","M","$","M","R","B",null,"M","M","$","?","M","R","E","M","T","E","M","M","?","E","R","B",null,"M","?","M","?","?","E","E","R","T","E","M","M","E","E","R","B",null,"R","$","E","B",null],"character_chosen":"IRONCLAD","items_purchased":["Evolve"],"campfire_rested":0,"item_purchase_floors":[13],"current_hp_per_floor":[80,80,60,59,57,56,56,56,56,56,56,58,58,51,51,43,108,110,106,106,106,101,101,101,109,109,101,100,106,93,99,99,103,142,148,148,154,162,168,174,176,176,176,180,184,190,194,200,200,198,204,204,204,204,208],"gold":0,"neow_bonus":"BOSS_RELIC","is_daily":false,"chose_seed":false,"campfire_upgraded":8,"win_rate":0.0,"timestamp":1609717003,"path_taken":["M","M","?","M","M","E","R","E","T","E","R","M","$","M","R","BOSS","M","M","$","?","M","R","E","M","T","E","M","M","?","E","R","BOSS","M","?","M","?","?","E","E","R","T","E","M","M","E","E","R","BOSS","R","$","E","BOSS"],"items_purchased_type":["Card"],"build_version":"2020-12-18","purchased_purges":0,"victory":true,"max_hp_per_floor":[80,80,80,80,80,90,90,90,90,90,90,92,92,92,92,94,108,110,112,112,112,114,114,114,122,122,126,126,132,132,138,138,142,142,148,148,154,162,168,174,176,176,176,180,184,190,194,200,200,204,204,204,204,204,208],"card_choices":[{"not_picked":["Hemokinesis","Pommel Strike"],"picked":"Shrug It Off","floor":1},{"not_picked":["Havoc","Iron Wave"],"picked":"Cleave","floor":2},{"not_picked":["Wild Strike","Rampage"],"picked":"Sword Boomerang","floor":4},{"not_picked":["Sever Soul","Shrug It Off"],"picked":"Immolate","floor":5},{"not_picked":["Clash","Havoc"],"picked":"True Grit","floor":6},{"not_picked":["Second Wind","Sword Boomerang"],"picked":"Clothesline","floor":8},{"not_picked":["Dropkick","Clothesline"],"picked":"Feel No Pain","floor":10},{"not_picked":["Anger","Iron Wave","Pummel"],"picked":"Singing Bowl","floor":12},{"not_picked":["Armaments","Headbutt"],"picked":"Disarm","floor":14},{"not_picked":["Brutality","Bludgeon","Fiend Fire"],"picked":"Singing Bowl","floor":16},{"not_picked":["Dual Wield","Heavy Blade","Sword Boomerang"],"picked":"Singing Bowl","floor":18},{"not_picked":["Rampage","Sword Boomerang","Twin Strike"],"picked":"Singing Bowl","floor":19},{"not_picked":["Sword Boomerang+1","Searing Blow+1","Shrug It Off"],"picked":"Singing Bowl","floor":22},{"not_picked":["Body Slam+1","Ghostly Armor"],"picked":"Feed+1","floor":24},{"not_picked":["Twin Strike+1","Clash+1"],"picked":"Inflame","floor":25},{"not_picked":["Carnage+1","Armaments+1"],"picked":"Limit Break+1","floor":27},{"not_picked":["Blood for Blood+1","Infernal Blade+1"],"picked":"Battle Trance+1","floor":28},{"not_picked":["Armaments+1","Sword Boomerang+1","Anger+1"],"picked":"Singing Bowl","floor":29},{"not_picked":["Pommel Strike+1","Immolate+1","Whirlwind+1"],"picked":"Singing Bowl","floor":31},{"not_picked":["Exhume+1","Juggernaut"],"picked":"Limit Break+1","floor":33},{"not_picked":["Carnage+1","Iron Wave+1","Armaments+1"],"picked":"Singing Bowl","floor":35},{"not_picked":["Clash+1","Cleave+1","Rage+1"],"picked":"Singing Bowl","floor":37},{"not_picked":["True Grit+1","Second Wind+1"],"picked":"Flame Barrier+1","floor":38},{"not_picked":["Combust+1","Clothesline+1","Bloodletting+1"],"picked":"Singing Bowl","floor":39},{"not_picked":["Dual Wield+1","Anger+1","Body Slam+1"],"picked":"Singing Bowl","floor":40},{"not_picked":["Pommel Strike+1","Iron Wave+1","Ghostly Armor+1"],"picked":"Singing Bowl","floor":41},{"not_picked":["Metallicize+1","Body Slam+1"],"picked":"Seeing Red+1","floor":44},{"not_picked":["Hemokinesis+1","Inflame"],"picked":"Spot Weakness+1","floor":45},{"not_picked":["Shrug It Off+1","Immolate+1","Warcry+1"],"picked":"Singing Bowl","floor":46},{"not_picked":["Heavy Blade+1","True Grit+1"],"picked":"Burning Pact+1","floor":47},{"not_picked":["Shrug It Off+1","Reckless Charge+1","Fire Breathing"],"picked":"Singing Bowl","floor":48},{"not_picked":["Battle Trance+1","Twin Strike+1"],"picked":"Barricade","floor":54}],"player_experience":2235916,"relics_obtained":[{"floor":6,"key":"Pear"},{"floor":8,"key":"Blue Candle"},{"floor":9,"key":"Singing Bowl"},{"floor":10,"key":"Gremlin Horn"},{"floor":17,"key":"Juzu Bracelet"},{"floor":17,"key":"Sundial"},{"floor":17,"key":"Mango"},{"floor":24,"key":"Mummified Hand"},{"floor":26,"key":"Toxic Egg 2"},{"floor":27,"key":"Red Skull"},{"floor":31,"key":"WingedGreaves"},{"floor":38,"key":"Champion Belt"},{"floor":39,"key":"Thread and Needle"},{"floor":40,"key":"Meat on the Bone"},{"floor":41,"key":"Shuriken"},{"floor":43,"key":"Pen Nib"},{"floor":44,"key":"PreservedInsect"},{"floor":47,"key":"Whetstone"},{"floor":48,"key":"Letter Opener"},{"floor":54,"key":"White Beast Statue"}],"event_choices":[{"damage_healed":0,"gold_gain":0,"player_choice":"Take Damage","damage_taken":20,"relics_obtained":["Golden Idol"],"max_hp_gain":0,"max_hp_loss":0,"event_name":"Golden Idol","floor":3,"gold_loss":0},{"damage_healed":0,"gold_gain":0,"player_choice":"Opened","damage_taken":0,"relics_obtained":["Molten Egg 2"],"max_hp_gain":0,"max_hp_loss":0,"event_name":"The Mausoleum","floor":21,"gold_loss":0},{"damage_healed":0,"gold_gain":0,"player_choice":"Damaged","damage_taken":13,"max_hp_gain":0,"max_hp_loss":0,"event_name":"Wheel of Change","floor":30,"gold_loss":0},{"cards_removed":["Strike_R"],"damage_healed":0,"gold_gain":0,"player_choice":"Removed Attack","damage_taken":0,"max_hp_gain":0,"max_hp_loss":0,"event_name":"Falling","floor":36,"gold_loss":0},{"damage_healed":0,"gold_gain":0,"player_choice":"Fight","damage_taken":0,"max_hp_gain":0,"max_hp_loss":0,"event_name":"Mysterious Sphere","floor":38,"gold_loss":0},{"damage_healed":0,"gold_gain":0,"player_choice":"Fight","damage_taken":0,"max_hp_gain":0,"max_hp_loss":0,"event_name":"MindBloom","floor":39,"gold_loss":0}],"is_beta":true,"boss_relics":[{"not_picked":["Fusion Hammer","Velvet Choker"],"picked":"Calling Bell"},{"not_picked":["Snecko Eye","Runic Dome","Runic Cube"]}],"items_purged_floors":[],"is_endless":false,"potions_floor_spawned":[1,8,12,14,18,22,28,29,33,38,39,40,44,46,54],"ascension_level":1}}