{"host":"3zqlgdr138v4qupe","time":1609675846,"event":{"mods":["BaseMod","Hermit","Minty Spire (QoL Compilation)","StSLib","The Cursed","The Poker Player"],"gold_per_floor":[361,372,89,89,99,129,148,148,148,148,148],"floor_reached":10,"playtime":370,"items_purged":["Shame"],"score":71,"play_id":"c24eee1d-ec56-42fa-8d03-a08d8731b4db","local_time":"20210103211046","is_ascension_mode":true,"campfire_choices":[{"floor":8,"key":"REST"}],"circlet_count":0,"master_deck":["Strike_B","Strike_B","Strike_B","Defend_B","Defend_B","Defend_B","Defend_B","Zap","Dualcast","Storm","Lockon","Magnetism","Tempest","Hello World","Defragment","White Noise"],"relics":["Cracked Core","Boot","Bag of Preparation"],"acts_visited":["Exordium"],"potions_floor_usage":[10],"damage_taken":[{"damage":6,"enemies":"Cultist","floor":1,"turns":3},{"damage":0,"enemies":"Small Slimes","floor":2,"turns":2},{"damage":7,"enemies":"2 Louse","floor":5,"turns":2},{"damage":36,"enemies":"Lagavulin","floor":6,"turns":6},{"damage":16,"enemies":"Red Slaver","floor":7,"turns":3},{"damage":31,"enemies":"3 Sentries","floor":10,"turns":4}],"seed_played":"-7780022248687262433","potions_obtained":[{"floor":2,"key":"CultistPotion"}],"is_trial":false,"path_per_floor":["M","M","$","?","M","E","M","R","T","E"],"character_chosen":"DEFECT","items_purchased":["Magnetism","Tempest"],"campfire_rested":1,"item_purchase_floors":[3,3],"current_hp_per_floor":[69,69,69,62,55,19,3,25,25,0,0],"gold":148,"neow_bonus":"TWO_FIFTY_GOLD","is_daily":false,"chose_seed":false,"campfire_upgraded":0,"win_rate":0.0,"timestamp":1609675846,"path_taken":["M","?","$","?","M","E","M","R","T","E"],"items_purchased_type":["Card","Card"],"build_version":"2020-12-22","purchased_purges":1,"victory":false,"max_hp_per_floor":[75,75,75,75,75,75,75,75,75,75,75],"card_choices":[{"not_picked":["Streamline","Gash"],"picked":"Storm","floor":1},{"not_picked":["Hologram","Steam Power"],"picked":"Lockon","floor":2},{"not_picked":["Conserve Battery","Rebound"],"picked":"Hello World","floor":5},{"not_picked":["Redo","Beam Cell"],"picked":"Defragment","floor":6},{"not_picked":["Redo","Double Energy"],"picked":"White Noise","floor":7}],"player_experience":17588,"relics_obtained":[{"floor":6,"key":"Boot"},{"floor":9,"key":"Bag of Preparation"}],"event_choices":[{"cards_removed":["Strike_B"],"damage_healed":0,"gold_gain":0,"player_choice":"Card Removal","damage_taken":7,"max_hp_gain":0,"max_hp_loss":0,"event_name":"Golden Wing","floor":4,"gold_loss":0}],"is_beta":false,"boss_relics":[],"items_purged_floors":[3],"is_endless":false,"potions_floor_spawned":[2],"killed_by":"3 Sentries","ascension_level":1}}