{"host":"7k88kcl92al3r52p","time":1609703159,"event":{"mods":["BaseMod","Beaked The Cultist","Conspire","Downfall","Infinite Spire","Mimic Mod","Minty Spire (QoL Compilation)","Rare Cards Sparkle","Replay The Spire","Shop Mod","StSLib","The Cursed"],"gold_per_floor":[99,99,99,99,99,128,128,128,162,176,176,18,18,28,39,138,138,138,149,162,262,262,273,353,372,399,384,395,395,395,407,422,524,524,449,464,484,501,501,501,501],"floor_reached":40,"playtime":5348,"items_purged":["Parasite"],"score":491,"play_id":"ae008081-fad7-45f9-bc69-cad3ce50d52e","local_time":"20210103144559","is_ascension_mode":false,"campfire_choices":[{"data":"beaked:Ceremony","floor":1.0,"key":"SMITH"},{"data":"beaked:Ceremony","floor":8.0,"key":"SMITH"},{"data":"beaked:VigorBurst","floor":11.0,"key":"SMITH"},{"data":"beaked:Evade","floor":13.0,"key":"SMITH"},{"floor":18.0,"key":"DIG"},{"data":"beaked:Sacrifice","floor":30,"key":"SMITH"},{"data":"beaked:SacrificialScars","floor":35,"key":"SMITH"}],"circlet_count":0,"master_deck":["beaked:Strike_Y","beaked:Strike_Y","beaked:Strike_Y","beaked:Strike_Y","beaked:Strike_Y","beaked:Defend_Y","beaked:Defend_Y","beaked:Defend_Y","beaked:Defend_Y","beaked:Ceremony+1","beaked:Ceremony+1","beaked:Ceremony+1","beaked:Evade+1","beaked:TuckingFeathers","beaked:ScreechingChant","beaked:Foresight","beaked:SacrificialAttack","beaked:ScreechingChant","beaked:Sacrifice+1","beaked:AwakenedForm","beaked:DigDeep","beaked:Evade+1","beaked:WarriorSpirit","J.A.X.","infinitespire:Punishment","beaked:VigorBurst","beaked:FullHouse","beaked:DigDeep","beaked:SacrificialScars+1","ReplayTheSpireMod:Wings of Steel+1"],"relics":["beaked:MendingPlumage","downfall:HeartsMalice","Pantograph","Replay:PocketPolymizer","Replay:Rubber Ducky","beaked:RitualPlumage","Cursed Key","Torii","MutagenicStrength","Bottled Lightning","infinitespire:PuzzleCube","beaked:FlawlessSticks","downfall:HeartBlessingGreen"],"acts_visited":["Exordium","TheCity","TheBeyond"],"potions_floor_usage":[28,31,38],"damage_taken":[{"damage":0.0,"enemies":"Cultist","floor":3.0,"turns":1.0},{"damage":0.0,"enemies":"Small Slimes","floor":5.0,"turns":1.0},{"damage":0.0,"enemies":"Gremlin Nob","floor":6.0,"turns":1.0},{"damage":72.0,"enemies":"3 Sentries","floor":9.0,"turns":13.0},{"damage":0.0,"enemies":"2 Louse","floor":10.0,"turns":16.0},{"damage":0.0,"enemies":"downfall:FleeingMerchant","floor":12.0,"turns":4.0},{"damage":16.0,"enemies":"Lots of Slimes","floor":14.0,"turns":7.0},{"damage":10.0,"enemies":"3 Louse","floor":15.0,"turns":6.0},{"damage":57.0,"enemies":"downfall:Watcher","floor":16.0,"turns":9.0},{"damage":0.0,"enemies":"conspire:FuzzyDice","floor":19.0,"turns":7.0},{"damage":25.0,"enemies":"Shell Parasite","floor":20.0,"turns":7.0},{"damage":25.0,"enemies":"downfall:Augmenter","floor":21.0,"turns":6.0},{"damage":13.0,"enemies":"conspire:HollyBat","floor":23.0,"turns":8.0},{"damage":4.0,"enemies":"Centurion and Healer","floor":25.0,"turns":7.0},{"damage":67.0,"enemies":"Book of Stabbing","floor":26.0,"turns":7.0},{"damage":3.0,"enemies":"downfall:FleeingMerchant","floor":27.0,"turns":4.0},{"damage":13,"enemies":"Chosen and Byrds","floor":28,"turns":5},{"damage":10,"enemies":"Shelled Parasite and Fungi","floor":31,"turns":2},{"damage":5,"enemies":"conspire:HollyBat","floor":32,"turns":6},{"damage":47,"enemies":"downfall:Ironclad","floor":33,"turns":7},{"damage":50,"enemies":"3 Darklings","floor":36,"turns":7},{"damage":7,"enemies":"Orb Walker","floor":37,"turns":1},{"damage":33,"enemies":"Writhing Mass","floor":38,"turns":6},{"damage":27,"enemies":"infinitespire:Three Voidlings","floor":40,"turns":6},{"damage":111,"enemies":"Nightmare_Alpha","floor":40,"turns":7}],"seed_played":"6354330160158925123","potions_obtained":[{"floor":9.0,"key":"SkillPotion"},{"floor":14.0,"key":"sneckomod:MuddlingPotion"},{"floor":19.0,"key":"ColorlessPotion"},{"floor":20.0,"key":"FearPotion"},{"floor":23.0,"key":"BlessingOfTheForge"},{"floor":28,"key":"Fire Potion"},{"floor":37,"key":"Energy Potion"}],"is_trial":false,"path_per_floor":["R","?","M","?","M","E","T","R","E","M","R","$","R","M","M","B",null,"R","M","M","?","AVR","M","T","M","E","$","M","?","R","M","M","B",null,"R","M","M","M","AVR","?"],"character_chosen":"BEAKED_THE_CULTIST","items_purchased":["beaked:RitualPlumage"],"campfire_rested":0,"item_purchase_floors":[12],"current_hp_per_floor":[50,50,50,50,50,50,50,50,6,50,55,55,55,55,55,28,55,55,58,58,52,52,65,65,72,50,72,70,70,70,65,72,66,75,75,48,48,65,65,0,0],"gold":501,"neow_bonus":"THREE_ENEMY_KILL","is_daily":false,"chose_seed":false,"campfire_upgraded":6,"win_rate":0.0,"timestamp":1609703159,"path_taken":["R","?","?","?","M","E","T","R","E","M","R","$","R","?","M","BOSS","R","M","?","?","AVR","M","T","M","E","$","M","?","R","?","M","BOSS","R","M","M","M","AVR","?"],"items_purchased_type":["Relic"],"build_version":"2020-12-22","purchased_purges":1,"victory":false,"max_hp_per_floor":[50,50,50,50,50,50,50,50,50,50,55,55,55,55,55,55,55,55,58,58,61,61,69,69,72,72,72,72,72,72,72,72,75,75,75,78,81,81,78,84,84],"card_choices":[{"not_picked":["beaked:Tweet","beaked:CursingBlood"],"picked":"beaked:Evade","floor":3.0},{"not_picked":["beaked:Redirect","beaked:Tweet"],"picked":"beaked:TuckingFeathers","floor":5.0},{"not_picked":["beaked:Overexert","beaked:CheekyTricks"],"picked":"beaked:Struggle","floor":6.0},{"not_picked":["beaked:SurvivalInstinct","beaked:BraceForImpact"],"picked":"beaked:Foresight","floor":9.0},{"not_picked":["beaked:Cower","beaked:Molting"],"picked":"beaked:Daydream","floor":10.0},{"not_picked":["beaked:Resilience","beaked:BloodRitual"],"picked":"beaked:SacrificialAttack","floor":12.0},{"not_picked":["beaked:BarbedWire","beaked:WarriorEssence"],"picked":"beaked:MachineSpirit","floor":14.0},{"not_picked":["beaked:DigDeep","beaked:Replenish"],"picked":"beaked:ScreechingChant","floor":15.0},{"not_picked":["ReplayTheSpireMod:Owlgaze","beaked:Caw"],"picked":"beaked:Sacrifice","floor":16.0},{"not_picked":["beaked:MimicMachine","beaked:Brace"],"picked":"beaked:DigDeep","floor":19.0},{"not_picked":["beaked:StickSmack","beaked:Flinch"],"picked":"beaked:Evade+1","floor":20.0},{"not_picked":[],"picked":"J.A.X.","floor":21.0},{"not_picked":["beaked:Insight","beaked:StunningBlow"],"picked":"beaked:VigorBurst","floor":23.0},{"not_picked":["beaked:Mantra+1","beaked:Cower","beaked:HuntressEssence+1"],"picked":"SKIP","floor":25.0},{"not_picked":["ReplayTheSpireMod:Wings of Steel","beaked:Hexing+1"],"picked":"beaked:FullHouse","floor":26.0},{"not_picked":["beaked:TuckingFeathers","beaked:WindBringer","beaked:SurvivalInstinct"],"picked":"SKIP","floor":27},{"not_picked":["beaked:TuckingFeathers","beaked:WindBringer","beaked:SurvivalInstinct"],"picked":"SKIP","floor":27},{"not_picked":["beaked:CursingBlood","beaked:Recite","beaked:BraceForImpact"],"picked":"SKIP","floor":28},{"not_picked":["beaked:FeelMyPain","beaked:Resilience","beaked:Cower"],"picked":"SKIP","floor":31},{"not_picked":["ReplayTheSpireMod:Prepare the Ceremony","beaked:Tradeoff+1"],"picked":"beaked:DigDeep","floor":32},{"not_picked":["beaked:DarkTribute","beaked:DarkPact"],"picked":"beaked:SacrificialScars","floor":33},{"not_picked":["beaked:Evade+1","beaked:FeelMyPain+1","beaked:MaddeningMurmurs"],"picked":"SKIP","floor":36},{"not_picked":["beaked:Resilience+1","beaked:TuckingFeathers+1","beaked:Poke+1"],"picked":"SKIP","floor":37},{"not_picked":["beaked:Mantra","beaked:Tweet"],"picked":"ReplayTheSpireMod:Wings of Steel+1","floor":38}],"player_experience":242320,"relics_obtained":[{"floor":6.0,"key":"Pantograph"},{"floor":7.0,"key":"Replay:PocketPolymizer"},{"floor":9.0,"key":"Replay:Rubber Ducky"},{"floor":18.0,"key":"Torii"},{"floor":21.0,"key":"MutagenicStrength"},{"floor":24.0,"key":"Bottled Lightning"},{"floor":26.0,"key":"infinitespire:PuzzleCube"}],"event_choices":[{"damage_healed":0.0,"max_hp_gain":0.0,"max_hp_loss":0.0,"gold_gain":0.0,"event_name":"Upgrade Shrine","player_choice":"Upgraded","floor":2.0,"gold_loss":0.0,"damage_taken":0.0,"cards_upgraded":["beaked:Ceremony"]},{"cards_removed":["beaked:Strike_Y"],"damage_healed":0.0,"max_hp_gain":0.0,"max_hp_loss":0.0,"gold_gain":0.0,"event_name":"Purifier","player_choice":"Purged","floor":4.0,"gold_loss":0.0,"damage_taken":0.0},{"cards_removed":["hexamod:Haunted"],"damage_healed":0,"gold_gain":0,"player_choice":"Card Removal","damage_taken":0,"max_hp_gain":0,"max_hp_loss":0,"event_name":"Wheel of Change","floor":29,"gold_loss":0}],"is_beta":false,"boss_relics":[{"not_picked":["Calling Bell","Sozu"],"picked":"Cursed Key"},{"not_picked":["conspire:RunicOctahedron","Velvet Choker"],"picked":"beaked:FlawlessSticks"}],"items_purged_floors":[39],"is_endless":false,"potions_floor_spawned":[9,14,19,20,23,28,37],"killed_by":"Nightmare_Alpha","ascension_level":0}}