{"host":"zntn5kfpqqjb7mu3","time":1609687936,"event":{"mods":["AchievementEnabler","Aspiration","BaseMod","Better-Laid Plans","Colored Map","Colored Powertips","DNKmod","Friendly Minions","Marked Mod","Minty Spire (QoL Compilation)","MostiFishMod","Permanent Neow","Quick Restart","Rare Cards Sparkle","Relic Stats","Remove Card Discount Mod","Replay The Spire","Spicy Shops","StSLib","SuperFastMode","TestMod","vexMod","【遗物卡牌】REMEMod","篝火指南"],"gold_per_floor":[10017,10017,10017,10029,10029,10060,10076,10101,10101,10119,9471,9484,9029,9041,9041,9142,9142,9152,9163,9174,8758,8771,8533,8533,8552,8552,8250,8283,8060,8080,8112,7904,8004,8004,8019,8029,8046,8062,8079,7209,7236,7253,7253,6277,5868,5882,5729,5739,5436,5436,5436,4905,4657,4689,4689],"floor_reached":56,"playtime":2756,"items_purged":["Survivor","Defend_G","Defend_G","Defend_G","Delirium","Defend_G","Regret"],"score":2071,"play_id":"b2305741-e8a8-4a9e-ab61-bdaf857e0c12","local_time":"20210103233216","is_ascension_mode":true,"campfire_choices":[{"floor":15,"key":"RECALL"}],"circlet_count":0,"master_deck":["Strike_G","Strike_G","Strike_G","Strike_G+1","Strike_G+1","Defend_G+1","Neutralize","Noxious Fumes","Bane","Backflip","Slice","Deadly Poison","Crippling Poison","Noxious Fumes","Dagger Spray+1","Die Die Die","Crippling Poison","Bane","Bane","MostiFishMod:Neurotoxin","Toxin Wave","Deflect+1","Outmaneuver","Outmaneuver","Outmaneuver","REME_FirmDetermination","Poisoned Stab","Outmaneuver","Toxin Wave","Dagger Spray","Bane","Slice","Predator+1","Predator+1","Backstab+1","Backflip+1","MostiFishMod:PoisonShield","Sucker Punch+1","Predator+1","REME_GreenPollution+1","Poisoned Stab","Deadly Poison+1","MostiFishMod:Neurotoxin+1","Outmaneuver+1","Phantasmal Killer","Poisoned Stab+1"],"relics":["Ring of the Snake","testmod-TestBox","REME_ComplimentaryCards","DaveBox","aspiration:DSix","BionicSphere","testmod-FatalChain","SynthV:TestCard","Replay:Rubber Ducky","testmod-HeartOfStrike","testmod-RealStoneCalender","Iron Hammer","Replay:Baseball","testmod-SaigiyounoYou","Simple Rune","Snack Pack","testmod-OneHitWonder","Lantern","testmod-AssaultLearning","Tingsha","Potion Belt","SynthV:C4","ReplayTheSpireMod:Lightbulb","JellyFishMachine","Turnip","Dead Branch","REME_CardOfGreed","testmod-Muramasa","Frozen Egg 2","Byrd Skull","HornCleat","TwistedFunnel","Paper Crane","aspiration:VileToxins","DollysMirror","REME_PuzzleBoxRelic","Oddly Smooth Stone","Gremlin Horn","Pen Nib","Bottled Lightning"],"acts_visited":["Exordium","TheCity","TheBeyond","TheEnding"],"potions_floor_usage":[16,46,50],"damage_taken":[{"damage":0,"enemies":"2 Louse","floor":1,"turns":3},{"damage":0,"enemies":"Cultist","floor":4,"turns":4},{"damage":0,"enemies":"3 Sentries","floor":6,"turns":6},{"damage":0,"enemies":"Jaw Worm","floor":7,"turns":2},{"damage":0,"enemies":"Gremlin Nob","floor":8,"turns":4},{"damage":0,"enemies":"Exordium Wildlife","floor":10,"turns":2},{"damage":0,"enemies":"3 Louse","floor":12,"turns":1},{"damage":0,"enemies":"Large Slime","floor":14,"turns":1},{"damage":0,"enemies":"Fading Forest","floor":16,"turns":9},{"damage":0,"enemies":"3 Byrds","floor":18,"turns":2},{"damage":0,"enemies":"Chosen","floor":19,"turns":2},{"damage":0,"enemies":"Snecko","floor":20,"turns":2},{"damage":0,"enemies":"Snake Plant","floor":22,"turns":3},{"damage":0,"enemies":"Chosen and Byrds","floor":25,"turns":2},{"damage":0,"enemies":"Slavers","floor":28,"turns":2},{"damage":0,"enemies":"Snecko","floor":30,"turns":2},{"damage":0,"enemies":"Gremlin Leader","floor":31,"turns":2},{"damage":0,"enemies":"Automaton","floor":33,"turns":4},{"damage":0,"enemies":"Orb Walker","floor":35,"turns":2},{"damage":0,"enemies":"3 Shapes","floor":36,"turns":1},{"damage":0,"enemies":"Spire Growth","floor":37,"turns":2},{"damage":0,"enemies":"Sphere and 2 Shapes","floor":38,"turns":2},{"damage":0,"enemies":"Maw","floor":39,"turns":4},{"damage":0,"enemies":"Reptomancer","floor":41,"turns":2},{"damage":10,"enemies":"Writhing Mass","floor":42,"turns":3},{"damage":0,"enemies":"Transient","floor":46,"turns":5},{"damage":0,"enemies":"Spire Growth","floor":48,"turns":2},{"damage":0,"enemies":"Awakened One","floor":50,"turns":5},{"damage":0,"enemies":"Shield and Spear","floor":54,"turns":1},{"damage":0,"enemies":"The Heart","floor":55,"turns":4}],"seed_played":"-8776706296590208652","potions_obtained":[{"floor":4,"key":"Poison Potion"},{"floor":6,"key":"Swift Potion"},{"floor":12,"key":"CunningPotion"},{"floor":16,"key":"Swift Potion"},{"floor":19,"key":"Energy Potion"},{"floor":31,"key":"Swift Potion"},{"floor":38,"key":"SpeedPotion"},{"floor":48,"key":"Weak Potion"}],"is_trial":false,"path_per_floor":["M","?","?","M","?","E","M","E","T","M","$","M","$","M","R","B",null,"M","M","M","$","M","R","?","M","T","R","E","R","M","E","R","B",null,"M","M","M","M","M","R","E","M","T","R","$","M","$","M","R_BF","B",null,"R","$","E","B",null],"character_chosen":"THE_SILENT","items_purchased":["testmod-HeartOfStrike","Dagger Spray+1","Die Die Die","testmod-RealStoneCalender","Iron Hammer","Replay:Baseball","Bane","Simple Rune","Outmaneuver","REME_FirmDetermination","Snack Pack","Lantern","testmod-AssaultLearning","Potion Belt","Dagger Spray","ReplayTheSpireMod:Lightbulb","Turnip","Dead Branch","REME_CardOfGreed","MostiFishMod:PoisonShield","Frozen Egg 2","REME_GreenPollution+1","Byrd Skull","HornCleat","Poisoned Stab","TwistedFunnel","Paper Crane","aspiration:VileToxins","DollysMirror","REME_PuzzleBoxRelic","Oddly Smooth Stone","Gremlin Horn","Phantasmal Killer","Pen Nib","Bottled Lightning"],"campfire_rested":0,"item_purchase_floors":[11,11,11,11,13,13,13,21,21,21,23,27,27,29,29,32,40,40,40,40,44,44,44,44,44,44,45,45,47,49,49,52,52,52,53],"current_hp_per_floor":[63,56,56,56,56,56,56,56,56,56,56,56,56,56,56,64,69,70,70,70,70,70,70,70,70,70,70,70,70,70,70,70,70,70,70,70,70,70,70,70,70,66,66,66,66,70,70,70,70,70,70,70,70,70,70],"gold":4689,"neow_bonus":"DSIX","is_daily":false,"chose_seed":false,"campfire_upgraded":0,"win_rate":0.0,"timestamp":1609687936,"path_taken":["M","?","?","?","?","E","M","E","T","M","$","M","$","M","R","BOSS","M","M","M","$","M","R","?","M","T","R","E","R","M","E","R","BOSS","M","M","?","M","M","R","E","M","T","R","$","M","$","M","R_BF","BOSS","R","$","E","BOSS"],"items_purchased_type":["Relic","Card","Card","Relic","Relic","Relic","Card","Relic","Card","Card","Relic","Relic","Relic","Relic","Card","Relic","Relic","Relic","Relic","Card","Relic","Card","Relic","Relic","Card","Relic","Relic","Relic","Relic","Relic","Relic","Relic","Card","Relic","Relic"],"build_version":"2020-12-22","purchased_purges":7,"victory":true,"max_hp_per_floor":[70,70,70,70,70,70,70,70,70,70,70,70,70,70,70,70,70,70,70,70,70,70,70,70,70,70,70,70,70,70,70,70,70,70,70,70,70,70,70,70,70,70,70,70,70,70,70,70,70,70,70,70,70,70,70],"relic_stats":{"Gremlin Horn":[1,1],"counters":[30,86],"Dead Branch":[28],"Tingsha":[0],"Turnip":[2],"Pen Nib":[2],"obtain_stats":[{"TwistedFunnel":44,"testmod-HeartOfStrike":11,"Lantern":27,"DaveBox":0,"Gremlin Horn":52,"SynthV:C4":31,"Replay:Rubber Ducky":8,"HornCleat":44,"DollysMirror":47,"Iron Hammer":13,"aspiration:DSix":0,"Byrd Skull":44,"Ring of the Snake":0,"Potion Belt":29,"aspiration:VileToxins":45,"testmod-Muramasa":43,"testmod-TestBox":0,"JellyFishMachine":34,"testmod-FatalChain":0,"Dead Branch":40,"Oddly Smooth Stone":49,"Tingsha":28,"Pen Nib":52,"Frozen Egg 2":44,"Paper Crane":45,"testmod-SaigiyounoYou":17,"testmod-RealStoneCalender":11,"Replay:Baseball":13,"SynthV:TestCard":1,"BionicSphere":0,"testmod-AssaultLearning":27,"Simple Rune":21,"Turnip":40,"Snack Pack":23,"REME_CardOfGreed":40,"Bottled Lightning":53,"REME_PuzzleBoxRelic":49,"ReplayTheSpireMod:Lightbulb":32,"testmod-OneHitWonder":24,"REME_ComplimentaryCards":0},{"TwistedFunnel":25,"testmod-HeartOfStrike":6,"Lantern":14,"DaveBox":0,"Gremlin Horn":28,"SynthV:C4":17,"Replay:Rubber Ducky":5,"HornCleat":25,"DollysMirror":26,"Iron Hammer":7,"aspiration:DSix":0,"Byrd Skull":25,"Ring of the Snake":0,"Potion Belt":15,"aspiration:VileToxins":25,"testmod-Muramasa":25,"testmod-TestBox":0,"JellyFishMachine":18,"testmod-FatalChain":0,"Dead Branch":23,"Oddly Smooth Stone":27,"Tingsha":15,"Pen Nib":28,"Frozen Egg 2":25,"Paper Crane":25,"testmod-SaigiyounoYou":9,"testmod-RealStoneCalender":6,"Replay:Baseball":7,"SynthV:TestCard":1,"BionicSphere":0,"testmod-AssaultLearning":14,"Simple Rune":12,"Turnip":23,"Snack Pack":13,"REME_CardOfGreed":23,"Bottled Lightning":28,"REME_PuzzleBoxRelic":27,"ReplayTheSpireMod:Lightbulb":17,"testmod-OneHitWonder":13,"REME_ComplimentaryCards":0},{"TwistedFunnel":69,"testmod-HeartOfStrike":21,"Lantern":43,"DaveBox":0,"Gremlin Horn":81,"SynthV:C4":49,"Replay:Rubber Ducky":19,"HornCleat":69,"DollysMirror":74,"Iron Hammer":22,"aspiration:DSix":0,"Byrd Skull":69,"Ring of the Snake":0,"Potion Belt":45,"aspiration:VileToxins":69,"testmod-Muramasa":69,"testmod-TestBox":0,"JellyFishMachine":53,"testmod-FatalChain":0,"Dead Branch":64,"Oddly Smooth Stone":76,"Tingsha":45,"Pen Nib":81,"Frozen Egg 2":69,"Paper Crane":69,"testmod-SaigiyounoYou":32,"testmod-RealStoneCalender":21,"Replay:Baseball":22,"SynthV:TestCard":3,"BionicSphere":0,"testmod-AssaultLearning":43,"Simple Rune":38,"Turnip":64,"Snack Pack":41,"REME_CardOfGreed":64,"Bottled Lightning":81,"REME_PuzzleBoxRelic":76,"ReplayTheSpireMod:Lightbulb":49,"testmod-OneHitWonder":41,"REME_ComplimentaryCards":0}],"Ring of the Snake":[60]},"card_choices":[{"not_picked":["Finisher","Reflex"],"picked":"Bane","floor":1},{"not_picked":["MostiFishMod:FrostNova","Caltrops","Flying Knee","Acrobatics"],"picked":"Backflip","floor":4},{"not_picked":["ReplayTheSpireMod:Tripwire","Quick Slash","REME_ShadowStrike","Cloak And Dagger"],"picked":"Slice","floor":6},{"not_picked":["REME_GreenPollution","Terror","Acrobatics","Dagger Throw"],"picked":"Deadly Poison","floor":7},{"not_picked":["Deflect","MostiFishMod:FrostNova","Caltrops","Grand Finale"],"picked":"Crippling Poison","floor":8},{"not_picked":["Sucker Punch","MostiFishMod:PerfectParry","Terror","Blade Dance"],"picked":"Noxious Fumes","floor":10},{"not_picked":["Quick Slash","MostiFishMod:FrostNova","Bane","Backflip"],"picked":"Crippling Poison","floor":12},{"not_picked":["Deflect","Quick Slash","REME_CopyPotion","Prepared"],"picked":"Bane","floor":14},{"not_picked":["Tools of the Trade","MostiFishMod:ShivMaster","Unload","REME_CopyPotion"],"picked":"MostiFishMod:Neurotoxin","floor":16},{"not_picked":["Prepared","Eviscerate","Poisoned Stab","Sucker Punch+1"],"picked":"Toxin Wave","floor":18},{"not_picked":["Prepared","Quick Slash","Cloak And Dagger","Dagger Throw+1"],"picked":"Deflect+1","floor":19},{"not_picked":["Cloak And Dagger","Concentrate+1","Glass Knife","ReplayTheSpireMod:Tripwire+1"],"picked":"Outmaneuver","floor":20},{"not_picked":["Deflect","MostiFishMod:PreservedThorns","Outmaneuver","MostiFishMod:ThornCasing"],"picked":"Poisoned Stab","floor":22},{"not_picked":["Accuracy","Dagger Throw","ReplayTheSpireMod:Tripwire","Acrobatics"],"picked":"Outmaneuver","floor":25},{"not_picked":["Leg Sweep+1","ReplayTheSpireMod:From All Sides","Backstab","Sneak Up"],"picked":"Toxin Wave","floor":28},{"not_picked":["Deflect","Sucker Punch+1","Expertise","ReplayTheSpireMod:Exploit Weakness+1"],"picked":"Bane","floor":30},{"not_picked":["Blade Dance","Cloak And Dagger","Sneak Up","After Image"],"picked":"Slice","floor":31},{"not_picked":["Hidden Blade+1","Sneak Up+1","Underhanded Strike","Dagger Throw+1"],"picked":"Predator+1","floor":35},{"not_picked":["Prepared+1","Flechettes+1","PiercingWail+1","ReplayTheSpireMod:Shiv Toss"],"picked":"Predator+1","floor":36},{"not_picked":["Blade Dance","Sucker Punch","MostiFishMod:PoisonShield","Prepared+1"],"picked":"Backstab+1","floor":37},{"not_picked":["Leg Sweep+1","Accuracy+1","Prepared+1","Underhanded Strike+1","PiercingWail"],"picked":"SKIP","floor":38},{"not_picked":["Skewer+1","REME_GreenPollution","MostiFishMod:WinterMarkForm","Dodge and Roll"],"picked":"Backflip+1","floor":39},{"not_picked":["Leg Sweep","Dash","Dodge and Roll","Acrobatics"],"picked":"Sucker Punch+1","floor":41},{"not_picked":["Prepared","Underhanded Strike+1","Blur+1","Dagger Throw"],"picked":"Predator+1","floor":42},{"not_picked":["Flying Knee+1","Blade Dance+1","MostiFishMod:PreservedThorns+1","All Out Attack"],"picked":"Deadly Poison+1","floor":46},{"not_picked":["MostiFishMod:PreservedThorns+1","Deadly Poison","Slice+1","Backflip+1"],"picked":"Outmaneuver+1","floor":48},{"not_picked":["REME_ShadowStrike","Flying Knee","Cloak And Dagger","Malaise"],"picked":"Poisoned Stab+1","floor":54}],"player_experience":49352,"relics_obtained":[{"floor":1,"key":"SynthV:TestCard"},{"floor":8,"key":"Replay:Rubber Ducky"},{"floor":28,"key":"Tingsha"},{"floor":31,"key":"SynthV:C4"},{"floor":43,"key":"testmod-Muramasa"}],"event_choices":[{"damage_healed":0,"gold_gain":0,"player_choice":"Ignored","damage_taken":7,"max_hp_gain":0,"max_hp_loss":0,"event_name":"恩洛斯的盘子","floor":2,"gold_loss":0},{"damage_healed":0,"gold_gain":0,"player_choice":"Ignored","damage_taken":0,"max_hp_gain":0,"max_hp_loss":0,"event_name":"Purifier","floor":3,"gold_loss":0}],"is_beta":false,"boss_relics":[{"not_picked":["Painkiller Herb","Calling Bell"],"picked":"testmod-SaigiyounoYou"},{"not_picked":["SlaversCollar","NightmareShop"],"picked":"JellyFishMachine"}],"items_purged_floors":[11,11,21,21,32,40,44],"is_endless":false,"potions_floor_spawned":[4,6,12,16,19,20,22,28,31,38,42,48],"ascension_level":6}}