{"host":"ifd7sfhtlbe34qll","time":1609704809,"event":{"mods":["2.2 Compatiblity","Act Like it!","BaseMod","Block Reminder","Colored Map","Curses Come First","Downfall","Highlight Path","Minty Spire (QoL Compilation)","Potion Indicator Mod","Quick Restart","Random Character Button","Relic Stats","StSLib"],"gold_per_floor":[224,265,184,184,184,184],"floor_reached":8,"playtime":1048,"items_purged":["Guardian:Defend_Guardian"],"score":574,"play_id":"721ae775-db41-41d0-bfd7-f7f1577b1a2d","local_time":"20210103141329","is_ascension_mode":true,"campfire_choices":[{"data":"Guardian:Incinerate","floor":5,"key":"SMITH"}],"circlet_count":0,"master_deck":["AscendersBane","Guardian:Defend_Guardian+1","Guardian:CurlUp","Guardian:TwinSlam","Guardian:ChargeCore","Guardian:Incinerate+1","Guardian:DonusPower+1","Guardian:DonusPower+1","Guardian:ChargeCore","Guardian:PiercingHide+1","Guardian:FuturePlans","Guardian:Orbwalk+1","Guardian:Harden+1","CurseOfTheBell","Guardian:BaubleBeam+1","Guardian:TemporalShield","Guardian:StasisField+1","Guardian:BronzeOrb","Guardian:ShieldCharger","Guardian:SentryBeam","Guardian:StasisStrike+1","Guardian:FloatingOrbs+1","Guardian:RevengeProtocol+1","Guardian:BronzeArmor+1","Guardian:FloatingOrbs+1","Guardian:FuturePlans+1","Guardian:SphericShield","Guardian:Emergency","Guardian:Orbwalk+1","expansioncontent:DefensiveStance+1","Guardian:StasisEngine+1","Guardian:SpikerProtocol+1"],"relics":["Tiny House","Guardian:GemstoneGun","StoneCalendar","Mummified Hand","Calling Bell","Guardian:StasisCodex","Question Card","Bag of Preparation","Frozen Egg 2","Ice Cream","Black Star","Matryoshka","CeramicFish","Art of War","White Beast Statue"],"acts_visited":["Exordium","TheEnding"],"potions_floor_usage":[],"damage_taken":[{"damage":53,"enemies":"downfall:CharBossMerchant","floor":3,"turns":4},{"damage":42,"enemies":"downfall:NeowBossFinal","floor":7,"turns":9}],"seed_played":"3607665420611458259","potions_obtained":[{"floor":0,"key":"Regen Potion"},{"floor":0,"key":"DuplicationPotion"}],"is_trial":false,"path_per_floor":["E","$","R","B","B",null],"character_chosen":"GUARDIAN","items_purchased":["Mummified Hand","Guardian:Orbwalk","Guardian:Harden","Guardian:FloatingOrbs+1","Guardian:Orbwalk+1","expansioncontent:DefensiveStance+1","Guardian:SpikerProtocol+1"],"campfire_rested":0,"item_purchase_floors":[0,0,0,0,0,0,4],"current_hp_per_floor":[75,1022,1022,1022,851,809],"gold":184,"neow_bonus":"BOSS_RELIC","is_daily":false,"chose_seed":false,"campfire_upgraded":1,"win_rate":0.0,"timestamp":1609704809,"path_taken":["E","$","R","BOSS","BOSS"],"items_purchased_type":["Relic","Card","Card","Card","Card","Card","Card"],"build_version":"2020-12-22","purchased_purges":1,"victory":true,"max_hp_per_floor":[77,1077,1077,1077,1077,1077],"relic_stats":{"counters":[3,36],"Mummified Hand":[27],"CeramicFish":36,"StoneCalendar":[104],"Bag of Preparation":[6],"Black Star":1,"Art of War":[0],"Question Card":17,"obtain_stats":[{"Ice Cream":0,"Tiny House":0,"Guardian:GemstoneGun":0,"CeramicFish":0,"Guardian:ModeShifter":0,"StoneCalendar":0,"Guardian:StasisCodex":0,"Bag of Preparation":0,"Frozen Egg 2":0,"Question Card":0,"White Beast Statue":3,"Calling Bell":0,"Matryoshka":0,"Mummified Hand":0,"Black Star":0,"Art of War":3},{"Ice Cream":0,"Tiny House":0,"Guardian:GemstoneGun":0,"CeramicFish":0,"Guardian:ModeShifter":0,"StoneCalendar":0,"Guardian:StasisCodex":0,"Bag of Preparation":0,"Frozen Egg 2":0,"Question Card":0,"White Beast Statue":1,"Calling Bell":0,"Matryoshka":0,"Mummified Hand":0,"Black Star":0,"Art of War":1},{"Ice Cream":0,"Tiny House":0,"Guardian:GemstoneGun":0,"CeramicFish":0,"Guardian:ModeShifter":0,"StoneCalendar":0,"Guardian:StasisCodex":0,"Bag of Preparation":0,"Frozen Egg 2":0,"Question Card":0,"White Beast Statue":4,"Calling Bell":0,"Matryoshka":0,"Mummified Hand":0,"Black Star":0,"Art of War":4}]},"card_choices":[{"not_picked":["Guardian:CrystalBeam","Guardian:Gem_Green"],"picked":"Guardian:ChargeCore","floor":0},{"not_picked":["Guardian:RollAttack","Guardian:PrimingBeam"],"picked":"Guardian:Gem_Blue","floor":0},{"not_picked":["Guardian:Gem_Lightblue","Guardian:TemporalStrike"],"picked":"Guardian:Incinerate","floor":0},{"not_picked":["Guardian:Suspension","Guardian:GuardianWhirl"],"picked":"Guardian:DonusPower","floor":0},{"not_picked":["Guardian:Gem_Cyan","Guardian:VentSteam"],"picked":"Guardian:DonusPower","floor":0},{"not_picked":["Guardian:TemporalStrike","Guardian:CrystalBeam"],"picked":"Guardian:ChargeCore","floor":0},{"not_picked":["Guardian:WalkerClaw","Guardian:Planning"],"picked":"Guardian:PiercingHide","floor":0},{"not_picked":["Guardian:PrimingBeam","Guardian:SpikerProtocol"],"picked":"Guardian:FuturePlans","floor":0},{"not_picked":["Guardian:GemFinder","Guardian:GemFire"],"picked":"Guardian:BaubleBeam","floor":0},{"not_picked":["Guardian:ShieldCharger","Guardian:Suspension"],"picked":"Guardian:TemporalShield","floor":0},{"not_picked":["Guardian:WalkerClaw","Guardian:PolyBeam"],"picked":"Guardian:StasisField","floor":0},{"not_picked":["Guardian:ShieldSpikes","Guardian:TemporalStrike"],"picked":"Guardian:BronzeOrb","floor":0},{"not_picked":["Guardian:ShieldSpikes","Guardian:Planning"],"picked":"Guardian:ShieldCharger","floor":0},{"not_picked":["Guardian:Gem_Cyan","Guardian:WalkerClaw"],"picked":"Guardian:SentryBeam","floor":0},{"not_picked":["Guardian:Recover","Guardian:Gem_Green"],"picked":"Guardian:StasisStrike","floor":0},{"not_picked":["Guardian:PolyBeam","Guardian:RefractedBeam"],"picked":"Guardian:Gem_Green","floor":0},{"not_picked":["Guardian:HyperBeam_Guardian","Guardian:GatlingBeam","Guardian:Gem_Synthetic"],"picked":"Guardian:RevengeProtocol+1","floor":0},{"not_picked":["Guardian:Gem_Green","Guardian:ShieldCharger","Guardian:ChargeCore"],"picked":"Guardian:BronzeArmor","floor":0},{"not_picked":["Guardian:RollAttack","Guardian:WalkerClaw","Guardian:GatlingBeam"],"picked":"Guardian:FloatingOrbs+1","floor":0},{"not_picked":["Guardian:CrystalBeam","Guardian:ChargeCore","Guardian:FloatingOrbs+1"],"picked":"Guardian:FuturePlans+1","floor":0},{"not_picked":["Guardian:CrystalBeam","Guardian:Reroute","Guardian:PolyBeam"],"picked":"Guardian:Gem_Yellow","floor":0},{"not_picked":["Guardian:Planning","Guardian:Recover","Guardian:Incinerate"],"picked":"Guardian:SphericShield","floor":0},{"not_picked":["Guardian:Gem_Green","Guardian:SentryBeam","Guardian:VentSteam"],"picked":"Guardian:Emergency","floor":0},{"not_picked":["Guardian:Preprogram","Guardian:CrystalBeam","Guardian:WalkerClaw","Guardian:RollAttack"],"picked":"SKIP","floor":0},{"not_picked":["Guardian:Gem_Green","Guardian:Gem_White","Guardian:Preprogram"],"picked":"Guardian:StasisEngine+1","floor":3}],"player_experience":1638825,"relics_obtained":[{"floor":0,"key":"Guardian:GemstoneGun"},{"floor":0,"key":"StoneCalendar"},{"floor":0,"key":"Guardian:StasisCodex"},{"floor":0,"key":"Question Card"},{"floor":0,"key":"Bag of Preparation"},{"floor":0,"key":"Frozen Egg 2"},{"floor":0,"key":"Ice Cream"},{"floor":0,"key":"Matryoshka"},{"floor":0,"key":"CeramicFish"},{"floor":3,"key":"Art of War"},{"floor":3,"key":"White Beast Statue"}],"event_choices":[],"is_beta":false,"boss_relics":[],"items_purged_floors":[0],"is_endless":false,"potions_floor_spawned":[],"ascension_level":19}}