{"host":"mruvby243fwgm3bp","time":1609709892,"event":{"mods":["AchievementEnabler","BaseMod","Colored Map","Colored Powertips","Minty Spire (QoL Compilation)","Permanent Neow","Random Character Button","StSLib"],"gold_per_floor":[363,363,382,393,393,393,404,404,429,429,455,455,486,500,500,595,645,664,127,127,42,42,42,75,75,75,94,108,108,127,52,52,155,155,174,174,174,190,100,100,0,0,0,0,19,19,19],"floor_reached":46,"playtime":2144,"items_purged":["Strike_R"],"score":602,"play_id":"5fa22eb3-5d9c-4aad-9242-47307e268cbe","local_time":"20210103133812","is_ascension_mode":true,"campfire_choices":[{"data":"Entrench","floor":6,"key":"SMITH"},{"data":"Uppercut","floor":8,"key":"SMITH"},{"data":"Bash","floor":10,"key":"SMITH"},{"data":"Battle Trance","floor":12,"key":"SMITH"},{"data":"Rampage","floor":15,"key":"SMITH"},{"data":"RitualDagger","floor":23,"key":"SMITH"},{"data":"Chrysalis","floor":25,"key":"SMITH"},{"data":"Infernal Blade","floor":29,"key":"SMITH"},{"floor":32,"key":"REST"},{"data":"Magnetism","floor":40,"key":"SMITH"},{"floor":42,"key":"RECALL"},{"data":"Battle Trance","floor":44,"key":"SMITH"}],"circlet_count":0,"master_deck":["Defend_R+1","Defend_R+1","Defend_R+1","Defend_R+1","Bash+1","Clumsy","Entrench+1","Uppercut+1","Battle Trance+1","Battle Trance+1","Cleave","Rampage+1","Bludgeon","Dropkick","Chrysalis+1","Infernal Blade+1","RitualDagger+1","Reaper","CurseOfTheBell","Panache","Magnetism+1"],"relics":["Burning Blood","Juzu Bracelet","Happy Flower","Darkstone Periapt","Tiny House","Paper Frog","Boot","Eternal Feather","Ancient Tea Set","Pen Nib","Calling Bell","Omamori","Meat on the Bone","Gambling Chip","Red Mask"],"acts_visited":["Exordium","TheCity","TheBeyond"],"potions_floor_usage":[3,13,18,28,30,33,33,33,33,33,45],"damage_taken":[{"damage":5,"enemies":"Small Slimes","floor":1,"turns":4},{"damage":10,"enemies":"Cultist","floor":3,"turns":5},{"damage":7,"enemies":"Jaw Worm","floor":4,"turns":3},{"damage":2,"enemies":"Red Slaver","floor":7,"turns":6},{"damage":24,"enemies":"Gremlin Nob","floor":11,"turns":4},{"damage":22,"enemies":"3 Sentries","floor":13,"turns":7},{"damage":0,"enemies":"Blue Slaver","floor":14,"turns":4},{"damage":7,"enemies":"Hexaghost","floor":16,"turns":8},{"damage":13,"enemies":"3 Byrds","floor":18,"turns":4},{"damage":66,"enemies":"Book of Stabbing","floor":24,"turns":6},{"damage":10,"enemies":"Chosen","floor":27,"turns":6},{"damage":24,"enemies":"Snake Plant","floor":28,"turns":3},{"damage":24,"enemies":"Centurion and Healer","floor":30,"turns":4},{"damage":38,"enemies":"Champ","floor":33,"turns":9},{"damage":25,"enemies":"3 Shapes","floor":35,"turns":3},{"damage":5,"enemies":"Orb Walker","floor":38,"turns":3},{"damage":70,"enemies":"3 Darklings","floor":45,"turns":7},{"damage":67,"enemies":"Reptomancer","floor":46,"turns":3}],"seed_played":"-5288829585155183345","potions_obtained":[{"floor":1,"key":"Fruit Juice"},{"floor":3,"key":"SteroidPotion"},{"floor":7,"key":"Explosive Potion"},{"floor":14,"key":"Explosive Potion"},{"floor":17,"key":"EntropicBrew"},{"floor":18,"key":"DuplicationPotion"},{"floor":27,"key":"BloodPotion"},{"floor":30,"key":"HeartOfIron"},{"floor":38,"key":"Explosive Potion"}],"is_trial":false,"path_per_floor":["M","?","M","M","?","R","M","R","T","R","E","R","E","M","R","B",null,"M","$","?","?","?","R","E","R","T","M","M","R","M","?","R","B",null,"M","?","?","M","?","R","?","R","T","R","M","E"],"character_chosen":"IRONCLAD","items_purchased":["Paper Frog","Chrysalis","Infernal Blade"],"campfire_rested":1,"item_purchase_floors":[19,19,19],"current_hp_per_floor":[73,66,67,66,49,49,53,53,53,53,35,35,19,25,25,24,75,68,68,62,62,62,74,14,26,26,22,22,34,16,16,52,20,79,60,60,55,56,56,68,68,80,80,92,65,0,0],"gold":19,"neow_bonus":"TWO_FIFTY_GOLD","is_daily":false,"chose_seed":false,"campfire_upgraded":10,"win_rate":0.0,"timestamp":1609709892,"path_taken":["M","?","M","M","?","R","M","R","T","R","E","R","E","M","R","BOSS","M","$","?","?","?","R","E","R","T","M","M","R","M","?","R","BOSS","M","?","?","M","?","R","?","R","T","R","M","E"],"items_purchased_type":["Relic","Card","Card"],"build_version":"2020-12-22","purchased_purges":1,"victory":false,"max_hp_per_floor":[80,80,85,85,85,85,85,85,85,85,85,85,85,85,85,85,90,90,90,90,90,90,90,90,90,90,90,90,90,90,90,90,90,96,96,96,96,96,96,96,96,96,96,96,96,96,96],"card_choices":[{"not_picked":["Havoc","Clash"],"picked":"Entrench","floor":1},{"not_picked":["Clash","Bloodletting"],"picked":"Uppercut","floor":3},{"not_picked":["Anger","Armaments"],"picked":"Battle Trance","floor":4},{"not_picked":["Power Through","Thunderclap","Warcry"],"picked":"SKIP","floor":7},{"not_picked":["Perfected Strike","Fiend Fire"],"picked":"Battle Trance","floor":11},{"not_picked":["Carnage","Pommel Strike"],"picked":"Cleave","floor":13},{"not_picked":["Sword Boomerang","Feel No Pain"],"picked":"Rampage","floor":14},{"not_picked":["Exhume","Demon Form"],"picked":"Bludgeon","floor":16},{"not_picked":["True Grit","Flex"],"picked":"Dropkick","floor":17},{"not_picked":["Carnage","Pummel","Pommel Strike"],"picked":"SKIP","floor":18},{"not_picked":["Perfected Strike","Heavy Blade+1","Cleave+1"],"picked":"SKIP","floor":24},{"not_picked":["Wild Strike","Havoc","Blood for Blood"],"picked":"SKIP","floor":27},{"not_picked":["Flex","Thunderclap+1","Reckless Charge"],"picked":"SKIP","floor":28},{"not_picked":["Reckless Charge+1","Perfected Strike+1","Wild Strike"],"picked":"SKIP","floor":30},{"not_picked":["Offering","Brutality"],"picked":"Reaper","floor":33},{"not_picked":["Dark Embrace","Cleave","Perfected Strike+1"],"picked":"SKIP","floor":35},{"not_picked":["Discovery","Mind Blast"],"picked":"Panache","floor":37},{"not_picked":["Secret Technique","Dark Shackles"],"picked":"Magnetism","floor":37},{"not_picked":["Cleave+1","Flex+1","Flame Barrier"],"picked":"SKIP","floor":38},{"not_picked":["Thunderclap","Searing Blow","Flex+1"],"picked":"SKIP","floor":45}],"player_experience":368132,"relics_obtained":[{"floor":9,"key":"Juzu Bracelet"},{"floor":11,"key":"Happy Flower"},{"floor":13,"key":"Darkstone Periapt"},{"floor":24,"key":"Ancient Tea Set"},{"floor":26,"key":"Pen Nib"},{"floor":34,"key":"Omamori"},{"floor":34,"key":"Meat on the Bone"},{"floor":34,"key":"Gambling Chip"}],"event_choices":[{"cards_removed":["Strike_R"],"damage_healed":0,"gold_gain":0,"player_choice":"Card Removal","damage_taken":7,"max_hp_gain":0,"max_hp_loss":0,"event_name":"Golden Wing","floor":2,"gold_loss":0},{"damage_healed":0,"gold_gain":0,"player_choice":"Entered Light","damage_taken":17,"max_hp_gain":0,"max_hp_loss":0,"event_name":"Shining Light","floor":5,"gold_loss":0,"cards_upgraded":["Defend_R","Defend_R"]},{"damage_healed":0,"gold_gain":0,"player_choice":"Joined the Cult","damage_taken":6,"max_hp_gain":0,"max_hp_loss":0,"event_name":"Nest","floor":20,"gold_loss":0,"cards_obtained":["RitualDagger"]},{"damage_healed":0,"gold_gain":0,"player_choice":"Obtained Relic","damage_taken":0,"relics_obtained":["Boot"],"max_hp_gain":0,"max_hp_loss":0,"event_name":"Addict","floor":21,"gold_loss":85},{"damage_healed":0,"gold_gain":0,"player_choice":"Gave Potion","damage_taken":0,"relics_obtained":["Eternal Feather"],"max_hp_gain":0,"max_hp_loss":0,"event_name":"WeMeetAgain","floor":22,"gold_loss":0},{"cards_removed":["Strike_R"],"damage_healed":0,"gold_gain":0,"player_choice":"Gave Gold","damage_taken":0,"max_hp_gain":0,"max_hp_loss":0,"event_name":"Beggar","floor":31,"gold_loss":75},{"cards_removed":["Strike_R"],"damage_healed":0,"gold_gain":0,"player_choice":"Card Removal","damage_taken":0,"max_hp_gain":0,"max_hp_loss":0,"event_name":"Wheel of Change","floor":36,"gold_loss":0},{"damage_healed":0,"gold_gain":0,"player_choice":"Memory 2","damage_taken":5,"max_hp_gain":0,"max_hp_loss":0,"event_name":"SensoryStone","floor":37,"gold_loss":0},{"cards_removed":["Strike_R"],"damage_healed":0,"gold_gain":0,"player_choice":"Upgrade and Remove","damage_taken":0,"max_hp_gain":0,"max_hp_loss":0,"event_name":"Designer","floor":39,"gold_loss":90,"cards_upgraded":["Defend_R"]},{"damage_healed":0,"gold_gain":0,"player_choice":"Paid","damage_taken":0,"relics_obtained":["Red Mask"],"max_hp_gain":0,"max_hp_loss":0,"event_name":"Tomb of Lord Red Mask","floor":41,"gold_loss":100}],"is_beta":false,"boss_relics":[{"not_picked":["Black Blood","Philosopher\u0027s Stone"],"picked":"Tiny House"},{"not_picked":["Coffee Dripper","Fusion Hammer"],"picked":"Calling Bell"}],"items_purged_floors":[19],"is_endless":false,"potions_floor_spawned":[1,3,7,14,18,27,30,38],"killed_by":"Reptomancer","ascension_level":6}}