{"host":"6hzrz31j95f2y1pa","time":1609667675,"event":{"mods":["BaseMod","Colored Map","Downfall","Minty Spire (QoL Compilation)","StSLib"],"gold_per_floor":[99,111,21,121,138,157,180,280,205,216,244,258,286,386,404,404,404,404],"floor_reached":16,"playtime":868,"items_purged":["hexamod:Defend"],"score":215,"play_id":"04d9bfa3-8a48-4684-b7ce-6f66b23ccea3","local_time":"20210103045435","is_ascension_mode":true,"campfire_choices":[{"data":"hexamod:Float","floor":1,"key":"SMITH"},{"data":"hexamod:GhostOfSpirePresent","floor":9,"key":"SMITH"}],"circlet_count":0,"master_deck":["AscendersBane","hexamod:Strike","hexamod:Strike","hexamod:Strike","hexamod:Defend","hexamod:Defend","hexamod:Sear","hexamod:Float+1","hexamod:GhostOfSpirePresent+1","hexamod:ThermalTransfer","hexamod:PhantomCloak","hexamod:SuperheatedStrike+1","hexamod:GhostShield","hexamod:SpectersWail","hexamod:PhantomFireball","hexamod:BurningTouch"],"relics":["hexamod:SpiritBrand","White Beast Statue","downfall:HeartBlessingBlue","Anchor","Singing Bowl"],"acts_visited":["Exordium"],"potions_floor_usage":[11,13,14,16],"damage_taken":[{"damage":1,"enemies":"Jaw Worm","floor":2,"turns":3},{"damage":0,"enemies":"downfall:FleeingMerchant","floor":3,"turns":4},{"damage":1,"enemies":"2 Louse","floor":5,"turns":4},{"damage":3,"enemies":"Cultist","floor":6,"turns":4},{"damage":23,"enemies":"downfall:LadyInBlue","floor":8,"turns":8},{"damage":6,"enemies":"2 Fungi Beasts","floor":10,"turns":4},{"damage":7,"enemies":"Lagavulin","floor":11,"turns":8},{"damage":1,"enemies":"Exordium Wildlife","floor":12,"turns":4},{"damage":6,"enemies":"3 Sentries","floor":13,"turns":7},{"damage":16,"enemies":"downfall:Heads","floor":14,"turns":7},{"damage":0,"enemies":"Red Slaver","floor":15,"turns":2},{"damage":17,"enemies":"downfall:Defect","floor":16,"turns":4}],"seed_played":"6108861887612654641","potions_obtained":[{"floor":2,"key":"PowerPotion"},{"floor":8,"key":"Guardian:BlockOnCardUsePotion"},{"floor":11,"key":"EssenceOfSteel"},{"floor":13,"key":"Swift Potion"},{"floor":15,"key":"BlessingOfTheForge"}],"is_trial":false,"path_per_floor":["R","M","$","?","M","M","T","?","R","M","E","M","E","?","M","B"],"character_chosen":"THE_SPIRIT","items_purchased":[],"campfire_rested":0,"item_purchase_floors":[],"current_hp_per_floor":[63,62,62,62,61,58,58,35,45,39,32,31,27,13,15,0,0,0],"gold":404,"neow_bonus":"TEN_PERCENT_HP_BONUS","is_daily":false,"chose_seed":false,"campfire_upgraded":2,"win_rate":0.0,"timestamp":1609667675,"path_taken":["R","M","$","?","M","M","T","?","R","M","E","?","E","?","M","BOSS"],"items_purchased_type":[],"build_version":"2020-12-22","purchased_purges":1,"victory":false,"max_hp_per_floor":[69,69,69,69,69,69,69,69,79,79,79,79,81,83,85,85,85,85],"card_choices":[{"not_picked":["hexamod:PowerFromBeyond","hexamod:GhostOfSpireFuture"],"picked":"hexamod:GhostOfSpirePresent","floor":2},{"not_picked":["hexamod:ExtraCrispy","hexamod:HexaLevel"],"picked":"hexamod:ThermalTransfer","floor":3},{"not_picked":["hexamod:NightmareGuise","hexamod:GhostLash"],"picked":"hexamod:PhantomCloak","floor":5},{"not_picked":["hexamod:NightmareStrike","hexamod:ExtraCrispy"],"picked":"hexamod:SuperheatedStrike","floor":6},{"not_picked":["hexamod:SkipABeat","hexamod:AdvancingGuard"],"picked":"hexamod:GhostShield","floor":8},{"not_picked":["hexamod:HauntingEcho","hexamod:CrushingStance"],"picked":"hexamod:SpectersWail","floor":10},{"not_picked":["hexamod:Rewind","hexamod:NecessarySacrifice"],"picked":"hexamod:PhantomFireball","floor":11},{"not_picked":["hexamod:SpectersWail","hexamod:SuperheatedStrike","hexamod:PhantomFireball"],"picked":"SKIP","floor":12},{"not_picked":["hexamod:NightmareStrike","hexamod:Hexaguard","hexamod:StepThrough"],"picked":"Singing Bowl","floor":13},{"not_picked":["hexamod:GhostLash","hexamod:EmpoweredFlame","hexamod:AdvancingGuard"],"picked":"Singing Bowl","floor":14},{"not_picked":["hexamod:HauntingEcho","hexamod:GhostOfSpirePast","hexamod:DynamicBlow"],"picked":"Singing Bowl","floor":15}],"player_experience":1277769,"relics_obtained":[{"floor":8,"key":"White Beast Statue"},{"floor":11,"key":"Anchor"},{"floor":13,"key":"Singing Bowl"}],"event_choices":[],"is_beta":false,"boss_relics":[],"items_purged_floors":[3],"is_endless":false,"potions_floor_spawned":[2,10,11,12,13,15],"killed_by":"downfall:Defect","ascension_level":14}}