{"host":"ga4s3hj9m6nkn6gp","time":1609706772,"event":{"mods":["BaseMod","Colored Powertips","Minty Spire (QoL Compilation)","Relic Stats"],"gold_per_floor":[112,122,122,137,153,153,187,187,187,219,219,231,231,120,120,194,194,207,227,19,69,69,69,69],"floor_reached":23,"playtime":1205,"items_purged":[],"score":398,"play_id":"96a8e0c0-5d94-4a08-a72d-447d86126049","local_time":"20210103214612","is_ascension_mode":true,"campfire_choices":[{"data":"Finisher","floor":6.0,"key":"SMITH"},{"data":"Flying Knee","floor":8.0,"key":"SMITH"},{"floor":13.0,"key":"REST"},{"floor":15.0,"key":"REST"}],"circlet_count":0,"master_deck":["AscendersBane","Strike_G","Strike_G","Strike_G","Strike_G","Defend_G","Defend_G","Defend_G","Defend_G","Defend_G","Survivor","Neutralize","Dash","Flying Knee+1","Malaise","Finisher+1","Riddle With Holes","Cloak And Dagger","Noxious Fumes","Wraith Form v2","Terror","Deadly Poison+1","Sadistic Nature"],"relics":["Ring of the Snake","Ancient Tea Set","Boot","Snake Skull","Singing Bowl","Art of War","Philosopher\u0027s Stone"],"acts_visited":["Exordium","TheCity"],"potions_floor_usage":[23],"damage_taken":[{"damage":6.0,"enemies":"Jaw Worm","floor":1.0,"turns":6.0},{"damage":1.0,"enemies":"Cultist","floor":2.0,"turns":4.0},{"damage":3.0,"enemies":"2 Louse","floor":4.0,"turns":3.0},{"damage":3.0,"enemies":"Blue Slaver","floor":5.0,"turns":3.0},{"damage":15.0,"enemies":"Gremlin Nob","floor":7.0,"turns":4.0},{"damage":12.0,"enemies":"3 Sentries","floor":10.0,"turns":6.0},{"damage":0.0,"enemies":"Lots of Slimes","floor":12.0,"turns":4.0},{"damage":51.0,"enemies":"Slime Boss","floor":16.0,"turns":11.0},{"damage":20.0,"enemies":"Spheric Guardian","floor":18.0,"turns":4.0},{"damage":0.0,"enemies":"Shell Parasite","floor":19.0,"turns":1.0},{"damage":31,"enemies":"Slavers","floor":23,"turns":2}],"seed_played":"-136284670575856756","potions_obtained":[{"floor":1.0,"key":"Energy Potion"},{"floor":5.0,"key":"Fire Potion"},{"floor":7.0,"key":"LiquidBronze"},{"floor":18.0,"key":"EntropicBrew"}],"is_trial":false,"path_per_floor":["M","M","?","M","M","R","E","R","T","E","?","M","R","$","R","B",null,"M","M","$","?","?","E"],"character_chosen":"THE_SILENT","items_purchased":["FairyPotion","Sadistic Nature"],"campfire_rested":2,"item_purchase_floors":[14,20],"current_hp_per_floor":[53,52,52,49,46,46,31,31,31,19,1,1,20,20,39,7,51,31,31,31,31,31,0,0],"gold":69,"neow_bonus":"RANDOM_COMMON_RELIC","is_daily":false,"chose_seed":false,"campfire_upgraded":2,"win_rate":0.0,"timestamp":1609706772,"path_taken":["M","M","?","M","?","R","E","R","T","E","?","M","R","?","R","BOSS","M","?","$","?","?","E"],"items_purchased_type":["Potion","Card"],"build_version":"2020-12-22","purchased_purges":0,"victory":false,"max_hp_per_floor":[66,66,66,66,66,66,66,66,66,66,66,66,66,66,66,66,66,66,66,66,66,66,66,66],"relic_stats":{"Singing Bowl":0,"counters":[11,48],"Snake Skull":[28],"Art of War":[1],"Boot":[66],"obtain_stats":[{"Singing Bowl":10,"Philosopher\u0027s Stone":17,"Snake Skull":9,"Art of War":11,"Ancient Tea Set":0,"Boot":7,"Ring of the Snake":0},{"Singing Bowl":6,"Philosopher\u0027s Stone":8,"Snake Skull":5,"Art of War":6,"Ancient Tea Set":0,"Boot":5,"Ring of the Snake":0},{"Singing Bowl":26,"Philosopher\u0027s Stone":41,"Snake Skull":20,"Art of War":26,"Ancient Tea Set":0,"Boot":20,"Ring of the Snake":0}],"Ring of the Snake":[22]},"card_choices":[{"not_picked":["Prepared","Dodge and Roll"],"picked":"Dash","floor":1.0},{"not_picked":["Underhanded Strike","PiercingWail"],"picked":"Flying Knee","floor":2.0},{"not_picked":["Dodge and Roll","Choke"],"picked":"Finisher","floor":4.0},{"not_picked":["Outmaneuver","Prepared"],"picked":"Riddle With Holes","floor":5.0},{"not_picked":["Sucker Punch","Deadly Poison","Bane"],"picked":"SKIP","floor":7.0},{"not_picked":["Calculated Gamble","Dagger Spray"],"picked":"Cloak And Dagger","floor":10.0},{"not_picked":["Acrobatics","Underhanded Strike"],"picked":"Noxious Fumes","floor":12.0},{"not_picked":["Corpse Explosion","A Thousand Cuts"],"picked":"Wraith Form v2","floor":16.0},{"not_picked":["Distraction","Finisher"],"picked":"Terror","floor":18.0},{"not_picked":["Acrobatics","Eviscerate"],"picked":"Deadly Poison+1","floor":19.0}],"player_experience":559730,"relics_obtained":[{"floor":7.0,"key":"Boot"},{"floor":9.0,"key":"Snake Skull"},{"floor":10.0,"key":"Singing Bowl"}],"event_choices":[{"damage_healed":0.0,"max_hp_gain":0.0,"max_hp_loss":0.0,"gold_gain":0.0,"cards_transformed":["Strike_G"],"event_name":"Transmorgrifier","player_choice":"Transformed","floor":3.0,"gold_loss":0.0,"damage_taken":0.0,"cards_obtained":["Malaise"]},{"damage_healed":0.0,"max_hp_gain":0.0,"max_hp_loss":0.0,"gold_gain":0.0,"event_name":"Scrap Ooze","player_choice":"Success","floor":11.0,"gold_loss":0.0,"damage_taken":18.0,"relics_obtained":["Art of War"]},{"damage_healed":0.0,"max_hp_gain":0.0,"max_hp_loss":0.0,"gold_gain":50.0,"event_name":"Nest","player_choice":"Stole From Cult","floor":21.0,"gold_loss":0.0,"damage_taken":0.0},{"damage_healed":0.0,"max_hp_gain":0.0,"max_hp_loss":0.0,"gold_gain":0.0,"event_name":"Match and Keep!","player_choice":"0 cards matched","floor":22.0,"gold_loss":0.0,"damage_taken":0.0,"cards_obtained":[]}],"is_beta":false,"boss_relics":[{"not_picked":["SacredBark","Runic Dome"],"picked":"Philosopher\u0027s Stone"}],"items_purged_floors":[],"is_endless":false,"potions_floor_spawned":[1,5,7,18],"killed_by":"Slavers","ascension_level":20}}