{"host":"aeidq2c3auzxo1yh","time":1609697271,"event":{"mods":["AchievementEnabler","BaseMod","Colored Map","Colored Powertips","Minty Spire (QoL Compilation)","Relic Stats","StSLib"],"gold_per_floor":[114,114,114,114,128,163,177,220,220,27,27,46,64,88,88,88,88],"floor_reached":16,"playtime":960,"items_purged":["Pain"],"score":274,"play_id":"50a76b37-260f-46b1-83b6-8de36caeb7dd","local_time":"20210103230751","is_ascension_mode":true,"campfire_choices":[{"data":"Well Laid Plans","floor":11,"key":"SMITH"},{"floor":15,"key":"REST"}],"circlet_count":0,"master_deck":["AscendersBane","Strike_G","Strike_G","Strike_G","Strike_G","Defend_G","Defend_G","Defend_G","Defend_G","Defend_G","Survivor","Neutralize","Riddle With Holes","Dagger Spray","Dodge and Roll","Deadly Poison","Dash","Well Laid Plans+1","Poisoned Stab","Catalyst","Leg Sweep"],"relics":["Ring of the Snake","NeowsBlessing","Golden Idol","WarpedTongs","Ice Cream","Question Card"],"acts_visited":["Exordium"],"potions_floor_usage":[8,8,16],"damage_taken":[{"damage":0,"enemies":"Cultist","floor":1,"turns":1},{"damage":0,"enemies":"Small Slimes","floor":5,"turns":1},{"damage":0,"enemies":"Lagavulin","floor":6,"turns":1},{"damage":1,"enemies":"2 Louse","floor":7,"turns":4},{"damage":14,"enemies":"3 Sentries","floor":8,"turns":11},{"damage":1,"enemies":"Red Slaver","floor":12,"turns":5},{"damage":9,"enemies":"Blue Slaver","floor":13,"turns":3},{"damage":8,"enemies":"Lots of Slimes","floor":14,"turns":5},{"damage":44,"enemies":"Slime Boss","floor":16,"turns":8}],"seed_played":"2272022466628788275","potions_obtained":[{"floor":5,"key":"EssenceOfSteel"},{"floor":6,"key":"LiquidMemories"},{"floor":12,"key":"Poison Potion"}],"is_trial":false,"path_per_floor":["M","?","?","?","M","E","M","E","T","$","R","M","M","M","R","B"],"character_chosen":"THE_SILENT","items_purchased":["Dash","Well Laid Plans"],"campfire_rested":1,"item_purchase_floors":[10,10],"current_hp_per_floor":[59,59,52,52,52,52,51,37,37,37,37,36,27,19,37,0,0],"gold":88,"neow_bonus":"THREE_ENEMY_KILL","is_daily":false,"chose_seed":false,"campfire_upgraded":1,"win_rate":0.0,"timestamp":1609697271,"path_taken":["M","?","?","?","M","E","M","E","T","$","R","M","?","M","R","BOSS"],"items_purchased_type":["Card","Card"],"build_version":"2020-12-22","purchased_purges":1,"victory":false,"max_hp_per_floor":[66,60,60,60,60,60,60,60,60,60,60,60,60,60,60,60,60],"relic_stats":{"counters":[9,39],"Golden Idol":35,"Question Card":3,"obtain_stats":[{"Ice Cream":6,"NeowsBlessing":0,"Golden Idol":2,"Question Card":8,"Ring of the Snake":0,"WarpedTongs":4},{"Ice Cream":3,"NeowsBlessing":0,"Golden Idol":1,"Question Card":5,"Ring of the Snake":0,"WarpedTongs":1},{"Ice Cream":3,"NeowsBlessing":0,"Golden Idol":1,"Question Card":18,"Ring of the Snake":0,"WarpedTongs":1}],"Ring of the Snake":[18],"WarpedTongs":[38]},"card_choices":[{"not_picked":["Flying Knee","Quick Slash"],"picked":"Riddle With Holes","floor":1},{"not_picked":["Sucker Punch","Setup"],"picked":"Dagger Spray","floor":5},{"not_picked":["Finisher","Quick Slash"],"picked":"Dodge and Roll","floor":6},{"not_picked":["Slice","Concentrate","Tactician"],"picked":"SKIP","floor":7},{"not_picked":["Masterful Stab","Choke"],"picked":"Deadly Poison","floor":8},{"not_picked":["Underhanded Strike","Prepared","Quick Slash"],"picked":"Poisoned Stab","floor":12},{"not_picked":["PiercingWail","Cloak And Dagger","Dodge and Roll"],"picked":"Catalyst","floor":13},{"not_picked":["Slice","Distraction","Masterful Stab"],"picked":"Leg Sweep","floor":14}],"player_experience":880959,"relics_obtained":[{"floor":6,"key":"Ice Cream"},{"floor":8,"key":"Question Card"}],"event_choices":[{"damage_healed":0,"gold_gain":0,"player_choice":"Lose Max HP","damage_taken":0,"relics_obtained":["Golden Idol"],"max_hp_gain":0,"max_hp_loss":6,"event_name":"Golden Idol","floor":2,"gold_loss":0},{"cards_removed":["Strike_G"],"damage_healed":0,"gold_gain":0,"player_choice":"Card Removal","damage_taken":7,"max_hp_gain":0,"max_hp_loss":0,"event_name":"Golden Wing","floor":3,"gold_loss":0},{"damage_healed":0,"gold_gain":0,"player_choice":"Rummage","damage_taken":0,"relics_obtained":["WarpedTongs"],"max_hp_gain":0,"max_hp_loss":0,"event_name":"Accursed Blacksmith","floor":4,"gold_loss":0,"cards_obtained":["Pain"]}],"is_beta":false,"boss_relics":[],"items_purged_floors":[10],"is_endless":false,"potions_floor_spawned":[5,6,12],"killed_by":"Slime Boss","ascension_level":20}}