{"host":"x3lqeik2a5qeoft8","time":1609638346,"event":{"mods":["AchievementEnabler","BaseMod","Minty Spire (QoL Compilation)","SuperFastMode"],"gold_per_floor":[109,123,143,18,28,60,60,88,100,123,149,161,173,205,217,325,337,360,389,412,424,453,490,517,563,575,598,623,635,660,683,695,809,821,845,163,173,173,190,190,205,232,232,232,232,232,31,58,58,58,58,58,17,47,47,47],"floor_reached":55,"playtime":2848,"items_purged":["Strike_G","Strike_G","Strike_G"],"score":859,"play_id":"11a77082-88be-42eb-b6b6-fdf4cb77c9df","local_time":"20210103024546","is_ascension_mode":true,"campfire_choices":[{"floor":7,"key":"REST"},{"floor":12,"key":"RECALL"},{"data":"Infinite Blades","floor":15,"key":"SMITH"},{"floor":29,"key":"REST"},{"floor":32,"key":"REST"},{"floor":40,"key":"REST"},{"floor":44,"key":"REST"},{"floor":46,"key":"REST"},{"floor":49,"key":"REST"},{"floor":52,"key":"REST"}],"circlet_count":0,"master_deck":["Strike_G","Strike_G","Defend_G","Defend_G","Defend_G","Defend_G","Defend_G","Survivor","Neutralize","Backstab","Infinite Blades+1","Cloak And Dagger","Blade Dance","Footwork","Cloak And Dagger","Infinite Blades","Burst","Blur","Dodge and Roll+1","A Thousand Cuts","Dodge and Roll+1","Quick Slash","Dodge and Roll+1","Backflip","Envenom","After Image","Infinite Blades","Cloak And Dagger","Crippling Poison+1","Parasite","Expertise+1","Master of Strategy","Flying Knee","Dagger Throw","Acrobatics+1"],"relics":["WristBlade","Ninja Scroll","MawBank","Fusion Hammer","Bottled Lightning","Anchor","Bottled Flame","Shuriken","Ornamental Fan","Lantern","The Courier","Bag of Marbles","Snake Skull"],"acts_visited":["Exordium","TheCity","TheBeyond","TheEnding"],"potions_floor_usage":[20,20,23,23,31,33,33,33,50,50,50,50,50,54,54],"damage_taken":[{"damage":0,"enemies":"Jaw Worm","floor":1,"turns":3},{"damage":1,"enemies":"Cultist","floor":2,"turns":3},{"damage":0,"enemies":"2 Louse","floor":3,"turns":2},{"damage":9,"enemies":"2 Fungi Beasts","floor":5,"turns":3},{"damage":11,"enemies":"Gremlin Nob","floor":6,"turns":3},{"damage":9,"enemies":"3 Sentries","floor":8,"turns":6},{"damage":3,"enemies":"Blue Slaver","floor":10,"turns":2},{"damage":0,"enemies":"Exordium Thugs","floor":11,"turns":3},{"damage":0,"enemies":"2 Fungi Beasts","floor":14,"turns":1},{"damage":25,"enemies":"Hexaghost","floor":16,"turns":8},{"damage":5,"enemies":"Shell Parasite","floor":18,"turns":2},{"damage":1,"enemies":"Chosen","floor":19,"turns":2},{"damage":0,"enemies":"Snake Plant","floor":20,"turns":4},{"damage":5,"enemies":"Snecko","floor":22,"turns":3},{"damage":9,"enemies":"Book of Stabbing","floor":23,"turns":4},{"damage":4,"enemies":"Centurion and Healer","floor":24,"turns":5},{"damage":18,"enemies":"Gremlin Leader","floor":25,"turns":5},{"damage":0,"enemies":"Shelled Parasite and Fungi","floor":27,"turns":4},{"damage":0,"enemies":"Cultist and Chosen","floor":28,"turns":4},{"damage":24,"enemies":"Snake Plant","floor":30,"turns":6},{"damage":0,"enemies":"Snecko","floor":31,"turns":3},{"damage":35,"enemies":"Automaton","floor":33,"turns":8},{"damage":30,"enemies":"3 Darklings","floor":35,"turns":8},{"damage":4,"enemies":"3 Shapes","floor":37,"turns":3},{"damage":20,"enemies":"Writhing Mass","floor":39,"turns":7},{"damage":26,"enemies":"Jaw Worm Horde","floor":41,"turns":6},{"damage":25,"enemies":"Nemesis","floor":42,"turns":7},{"damage":25,"enemies":"Reptomancer","floor":48,"turns":6},{"damage":32,"enemies":"Time Eater","floor":50,"turns":9},{"damage":67,"enemies":"Shield and Spear","floor":54,"turns":7},{"damage":9,"enemies":"The Heart","floor":55,"turns":2}],"seed_played":"-872791716543500766","potions_obtained":[{"floor":3,"key":"BlessingOfTheForge"},{"floor":5,"key":"GhostInAJar"},{"floor":8,"key":"SkillPotion"},{"floor":22,"key":"BlessingOfTheForge"},{"floor":24,"key":"GamblersBrew"},{"floor":25,"key":"CultistPotion"},{"floor":28,"key":"PowerPotion"},{"floor":31,"key":"FairyPotion"},{"floor":33,"key":"Fruit Juice"},{"floor":41,"key":"Ancient Potion"},{"floor":42,"key":"BlessingOfTheForge"}],"is_trial":false,"path_per_floor":["M","M","M","$","M","E","R","E","T","M","M","R","?","M","R","B",null,"M","M","M","$","M","E","M","E","T","M","M","R","M","M","R","B",null,"M","$","M","?","M","R","M","E","T","R","?","R","$","E","R","B",null,"R","$","E","B"],"character_chosen":"THE_SILENT","items_purchased":["Cloak And Dagger","Shuriken","Ornamental Fan","Infinite Blades","Cloak And Dagger","EntropicBrew","Flying Knee","Strength Potion"],"campfire_rested":8,"item_purchase_floors":[4,36,36,36,36,47,47,53],"current_hp_per_floor":[70,69,69,69,60,49,70,61,61,58,58,58,58,58,58,33,70,65,64,64,64,59,50,46,28,28,28,28,49,25,25,46,16,75,45,45,41,41,21,43,17,22,22,44,44,66,66,41,63,31,75,75,75,8,0,0],"gold":47,"neow_bonus":"BOSS_RELIC","is_daily":false,"chose_seed":false,"campfire_upgraded":1,"win_rate":0.0,"timestamp":1609638346,"path_taken":["M","M","M","$","M","E","R","E","T","M","M","R","?","M","R","BOSS","M","M","M","?","M","E","M","E","T","M","M","R","M","M","R","BOSS","M","$","M","?","M","R","M","E","T","R","?","R","$","E","R","BOSS","R","$","E","BOSS"],"items_purchased_type":["Card","Relic","Relic","Card","Card","Potion","Card","Potion"],"build_version":"2020-12-22","purchased_purges":3,"victory":false,"max_hp_per_floor":[70,70,70,70,70,70,70,70,70,70,70,70,70,70,70,70,70,70,70,70,70,70,70,70,70,70,70,70,70,70,70,70,75,75,75,75,75,75,75,75,75,75,75,75,75,75,75,75,75,75,75,75,75,75,75,75],"card_choices":[{"not_picked":["Slice","Underhanded Strike"],"picked":"Backstab","floor":1},{"not_picked":["Riddle With Holes","Calculated Gamble"],"picked":"Infinite Blades","floor":2},{"not_picked":["Noxious Fumes","Caltrops"],"picked":"Dagger Throw","floor":3},{"not_picked":["Backstab","Well Laid Plans"],"picked":"Blade Dance","floor":5},{"not_picked":["Quick Slash","Prepared"],"picked":"Footwork","floor":6},{"not_picked":["Tactician","Expertise","Acrobatics"],"picked":"SKIP","floor":8},{"not_picked":["Underhanded Strike","Heel Hook"],"picked":"Cloak And Dagger","floor":10},{"not_picked":["Backflip","Slice"],"picked":"Infinite Blades","floor":11},{"not_picked":["Flechettes","Underhanded Strike","Outmaneuver"],"picked":"SKIP","floor":14},{"not_picked":["Bullet Time","Venomology"],"picked":"Burst","floor":16},{"not_picked":["Flying Knee","Deadly Poison"],"picked":"Blur","floor":18},{"not_picked":["Bane","Sucker Punch","Dodge and Roll"],"picked":"SKIP","floor":19},{"not_picked":["Catalyst","Flying Knee"],"picked":"Dodge and Roll+1","floor":20},{"not_picked":["Infinite Blades+1","Bane"],"picked":"A Thousand Cuts","floor":22},{"not_picked":["Well Laid Plans","Prepared"],"picked":"Dodge and Roll+1","floor":23},{"not_picked":["Caltrops+1","Riddle With Holes+1"],"picked":"Quick Slash","floor":24},{"not_picked":["Predator","Flechettes","Escape Plan+1"],"picked":"SKIP","floor":25},{"not_picked":["Acrobatics","Outmaneuver","Well Laid Plans"],"picked":"SKIP","floor":27},{"not_picked":["Sucker Punch","Poisoned Stab"],"picked":"Dodge and Roll+1","floor":28},{"not_picked":["Quick Slash","Underhanded Strike"],"picked":"Backflip","floor":30},{"not_picked":["Reflex","Bane"],"picked":"Envenom","floor":31},{"not_picked":["Bullet Time","Phantasmal Killer"],"picked":"After Image","floor":33},{"not_picked":["Bouncing Flask+1","Dodge and Roll+1","Poisoned Stab+1"],"picked":"SKIP","floor":35},{"not_picked":["Dagger Throw","Endless Agony+1"],"picked":"Crippling Poison+1","floor":37},{"not_picked":["Deflect","Poisoned Stab","Terror"],"picked":"SKIP","floor":39},{"not_picked":["Flying Knee","Acrobatics+1","Outmaneuver"],"picked":"SKIP","floor":41},{"not_picked":["Outmaneuver+1","Bullet Time"],"picked":"Expertise+1","floor":42},{"not_picked":["Forethought","Deep Breath"],"picked":"Master of Strategy","floor":45},{"not_picked":["Slice","Dodge and Roll+1"],"picked":"Dagger Throw","floor":48},{"not_picked":["Choke+1","Leg Sweep"],"picked":"Acrobatics+1","floor":54}],"player_experience":93666,"relics_obtained":[{"floor":6,"key":"Ninja Scroll"},{"floor":8,"key":"MawBank"},{"floor":23,"key":"Bottled Lightning"},{"floor":25,"key":"Anchor"},{"floor":26,"key":"Bottled Flame"},{"floor":42,"key":"Lantern"},{"floor":43,"key":"The Courier"},{"floor":48,"key":"Bag of Marbles"},{"floor":54,"key":"Snake Skull"}],"event_choices":[{"damage_healed":0,"gold_gain":0,"player_choice":"Got Potions","damage_taken":0,"max_hp_gain":0,"max_hp_loss":0,"event_name":"Lab","floor":13,"gold_loss":0},{"cards_removed":["Dagger Throw"],"damage_healed":0,"gold_gain":0,"player_choice":"Removed Attack","damage_taken":0,"max_hp_gain":0,"max_hp_loss":0,"event_name":"Falling","floor":38,"gold_loss":0},{"damage_healed":0,"gold_gain":0,"player_choice":"Memory 1","damage_taken":0,"max_hp_gain":0,"max_hp_loss":0,"event_name":"SensoryStone","floor":45,"gold_loss":0}],"is_beta":false,"boss_relics":[{"not_picked":["Philosopher\u0027s Stone","SacredBark"],"picked":"Fusion Hammer"},{"not_picked":["Busted Crown","Cursed Key","Runic Dome"]}],"items_purged_floors":[4,36,47],"is_endless":false,"potions_floor_spawned":[3,5,8,11,14,22,24,25,28,31,33,41,42],"killed_by":"The Heart","ascension_level":2}}