{"host":"29nokk5suv5vtcrv","time":1609699868,"event":{"mods":["BaseMod","Minty Spire (QoL Compilation)","Slay-I"],"gold_per_floor":[109,109,126,126,126,162,177,193,193,208,208,221,240,259,259,259,259],"floor_reached":16,"playtime":549,"items_purged":[],"score":190,"play_id":"6faf8e39-8c59-469f-85f6-f39a8980d02e","local_time":"20210103195108","is_ascension_mode":true,"campfire_choices":[{"floor":11,"key":"REST"},{"data":"Barricade","floor":15,"key":"SMITH"}],"circlet_count":0,"master_deck":["Strike_R","Strike_R","Strike_R","Strike_R","Strike_R","Defend_R","Defend_R","Defend_R","Defend_R","Bash","Fire Breathing","Feed","Body Slam","Barricade+1"],"relics":["Burning Blood","NeowsBlessing","Golden Idol","GremlinMask","Shovel","HornCleat"],"acts_visited":["Exordium"],"potions_floor_usage":[10,12,14],"damage_taken":[{"damage":0,"enemies":"Jaw Worm","floor":1,"turns":1},{"damage":0,"enemies":"2 Louse","floor":3,"turns":1},{"damage":0,"enemies":"Gremlin Nob","floor":6,"turns":1},{"damage":6,"enemies":"Cultist","floor":7,"turns":4},{"damage":21,"enemies":"Looter","floor":8,"turns":4},{"damage":28,"enemies":"Red Slaver","floor":10,"turns":7},{"damage":28,"enemies":"Exordium Thugs","floor":12,"turns":6},{"damage":6,"enemies":"2 Fungi Beasts","floor":13,"turns":5},{"damage":16,"enemies":"Blue Slaver","floor":14,"turns":4},{"damage":28,"enemies":"Hexaghost","floor":16,"turns":9}],"seed_played":"-6926734421292089005","potions_obtained":[{"floor":1,"key":"PowerPotion"},{"floor":8,"key":"ColorlessPotion"},{"floor":12,"key":"FearPotion"},{"floor":14,"key":"Ancient Potion"}],"is_trial":false,"path_per_floor":["M","?","M","?","?","E","M","M","T","M","R","M","M","M","R","B"],"character_chosen":"IRONCLAD","items_purchased":[],"campfire_rested":1,"item_purchase_floors":[],"current_hp_per_floor":[78,78,80,60,60,66,66,54,54,32,56,34,37,27,27,0,0],"gold":259,"neow_bonus":"THREE_ENEMY_KILL","is_daily":false,"chose_seed":false,"campfire_upgraded":1,"win_rate":0.0,"timestamp":1609699868,"path_taken":["M","?","M","?","?","E","M","M","T","?","R","M","M","M","R","BOSS"],"items_purchased_type":[],"build_version":"2020-12-22","purchased_purges":0,"victory":false,"max_hp_per_floor":[80,80,80,80,80,80,80,83,83,83,83,83,86,86,86,86,86],"card_choices":[{"not_picked":["Heavy Blade","Havoc","Searing Blow"],"picked":"SKIP","floor":1},{"not_picked":["Second Wind","Carnage"],"picked":"Fire Breathing","floor":3},{"not_picked":["Inflame","Uppercut"],"picked":"Feed","floor":6},{"not_picked":["Armaments","Sword Boomerang","Dual Wield"],"picked":"SKIP","floor":7},{"not_picked":["Havoc","Burning Pact","True Grit"],"picked":"SKIP","floor":8},{"not_picked":["Sword Boomerang","Anger"],"picked":"Body Slam","floor":10},{"not_picked":["Bloodletting","Whirlwind","Body Slam"],"picked":"SKIP","floor":12},{"not_picked":["Headbutt","Reckless Charge"],"picked":"Barricade","floor":13},{"not_picked":["Sword Boomerang","Spot Weakness","Power Through"],"picked":"SKIP","floor":14}],"player_experience":850368,"relics_obtained":[{"floor":6,"key":"Shovel"},{"floor":9,"key":"HornCleat"}],"event_choices":[{"damage_healed":0,"gold_gain":0,"player_choice":"Ignored","damage_taken":0,"max_hp_gain":0,"max_hp_loss":0,"event_name":"Liars Game","floor":2,"gold_loss":0},{"damage_healed":0,"gold_gain":0,"player_choice":"Take Damage","damage_taken":20,"relics_obtained":["Golden Idol"],"max_hp_gain":0,"max_hp_loss":0,"event_name":"Golden Idol","floor":4,"gold_loss":0},{"damage_healed":0,"gold_gain":0,"player_choice":"Trade","damage_taken":0,"relics_obtained":["GremlinMask"],"max_hp_gain":0,"max_hp_loss":0,"event_name":"FaceTrader","floor":5,"gold_loss":0}],"is_beta":false,"boss_relics":[],"items_purged_floors":[],"is_endless":false,"potions_floor_spawned":[1,8,12,14],"killed_by":"Hexaghost","ascension_level":9}}