{"host":"3qkmyeoym75lj4wn","time":1609678232,"event":{"mods":["2.2 Compatiblity","BaseMod","Block Reminder","Colored Powertips","Highlight Path","Minty Spire (QoL Compilation)","Permanent Neow","Potion Indicator Mod","Rare Cards Sparkle","Relic Stats","StSLib"],"gold_per_floor":[219,26,76,91,102,102,102,102],"floor_reached":7,"playtime":197,"items_purged":[],"score":82,"play_id":"0c857f91-1b09-4c58-95f7-d4fe4d2e4f6d","local_time":"20210103125032","is_ascension_mode":true,"campfire_choices":[{"data":"Bouncing Flask","floor":6,"key":"SMITH"}],"circlet_count":0,"master_deck":["AscendersBane","Strike_G","Strike_G","Strike_G","Strike_G","Strike_G","Defend_G","Defend_G","Defend_G","Defend_G","Defend_G","Survivor","Neutralize","Cloak And Dagger","Blade Dance","Bouncing Flask+1"],"relics":["Ring of the Snake","Membership Card"],"acts_visited":["Exordium"],"potions_floor_usage":[7,7],"damage_taken":[{"damage":1,"enemies":"Small Slimes","floor":1,"turns":5},{"damage":0,"enemies":"Cultist","floor":4,"turns":4},{"damage":0,"enemies":"2 Louse","floor":5,"turns":4},{"damage":10,"enemies":"Gremlin Nob","floor":7,"turns":3}],"seed_played":"-808254620514385056","potions_obtained":[{"floor":1,"key":"AttackPotion"},{"floor":4,"key":"LiquidMemories"}],"is_trial":false,"path_per_floor":["M","$","?","M","M","R","E"],"character_chosen":"THE_SILENT","items_purchased":["Membership Card","PowerPotion"],"campfire_rested":0,"item_purchase_floors":[2,2],"current_hp_per_floor":[58,58,58,58,58,58,48,48],"gold":102,"neow_bonus":"HUNDRED_GOLD","is_daily":false,"chose_seed":false,"campfire_upgraded":1,"win_rate":0.0,"timestamp":1609678232,"path_taken":["M","$","?","M","M","R","E"],"items_purchased_type":["Relic","Potion"],"build_version":"2020-12-22","purchased_purges":0,"victory":false,"max_hp_per_floor":[66,66,66,66,66,66,66,66],"relic_stats":{"counters":[4,16],"obtain_stats":[{"Membership Card":2,"Ring of the Snake":0},{"Membership Card":1,"Ring of the Snake":0},{"Membership Card":5,"Ring of the Snake":0}],"Ring of the Snake":[8]},"card_choices":[{"not_picked":["Choke","Dagger Throw"],"picked":"Cloak And Dagger","floor":1},{"not_picked":["Dagger Spray","Skewer"],"picked":"Blade Dance","floor":4},{"not_picked":["Caltrops","Dodge and Roll"],"picked":"Bouncing Flask","floor":5}],"player_experience":1644803,"relics_obtained":[],"event_choices":[{"damage_healed":0,"gold_gain":50,"player_choice":"Pray","damage_taken":0,"max_hp_gain":0,"max_hp_loss":0,"event_name":"Golden Shrine","floor":3,"gold_loss":0}],"is_beta":false,"boss_relics":[],"items_purged_floors":[],"is_endless":false,"potions_floor_spawned":[1,4],"killed_by":"Gremlin Nob","ascension_level":20}}