{"host":"ta9mufxydm4vkknf","time":1609704417,"event":{"mods":["AchievementEnabler","BaseMod","Minty Spire (QoL Compilation)"],"gold_per_floor":[109,34,134,146,228,256,267,302,371,371,403,419,419,454,454,454,454],"floor_reached":16,"playtime":590,"items_purged":["Strike_B"],"score":154,"play_id":"85b75d93-17f0-4700-91d6-176fe40fcbdb","local_time":"20210103210657","is_ascension_mode":true,"campfire_choices":[{"floor":15,"key":"REST"}],"circlet_count":0,"master_deck":["Strike_B","Strike_B","Strike_B","Defend_B","Defend_B","Defend_B","Zap","Dualcast","Ball Lightning","Ball Lightning","Self Repair","Chaos","Sweeping Beam","Auto Shields","Chill"],"relics":["Snecko Eye","Tiny Chest","Pen Nib","Cables","Matryoshka","Bird Faced Urn"],"acts_visited":["Exordium"],"potions_floor_usage":[6,8,11],"damage_taken":[{"damage":8,"enemies":"Jaw Worm","floor":1,"turns":5},{"damage":0,"enemies":"Cultist","floor":4,"turns":3},{"damage":8,"enemies":"Gremlin Nob","floor":6,"turns":3},{"damage":12,"enemies":"2 Louse","floor":7,"turns":3},{"damage":19,"enemies":"Lagavulin","floor":8,"turns":4},{"damage":30,"enemies":"3 Sentries","floor":11,"turns":5},{"damage":0,"enemies":"2 Fungi Beasts","floor":12,"turns":2},{"damage":16,"enemies":"Gremlin Nob","floor":14,"turns":3},{"damage":32,"enemies":"The Guardian","floor":16,"turns":2}],"seed_played":"-7811421870264444355","potions_obtained":[{"floor":1,"key":"AttackPotion"},{"floor":6,"key":"Swift Potion"},{"floor":8,"key":"Fruit Juice"},{"floor":11,"key":"FocusPotion"}],"is_trial":false,"path_per_floor":["M","$","?","M","T","E","M","E","T","?","E","M","?","E","R","B"],"character_chosen":"DEFECT","items_purchased":[],"campfire_rested":1,"item_purchase_floors":[],"current_hp_per_floor":[67,67,67,67,67,59,54,47,47,47,24,31,24,8,32,0,0],"gold":454,"neow_bonus":"BOSS_RELIC","is_daily":false,"chose_seed":false,"campfire_upgraded":0,"win_rate":0.0,"timestamp":1609704417,"path_taken":["M","$","?","?","?","E","M","E","T","?","E","M","?","E","R","BOSS"],"items_purchased_type":[],"build_version":"2020-12-22","purchased_purges":1,"victory":false,"max_hp_per_floor":[75,75,75,75,75,75,75,80,80,80,80,80,80,80,80,80,80],"card_choices":[{"not_picked":["Cold Snap","Compile Driver"],"picked":"Ball Lightning","floor":1},{"not_picked":["Turbo","Streamline"],"picked":"Ball Lightning","floor":4},{"not_picked":["Redo","Lockon"],"picked":"Self Repair","floor":6},{"not_picked":["Streamline","Hologram"],"picked":"Chaos","floor":7},{"not_picked":["FTL","Stack"],"picked":"Sweeping Beam","floor":8},{"not_picked":["Coolheaded","Reinforced Body"],"picked":"Auto Shields","floor":11},{"not_picked":["Skim","Steam Power"],"picked":"Chill","floor":12},{"not_picked":["Steam","Streamline","Glacier"],"picked":"SKIP","floor":14}],"player_experience":178942,"relics_obtained":[{"floor":6,"key":"Tiny Chest"},{"floor":8,"key":"Pen Nib"},{"floor":9,"key":"Cables"},{"floor":11,"key":"Matryoshka"},{"floor":14,"key":"Bird Faced Urn"}],"event_choices":[{"damage_healed":0,"gold_gain":100,"player_choice":"Pray","damage_taken":0,"max_hp_gain":0,"max_hp_loss":0,"event_name":"Golden Shrine","floor":3,"gold_loss":0},{"damage_healed":0,"gold_gain":0,"player_choice":"Ignored","damage_taken":0,"max_hp_gain":0,"max_hp_loss":0,"event_name":"Golden Idol","floor":10,"gold_loss":0},{"cards_removed":["Defend_B"],"damage_healed":0,"gold_gain":0,"player_choice":"Card Removal","damage_taken":7,"max_hp_gain":0,"max_hp_loss":0,"event_name":"Golden Wing","floor":13,"gold_loss":0}],"is_beta":false,"boss_relics":[],"items_purged_floors":[2],"is_endless":false,"potions_floor_spawned":[1,6,8,11],"killed_by":"The Guardian","ascension_level":4}}