{"host":"hm3ikmf8oxbtqms2","time":1609652566,"event":{"mods":["BaseMod","Best Route Mod","Bestiary","Better Vampires","Block Reminder","Colored Map","Colored Powertips","Curses Come First","DeckTracker","Displayed Cursed Tome","Highlight Path","Minty Spire (QoL Compilation)","Quick Restart","StSLib"],"gold_per_floor":[119,119,68,85,100,100,112,212,236,256,266,279,307,326,326,426,426,442,357,357,173,29,61,72,72,95,106,6,6,6],"floor_reached":29,"playtime":3060,"items_purged":["Defend_G","Strike_G"],"score":321,"play_id":"b625a95c-7c03-4f60-bcac-87bb10c7f1e5","local_time":"20210103004246","is_ascension_mode":true,"campfire_choices":[{"data":"Footwork","floor":6.0,"key":"SMITH"},{"floor":15.0,"key":"REST"},{"floor":25.0,"key":"REST"}],"circlet_count":0,"master_deck":["Strike_G","Strike_G+1","Strike_G","Defend_G","Defend_G","Defend_G","Defend_G","Survivor","Neutralize+1","Accuracy","Footwork+1","Dodge and Roll","Caltrops","Skewer","Quick Slash","Dodge and Roll","Backflip","Blade Dance","Infinite Blades","Predator","Malaise","Dagger Spray","Noxious Fumes","Blur","PiercingWail","Acrobatics","Concentrate"],"relics":["Ring of the Snake","Toy Ornithopter","Whetstone","WristBlade","Mango","Blue Candle","HandDrill","Regal Pillow","Boot"],"acts_visited":["TheCity"],"potions_floor_usage":[],"damage_taken":[{"damage":3.0,"enemies":"2 Louse","floor":1.0,"turns":3.0},{"damage":1.0,"enemies":"Cultist","floor":4.0,"turns":5.0},{"damage":1.0,"enemies":"Small Slimes","floor":5.0,"turns":5.0},{"damage":0.0,"enemies":"Exordium Wildlife","floor":7.0,"turns":5.0},{"damage":5.0,"enemies":"Red Slaver","floor":10.0,"turns":5.0},{"damage":18.0,"enemies":"Gremlin Gang","floor":11.0,"turns":8.0},{"damage":13.0,"enemies":"2 Fungi Beasts","floor":12.0,"turns":5.0},{"damage":22.0,"enemies":"Gremlin Nob","floor":13.0,"turns":4.0},{"damage":4.0,"enemies":"Exordium Thugs","floor":14.0,"turns":5.0},{"damage":23.0,"enemies":"Slime Boss","floor":16.0,"turns":12.0},{"damage":6.0,"enemies":"Chosen","floor":18.0,"turns":5.0},{"damage":49.0,"enemies":"Book of Stabbing","floor":23.0,"turns":7.0},{"damage":21.0,"enemies":"Spheric Guardian","floor":24.0,"turns":6.0},{"damage":52,"enemies":"3 Cultists","floor":27,"turns":6},{"damage":20,"enemies":"Gremlin Leader","floor":29,"turns":2}],"seed_played":"-3019881497550212631","potions_obtained":[{"floor":1.0,"key":"Fruit Juice"},{"floor":12.0,"key":"FearPotion"},{"floor":13.0,"key":"SpeedPotion"},{"floor":14.0,"key":"Fruit Juice"},{"floor":18.0,"key":"AttackPotion"},{"floor":27,"key":"Dexterity Potion"}],"is_trial":false,"path_per_floor":["M","?","$","M","M","R","M","?","T","M","M","M","E","M","R","B",null,"M","?","T","$","$","E","M","R","T","M","$","E"],"character_chosen":"THE_SILENT","items_purchased":["Dodge and Roll","Noxious Fumes","Blur","HandDrill"],"campfire_rested":2,"item_purchase_floors":[3,21,21,22],"current_hp_per_floor":[67,60,60,64,63,63,63,63,63,58,40,27,10,6,28,20,80,74,88,88,88,88,44,23,66,66,14,14,0,0],"gold":6,"neow_bonus":"TRANSFORM_CARD","is_daily":false,"chose_seed":false,"campfire_upgraded":1,"win_rate":0.0,"timestamp":1609652566,"path_taken":["M","?","?","M","?","R","M","?","T","?","M","M","E","M","R","BOSS","M","?","?","?","$","E","?","R","T","M","$","E"],"items_purchased_type":["Card","Card","Card","Relic"],"build_version":"2020-12-22","purchased_purges":2,"victory":false,"max_hp_per_floor":[70,70,70,75,75,75,75,75,75,75,75,75,75,75,75,80,80,80,94,94,94,94,94,94,94,94,94,94,94,94],"card_choices":[{"not_picked":["Slice","Calculated Gamble"],"picked":"Footwork","floor":1.0},{"not_picked":["Eviscerate","Bane"],"picked":"Caltrops","floor":4.0},{"not_picked":["Reflex","Masterful Stab"],"picked":"Skewer","floor":5.0},{"not_picked":["Acrobatics","Flechettes"],"picked":"Quick Slash","floor":7.0},{"not_picked":["Distraction","Bane"],"picked":"Dodge and Roll","floor":10.0},{"not_picked":["PiercingWail","Catalyst"],"picked":"Backflip","floor":11.0},{"not_picked":["Bane","Bouncing Flask"],"picked":"Blade Dance","floor":12.0},{"not_picked":["Concentrate","Eviscerate"],"picked":"Infinite Blades","floor":13.0},{"not_picked":["Escape Plan","Quick Slash"],"picked":"Predator","floor":14.0},{"not_picked":["Night Terror","Glass Knife"],"picked":"Malaise","floor":16.0},{"not_picked":["Deflect","Masterful Stab"],"picked":"Dagger Spray","floor":18.0},{"not_picked":["Poisoned Stab","Escape Plan"],"picked":"PiercingWail","floor":23.0},{"not_picked":["Quick Slash","Finisher"],"picked":"Acrobatics","floor":24.0},{"not_picked":["Deflect","Footwork"],"picked":"Concentrate","floor":27}],"player_experience":267233,"relics_obtained":[{"floor":9.0,"key":"Toy Ornithopter"},{"floor":13.0,"key":"Whetstone"},{"floor":20.0,"key":"Blue Candle"},{"floor":23.0,"key":"Regal Pillow"},{"floor":26.0,"key":"Boot"}],"event_choices":[{"damage_healed":0.0,"max_hp_gain":0.0,"max_hp_loss":0.0,"gold_gain":0.0,"event_name":"Wheel of Change","player_choice":"Damaged","floor":2.0,"gold_loss":0.0,"damage_taken":7.0},{"damage_healed":0.0,"max_hp_gain":0.0,"max_hp_loss":0.0,"gold_gain":100.0,"event_name":"Golden Shrine","player_choice":"Pray","floor":8.0,"gold_loss":0.0,"damage_taken":0.0},{"damage_healed":0.0,"max_hp_gain":0.0,"max_hp_loss":0.0,"gold_gain":0.0,"event_name":"Addict","player_choice":"Obtained Relic","floor":19.0,"gold_loss":85.0,"damage_taken":0.0,"relics_obtained":["Mango"]}],"is_beta":false,"boss_relics":[{"not_picked":["Tiny House","Pandora\u0027s Box"],"picked":"WristBlade"}],"items_purged_floors":[21,28],"is_endless":false,"potions_floor_spawned":[1,12,13,14,18,27],"killed_by":"Gremlin Leader","ascension_level":4}}