{"host":"5gc11emcm5chfr5t","time":1609636361,"event":{"mods":["2.2 Compatiblity","AchievementEnabler","BaseMod","Bestiary","Better Note","Colored Map","Colored Powertips","Downfall","Googly Eyes","Minty Spire (QoL Compilation)","Rare Cards Sparkle","StSLib"],"gold_per_floor":[99,109,124,124,124,109,134,145,157,182,32,45,45,45,63,134,134,59,71,84,84,84,34,59,70,83,83,68,95,108,93,111,185,185,185,198,215,31,31,44,44,44,165,165,181,281,297,311,328,328,328],"floor_reached":50,"playtime":2465,"items_purged":[],"score":961,"play_id":"9bee470d-b9e8-429f-9e14-6a004616cecf","local_time":"20210102201241","is_ascension_mode":true,"campfire_choices":[{"floor":1,"key":"RECALL"},{"floor":11,"key":"REST"},{"data":"sneckomod:WideSting","floor":13,"key":"SMITH"},{"data":"sneckomod:Unknown3Cost","floor":18,"key":"SMITH"},{"floor":27,"key":"REST"},{"data":"sneckomod:Restock","floor":35,"key":"SMITH"},{"data":"sneckomod:Mudshield","floor":44,"key":"SMITH"}],"circlet_count":0,"master_deck":["AscendersBane","sneckomod:TailWhip","sneckomod:SnekBite","sneckomod:Unknown","sneckomod:Unknown","sneckomod:QuickMove","sneckomod:UnknownUncommonAttack","sneckomod:WideSting+1","sneckomod:UnknownClassGUARDIAN","sneckomod:Unknown2Cost","sneckomod:QuickBite","sneckomod:UnknownX","sneckomod:DiceBlock","sneckomod:Unknown3Cost+1","CurseOfTheBell","sneckomod:CheapStock+1","sneckomod:UnknownClassGREEN","Necronomicurse","sneckomod:IronFang","sneckomod:DiceBlock+1","sneckomod:Mudshield+1","sneckomod:SnakeSap+1","sneckomod:UnknownColorless","sneckomod:UnknownClassTHE_CHAMP_GRAY","sneckomod:UnknownUncommonSkill","sneckomod:UnknownUncommonPower","sneckomod:Unknown2Cost","sneckomod:Restock+1","sneckomod:UnknownWeak","sneckomod:DiceBlock+1","sneckomod:Unknown3Cost","sneckomod:UnknownRareAttack","sneckomod:UnknownRareAttack","sneckomod:SlitherStrike+1","sneckomod:SnekBeam","sneckomod:DiceBoulder+1"],"relics":["Sozu","InkBottle","Pantograph","downfall:HeartBlessingBlue","downfall:HeartBlessingRed","Calling Bell","Smiling Mask","HornCleat","Unceasing Top","downfall:HeartBlessingGreen","Necronomicon","Bag of Preparation","Incense Burner","Pandora\u0027s Box","Lee\u0027s Waffle","Bottled Lightning","Potion Belt"],"acts_visited":["Exordium","TheCity","TheBeyond"],"potions_floor_usage":[],"damage_taken":[{"damage":0,"enemies":"Cultist","floor":2,"turns":3},{"damage":0,"enemies":"2 Louse","floor":3,"turns":2},{"damage":0,"enemies":"downfall:FleeingMerchant","floor":6,"turns":4},{"damage":0,"enemies":"Jaw Worm","floor":8,"turns":3},{"damage":1,"enemies":"Exordium Wildlife","floor":9,"turns":3},{"damage":39,"enemies":"3 Sentries","floor":10,"turns":9},{"damage":1,"enemies":"Blue Slaver","floor":12,"turns":2},{"damage":1,"enemies":"Exordium Wildlife","floor":15,"turns":2},{"damage":19,"enemies":"downfall:Ironclad","floor":16,"turns":9},{"damage":25,"enemies":"Shell Parasite","floor":19,"turns":4},{"damage":17,"enemies":"3 Cultists","floor":20,"turns":6},{"damage":16,"enemies":"Sentry and Sphere","floor":25,"turns":5},{"damage":25,"enemies":"Centurion and Healer","floor":26,"turns":6},{"damage":0,"enemies":"downfall:FleeingMerchant","floor":28,"turns":4},{"damage":10,"enemies":"Book of Stabbing","floor":29,"turns":4},{"damage":0,"enemies":"Snake Plant","floor":30,"turns":4},{"damage":0,"enemies":"downfall:FleeingMerchant","floor":31,"turns":4},{"damage":0,"enemies":"Snecko","floor":32,"turns":4},{"damage":12,"enemies":"downfall:Defect","floor":33,"turns":7},{"damage":34,"enemies":"3 Darklings","floor":36,"turns":4},{"damage":10,"enemies":"3 Shapes","floor":37,"turns":3},{"damage":0,"enemies":"downfall:FleeingMerchant","floor":38,"turns":4},{"damage":20,"enemies":"Writhing Mass","floor":40,"turns":6},{"damage":2,"enemies":"downfall:FleeingMerchant","floor":43,"turns":1},{"damage":0,"enemies":"Spire Growth","floor":45,"turns":5},{"damage":0,"enemies":"downfall:LadyInBlue","floor":46,"turns":5},{"damage":19,"enemies":"Maw","floor":47,"turns":9},{"damage":47,"enemies":"Writhing Mass","floor":48,"turns":5},{"damage":9,"enemies":"3 Darklings","floor":49,"turns":8},{"damage":61,"enemies":"downfall:Silent","floor":50,"turns":7}],"seed_played":"-5216868779023343128","potions_obtained":[],"is_trial":false,"path_per_floor":["R","M","M","?","?","$","T","M","M","E","R","M","R","?","M","B",null,"R","M","M","?","?","?","T","M","M","R","$","E","M","$","M","B",null,"R","M","M","$","?","M","T","?","$","R","M","?","M","M","M","B"],"character_chosen":"THE_SNECKO","items_purchased":["Lee\u0027s Waffle","sneckomod:Unknown3Cost","sneckomod:UnknownRareAttack"],"campfire_rested":2,"item_purchase_floors":[38,43,43],"current_hp_per_floor":[75,75,75,75,75,75,75,75,74,35,72,71,71,71,70,74,88,88,78,63,42,42,85,85,69,44,71,71,61,61,61,61,74,88,88,58,48,100,100,80,80,80,80,80,80,80,61,37,32,0,0],"gold":328,"neow_bonus":"BOSS_RELIC","is_daily":false,"chose_seed":false,"campfire_upgraded":4,"win_rate":0.0,"timestamp":1609636361,"path_taken":["R","M","M","?","?","?","T","M","M","E","R","?","R","?","M","BOSS","R","M","M","?","?","?","T","M","?","R","$","E","M","?","M","BOSS","R","M","M","$","?","M","T","?","$","R","M","?","M","M","M","BOSS"],"items_purchased_type":["Relic","Card","Card"],"build_version":"2020-12-22","purchased_purges":0,"victory":false,"max_hp_per_floor":[83,83,83,83,83,83,83,83,83,83,93,93,93,93,93,93,93,93,93,93,93,93,93,93,93,93,93,93,93,93,93,93,93,93,93,93,93,100,100,100,100,100,100,100,100,100,100,100,100,100,100],"card_choices":[{"not_picked":["sneckomod:UnknownBlock","sneckomod:Nope"],"picked":"sneckomod:QuickMove","floor":2},{"not_picked":["sneckomod:Nope","sneckomod:UnknownClassBLUE"],"picked":"sneckomod:UnknownUncommonAttack","floor":3},{"not_picked":["sneckomod:UnknownCommonAttack","sneckomod:DiceCrush"],"picked":"sneckomod:WideSting","floor":6},{"not_picked":["sneckomod:UnknownBlock","sneckomod:UnknownEthereal"],"picked":"sneckomod:UnknownClassGUARDIAN","floor":8},{"not_picked":["sneckomod:RainOfDice","sneckomod:Nope"],"picked":"sneckomod:Unknown2Cost","floor":9},{"not_picked":["sneckomod:UnknownBlock","sneckomod:DefensiveFlair"],"picked":"sneckomod:QuickBite","floor":10},{"not_picked":["sneckomod:UnknownClassSLIMEBOUND","sneckomod:UnknownCommonAttack"],"picked":"sneckomod:UnknownWeak","floor":12},{"not_picked":["sneckomod:UnknownCommonAttack","sneckomod:IronFang"],"picked":"sneckomod:DiceBlock","floor":15},{"not_picked":["sneckomod:Cheat","sneckomod:SoulExchange"],"picked":"sneckomod:Unknown3Cost","floor":16},{"not_picked":["sneckomod:UnknownClassGUARDIAN","sneckomod:UnknownExhaust"],"picked":"sneckomod:CheapStock","floor":19},{"not_picked":["sneckomod:WideSting","sneckomod:CheapStock"],"picked":"sneckomod:UnknownClassGREEN","floor":20},{"not_picked":["sneckomod:UnknownCommonSkill","sneckomod:RainOfDice"],"picked":"sneckomod:IronFang","floor":25},{"not_picked":["sneckomod:Unknown2Cost","sneckomod:UnknownClassSLIMEBOUND","sneckomod:SnekBeam"],"picked":"SKIP","floor":26},{"not_picked":["sneckomod:UnknownEthereal+1","sneckomod:UnknownCommonAttack","sneckomod:UnknownStrike"],"picked":"SKIP","floor":28},{"not_picked":["sneckomod:DiceCrush","sneckomod:UnknownClassRED","sneckomod:DefensiveFlair"],"picked":"SKIP","floor":29},{"not_picked":["sneckomod:CheapStock","sneckomod:UnknownDexterity+1"],"picked":"sneckomod:DiceBlock+1","floor":30},{"not_picked":["sneckomod:UnknownClassPURPLE","sneckomod:IronFang"],"picked":"sneckomod:Mudshield","floor":31},{"not_picked":["sneckomod:DiceCrush","sneckomod:SoulCleanse"],"picked":"sneckomod:SnakeSap+1","floor":32},{"not_picked":["sneckomod:UnknownRareAttack","sneckomod:Mudshield"],"picked":"sneckomod:UnknownColorless","floor":33},{"not_picked":["sneckomod:MasterEye","sneckomod:UnknownCommonSkill+1"],"picked":"sneckomod:UnknownWeak","floor":36},{"not_picked":["sneckomod:QuickMove","sneckomod:UnknownClassSLIMEBOUND+1"],"picked":"sneckomod:DiceBlock+1","floor":37},{"not_picked":["sneckomod:UnknownClassTHE_CHAMP_GRAY","sneckomod:DefensiveFlair+1","sneckomod:UnknownClassSLIMEBOUND"],"picked":"SKIP","floor":38},{"not_picked":["sneckomod:WideSting","sneckomod:UnknownClassBLUE","sneckomod:UnknownClassHEXA_GHOST_PURPLE"],"picked":"SKIP","floor":40},{"not_picked":["sneckomod:DiceCrush","sneckomod:UnknownCommonSkill","sneckomod:IronFang"],"picked":"SKIP","floor":43},{"not_picked":["sneckomod:UnknownVulnerable","sneckomod:UnknownStrike","sneckomod:UnknownWeak"],"picked":"SKIP","floor":45},{"not_picked":["sneckomod:SoulDraw","sneckomod:UnknownStrength"],"picked":"sneckomod:UnknownRareAttack","floor":46},{"not_picked":["sneckomod:UnknownClassSLIMEBOUND","sneckomod:Unknown1Cost"],"picked":"sneckomod:SlitherStrike+1","floor":47},{"not_picked":["sneckomod:Rotation","sneckomod:UnknownWeak+1"],"picked":"sneckomod:SnekBeam","floor":48},{"not_picked":["sneckomod:UnknownDexterity","sneckomod:QuickBite"],"picked":"sneckomod:DiceBoulder+1","floor":49}],"player_experience":521721,"relics_obtained":[{"floor":10,"key":"Pantograph"},{"floor":17,"key":"Smiling Mask"},{"floor":17,"key":"HornCleat"},{"floor":17,"key":"Unceasing Top"},{"floor":21,"key":"Necronomicon"},{"floor":24,"key":"Bag of Preparation"},{"floor":29,"key":"Incense Burner"},{"floor":41,"key":"Bottled Lightning"},{"floor":46,"key":"Potion Belt"}],"event_choices":[{"damage_healed":0,"gold_gain":0,"player_choice":"Box","damage_taken":0,"relics_obtained":["InkBottle"],"max_hp_gain":0,"max_hp_loss":0,"event_name":"Big Fish","floor":4,"gold_loss":0,"cards_obtained":["Regret"]},{"cards_removed":["Regret"],"damage_healed":0,"gold_gain":0,"player_choice":"Card Removal","damage_taken":0,"max_hp_gain":0,"max_hp_loss":0,"event_name":"The Cleric","floor":5,"gold_loss":0},{"damage_healed":0,"gold_gain":0,"cards_transformed":["sneckomod:Strike"],"player_choice":"Change","damage_taken":0,"max_hp_gain":0,"max_hp_loss":0,"event_name":"Living Wall","floor":14,"gold_loss":0,"cards_obtained":["sneckomod:UnknownX"]},{"damage_healed":0,"gold_gain":0,"player_choice":"Ignored","damage_taken":0,"max_hp_gain":0,"max_hp_loss":0,"event_name":"Vampires","floor":22,"gold_loss":0},{"cards_removed":["sneckomod:UnknownWeak"],"damage_healed":0,"gold_gain":0,"player_choice":"Removed Skill","damage_taken":0,"max_hp_gain":0,"max_hp_loss":0,"event_name":"Falling","floor":39,"gold_loss":0}],"is_beta":false,"boss_relics":[{"not_picked":["Runic Pyramid","Coffee Dripper"],"picked":"Calling Bell"},{"not_picked":["Velvet Choker","Empty Cage"],"picked":"Pandora\u0027s Box"}],"items_purged_floors":[],"is_endless":false,"potions_floor_spawned":[3,9,12,16,20,25,29,30,33,36,37,45,47],"killed_by":"downfall:Silent","ascension_level":20}}