{"host":"rolltorest","time":1609633504,"event":{"mods":["BaseMod","Minty Spire (QoL Compilation)","Relic Stats","Robot Space Explorer","Slay the Relics Exporter","StSLib"],"gold_per_floor":[117,117,117,117,135,168,168,199,199,216,247,247,267,278,278,378,378,396,409,428,428,201,201,231,60,84,117,117,130,158,168,168,270,270,280,299,46,46,46,73,21,21,21,33,67,5,36,51,51,51,51,51,1,32,32],"floor_reached":56,"playtime":2383,"items_purged":["RobotSpaceExplorer:Defend","RobotSpaceExplorer:Defend"],"score":1718,"play_id":"756bd606-f86c-4b78-bf9a-d7781008e653","local_time":"20210102162504","is_ascension_mode":true,"campfire_choices":[{"data":"RobotSpaceExplorer:FrostMissile","floor":7,"key":"SMITH"},{"data":"RobotSpaceExplorer:TurboDodge","floor":12,"key":"SMITH"},{"data":"RobotSpaceExplorer:SurgingShield","floor":15,"key":"SMITH"},{"data":"RobotSpaceExplorer:Explosion","floor":23,"key":"SMITH"},{"data":"RobotSpaceExplorer:Fix","floor":28,"key":"SMITH"},{"data":"RobotSpaceExplorer:Explosion","floor":32,"key":"SMITH"},{"floor":42,"key":"RECALL"},{"data":"RobotSpaceExplorer:Multitool","floor":49,"key":"SMITH"},{"data":"RobotSpaceExplorer:FranticSearch","floor":52,"key":"SMITH"}],"circlet_count":0,"master_deck":["RobotSpaceExplorer:Strike+1","RobotSpaceExplorer:Defend+1","RobotSpaceExplorer:Scan","RobotSpaceExplorer:MiniLasers+1","RobotSpaceExplorer:Reload+1","RobotSpaceExplorer:Pulsar+1","RobotSpaceExplorer:RigExplosive+1","RobotSpaceExplorer:MetalStrike","RobotSpaceExplorer:FrostMissile+1","RobotSpaceExplorer:SurgingShield+1","RobotSpaceExplorer:TurboDodge+1","RobotSpaceExplorer:HighVoltage+1","RobotSpaceExplorer:FranticSearch+1","RobotSpaceExplorer:Jetpack+1","RobotSpaceExplorer:Explosion+1","Panacea","RobotSpaceExplorer:Fix+1","RobotSpaceExplorer:GearShield","Thinking Ahead+1","RobotSpaceExplorer:Calculate+1","RobotSpaceExplorer:Explosion+1","RobotSpaceExplorer:FrostMissile+1","RobotSpaceExplorer:Smokescreen+1","RobotSpaceExplorer:TrailblazerForm","RobotSpaceExplorer:SelfCleaning+1","RobotSpaceExplorer:Blaster","RobotSpaceExplorer:Multitool+1","Madness","Madness","RobotSpaceExplorer:DoubleFind+1","RobotSpaceExplorer:SurgingShield+1","RobotSpaceExplorer:FrostMissile","RobotSpaceExplorer:SurgingShield+1","RobotSpaceExplorer:TurboDodge+1"],"relics":["Astrolabe","Mercury Hourglass","StrikeDummy","Happy Flower","Orichalcum","Question Card","Philosopher\u0027s Stone","Oddly Smooth Stone","War Paint","MealTicket","Ornamental Fan","Runic Pyramid","Orrery","Ancient Tea Set","Bag of Preparation","Vajra","RobotSpaceExplorer:FoglandsKnife","Bottled Flame"],"acts_visited":["Exordium","TheCity","TheBeyond","TheEnding"],"potions_floor_usage":[6,6,6,6,8,10,13,14,16,18,18,19,20,24,24,27,29,30,30,33,33,35,35,35,40,45,47,48,50,54,54,54,54,55,55,55],"damage_taken":[{"damage":0,"enemies":"2 Louse","floor":1,"turns":4},{"damage":0,"enemies":"Jaw Worm","floor":5,"turns":4},{"damage":5,"enemies":"Lagavulin","floor":6,"turns":5},{"damage":11,"enemies":"3 Sentries","floor":8,"turns":7},{"damage":0,"enemies":"Small Slimes","floor":10,"turns":1},{"damage":17,"enemies":"Gremlin Nob","floor":11,"turns":5},{"damage":0,"enemies":"Gremlin Gang","floor":13,"turns":4},{"damage":0,"enemies":"2 Fungi Beasts","floor":14,"turns":2},{"damage":7,"enemies":"The Guardian","floor":16,"turns":10},{"damage":0,"enemies":"Spheric Guardian","floor":18,"turns":2},{"damage":0,"enemies":"3 Byrds","floor":19,"turns":3},{"damage":0,"enemies":"3 Cultists","floor":20,"turns":3},{"damage":14,"enemies":"Slavers","floor":24,"turns":6},{"damage":4,"enemies":"Gremlin Leader","floor":27,"turns":6},{"damage":0,"enemies":"Cultist and Chosen","floor":29,"turns":5},{"damage":1,"enemies":"Slavers","floor":30,"turns":4},{"damage":0,"enemies":"Centurion and Healer","floor":31,"turns":3},{"damage":25,"enemies":"Automaton","floor":33,"turns":7},{"damage":3,"enemies":"3 Darklings","floor":35,"turns":5},{"damage":4,"enemies":"Orb Walker","floor":36,"turns":4},{"damage":35,"enemies":"Reptomancer","floor":40,"turns":6},{"damage":0,"enemies":"4 Shapes","floor":44,"turns":5},{"damage":8,"enemies":"Nemesis","floor":45,"turns":5},{"damage":0,"enemies":"Reptomancer","floor":47,"turns":6},{"damage":6,"enemies":"Spire Growth","floor":48,"turns":5},{"damage":30,"enemies":"Awakened One","floor":50,"turns":10},{"damage":48,"enemies":"Shield and Spear","floor":54,"turns":7},{"damage":20,"enemies":"The Heart","floor":55,"turns":11}],"seed_played":"-3402511007178597309","potions_obtained":[{"floor":5,"key":"ColorlessPotion"},{"floor":10,"key":"LiquidMemories"},{"floor":11,"key":"RobotSpaceExplorer:PlasmaFlask"},{"floor":18,"key":"EssenceOfSteel"},{"floor":27,"key":"ColorlessPotion"},{"floor":35,"key":"SkillPotion"},{"floor":45,"key":"CultistPotion"},{"floor":48,"key":"LiquidMemories"},{"floor":54,"key":"SpeedPotion"}],"is_trial":false,"path_per_floor":["M","?","?","?","M","E","R","E","T","M","E","R","M","M","R","B",null,"M","M","M","?","$","R","E","$","T","E","R","M","E","M","R","B",null,"M","M","$","?","$","E","$","R","T","M","E","?","E","M","R","B",null,"R","$","E","B",null],"character_chosen":"RobotSpaceExplorer","items_purchased":["Panacea","RobotSpaceExplorer:Fix","Thinking Ahead","Orrery","SpeedPotion","Swift Potion"],"campfire_rested":0,"item_purchase_floors":[22,22,25,37,41,53],"current_hp_per_floor":[68,65,50,50,50,45,45,34,34,34,17,17,17,17,17,10,59,59,59,59,59,59,59,49,49,49,49,49,55,60,66,66,47,68,71,72,75,66,75,40,55,55,55,61,59,59,65,65,65,41,67,67,75,33,19],"gold":32,"neow_bonus":"BOSS_RELIC","is_daily":false,"chose_seed":false,"campfire_upgraded":8,"win_rate":0.0,"timestamp":1609633504,"path_taken":["M","?","?","?","M","E","R","E","T","M","E","R","?","M","R","BOSS","M","M","M","?","$","R","E","?","T","E","R","M","E","M","R","BOSS","M","M","?","?","$","E","?","R","T","M","E","?","E","?","R","BOSS","R","$","E","BOSS"],"items_purchased_type":["Card","Card","Card","Relic","Potion","Potion"],"build_version":"2020-12-18","purchased_purges":2,"victory":true,"max_hp_per_floor":[75,75,75,75,75,75,75,75,75,75,75,75,75,75,75,75,75,75,75,75,75,75,75,75,75,75,75,75,75,75,75,75,75,75,75,75,75,75,75,75,75,75,75,75,75,75,75,75,75,75,75,75,75,75,75],"relic_stats":{"Happy Flower":[41],"counters":[28,142],"Ornamental Fan":[188],"Astrolabe":["RobotSpaceExplorer:Reload","RobotSpaceExplorer:Pulsar","RobotSpaceExplorer:RigExplosive"],"MealTicket":35,"Bag of Preparation":[10],"Orichalcum":[42],"War Paint":["RobotSpaceExplorer:Defend","Thinking Ahead"],"Question Card":25,"obtain_stats":[{"Happy Flower":8,"Astrolabe":0,"Oddly Smooth Stone":24,"Vajra":46,"RobotSpaceExplorer:RoboCore":0,"Bag of Preparation":45,"Orichalcum":9,"War Paint":26,"Question Card":11,"Ancient Tea Set":40,"Mercury Hourglass":2,"RobotSpaceExplorer:FoglandsKnife":47,"Bottled Flame":54,"Ornamental Fan":30,"Orrery":37,"Philosopher\u0027s Stone":17,"MealTicket":27,"StrikeDummy":6,"Runic Pyramid":34},{"Happy Flower":4,"Astrolabe":0,"Oddly Smooth Stone":13,"Vajra":23,"RobotSpaceExplorer:RoboCore":0,"Bag of Preparation":23,"Orichalcum":4,"War Paint":13,"Question Card":6,"Ancient Tea Set":21,"Mercury Hourglass":1,"RobotSpaceExplorer:FoglandsKnife":24,"Bottled Flame":27,"Ornamental Fan":16,"Orrery":20,"Philosopher\u0027s Stone":9,"MealTicket":14,"StrikeDummy":3,"Runic Pyramid":18},{"Happy Flower":19,"Astrolabe":0,"Oddly Smooth Stone":54,"Vajra":103,"RobotSpaceExplorer:RoboCore":0,"Bag of Preparation":103,"Orichalcum":19,"War Paint":54,"Question Card":24,"Ancient Tea Set":93,"Mercury Hourglass":4,"RobotSpaceExplorer:FoglandsKnife":109,"Bottled Flame":131,"Ornamental Fan":68,"Orrery":87,"Philosopher\u0027s Stone":40,"MealTicket":60,"StrikeDummy":13,"Runic Pyramid":78}],"Mercury Hourglass":[623]},"card_choices":[{"not_picked":["RobotSpaceExplorer:GlueShot","RobotSpaceExplorer:GlueSpray","RobotSpaceExplorer:Probe"],"picked":"SKIP","floor":1},{"not_picked":["RobotSpaceExplorer:FreezeRay","RobotSpaceExplorer:Counterblock"],"picked":"RobotSpaceExplorer:MetalStrike","floor":5},{"not_picked":["RobotSpaceExplorer:FreezingShield","RobotSpaceExplorer:FranticSearch"],"picked":"RobotSpaceExplorer:FrostMissile","floor":6},{"not_picked":["RobotSpaceExplorer:MiniBoosters","RobotSpaceExplorer:SwiftStep","RobotSpaceExplorer:ScrapToss"],"picked":"SKIP","floor":8},{"not_picked":["RobotSpaceExplorer:StunGrenade","RobotSpaceExplorer:Smokescreen"],"picked":"RobotSpaceExplorer:SurgingShield","floor":10},{"not_picked":["RobotSpaceExplorer:ScrapMissile","RobotSpaceExplorer:Probe"],"picked":"RobotSpaceExplorer:TurboDodge","floor":11},{"not_picked":["RobotSpaceExplorer:SwiftStep","RobotSpaceExplorer:DualCore","RobotSpaceExplorer:MetalStrike","RobotSpaceExplorer:ShovelStrike"],"picked":"SKIP","floor":13},{"not_picked":["RobotSpaceExplorer:MakeshiftVolley","RobotSpaceExplorer:Wormhole","RobotSpaceExplorer:MetalStrike","RobotSpaceExplorer:SurgingStrike"],"picked":"SKIP","floor":14},{"not_picked":["RobotSpaceExplorer:Comet","RobotSpaceExplorer:Explosion","RobotSpaceExplorer:Exploration"],"picked":"RobotSpaceExplorer:HighVoltage","floor":16},{"not_picked":["RobotSpaceExplorer:ScrapToss","RobotSpaceExplorer:MiniDrones","RobotSpaceExplorer:SelfCleaning"],"picked":"RobotSpaceExplorer:FranticSearch","floor":18},{"not_picked":["RobotSpaceExplorer:StunGrenade","RobotSpaceExplorer:SurgingShield","RobotSpaceExplorer:ToxicBomb"],"picked":"RobotSpaceExplorer:Jetpack+1","floor":19},{"not_picked":["RobotSpaceExplorer:ShockKick","RobotSpaceExplorer:Counterblock","RobotSpaceExplorer:PowerGlove"],"picked":"RobotSpaceExplorer:Explosion","floor":20},{"not_picked":["RobotSpaceExplorer:Calculate+1","RobotSpaceExplorer:Ammunition","RobotSpaceExplorer:SurgingShield"],"picked":"RobotSpaceExplorer:GearShield","floor":24},{"not_picked":["RobotSpaceExplorer:ImprovisedAttack","RobotSpaceExplorer:Pulsar","RobotSpaceExplorer:FreezeRay"],"picked":"RobotSpaceExplorer:Calculate+1","floor":27},{"not_picked":["RobotSpaceExplorer:Counterblock","RobotSpaceExplorer:SlimeMissile","RobotSpaceExplorer:FreezingShield"],"picked":"RobotSpaceExplorer:Explosion","floor":29},{"not_picked":["RobotSpaceExplorer:Ammunition","RobotSpaceExplorer:TurboDodge","RobotSpaceExplorer:StunGrenade"],"picked":"RobotSpaceExplorer:FrostMissile+1","floor":30},{"not_picked":["RobotSpaceExplorer:FrostMissile","RobotSpaceExplorer:MiniBoosters+1","RobotSpaceExplorer:RigExplosive"],"picked":"RobotSpaceExplorer:Smokescreen+1","floor":31},{"not_picked":["RobotSpaceExplorer:Multitool","RobotSpaceExplorer:ChargingLaser","RobotSpaceExplorer:Comet"],"picked":"RobotSpaceExplorer:TrailblazerForm","floor":33},{"not_picked":["RobotSpaceExplorer:Probe+1","RobotSpaceExplorer:MiniDrones+1","RobotSpaceExplorer:FranticSearch","RobotSpaceExplorer:ImprovisedAttack"],"picked":"SKIP","floor":35},{"not_picked":["RobotSpaceExplorer:ShovelStrike","RobotSpaceExplorer:FranticSearch","RobotSpaceExplorer:MiniBoosters+1"],"picked":"RobotSpaceExplorer:SelfCleaning+1","floor":36},{"not_picked":["RobotSpaceExplorer:Fix+1","RobotSpaceExplorer:Smokescreen+1","RobotSpaceExplorer:DoubleBlock+1"],"picked":"RobotSpaceExplorer:Blaster","floor":37},{"not_picked":["RobotSpaceExplorer:SurgingShield","RobotSpaceExplorer:SlimeMissile+1","RobotSpaceExplorer:ShockKick"],"picked":"RobotSpaceExplorer:Multitool","floor":37},{"not_picked":["RobotSpaceExplorer:GlueSpray","RobotSpaceExplorer:SurgingStrike","RobotSpaceExplorer:PowerGlove","RobotSpaceExplorer:MetalStrike+1"],"picked":"SKIP","floor":40},{"not_picked":["RobotSpaceExplorer:FrostMissile+1","RobotSpaceExplorer:MetalStrike","RobotSpaceExplorer:Probe+1"],"picked":"RobotSpaceExplorer:DoubleFind+1","floor":44},{"not_picked":["RobotSpaceExplorer:MiniDrones+1","RobotSpaceExplorer:MetalStrike","RobotSpaceExplorer:SurgingStrike"],"picked":"RobotSpaceExplorer:SurgingShield+1","floor":45},{"not_picked":["RobotSpaceExplorer:Counterblock+1","RobotSpaceExplorer:BlastShield","RobotSpaceExplorer:MiniDrones+1"],"picked":"RobotSpaceExplorer:FrostMissile","floor":47},{"not_picked":["RobotSpaceExplorer:Jetpack","RobotSpaceExplorer:ShovelStrike+1","RobotSpaceExplorer:MetalStrike+1"],"picked":"RobotSpaceExplorer:SurgingShield+1","floor":48},{"not_picked":["RobotSpaceExplorer:GlueShot","RobotSpaceExplorer:MiniDrones+1","RobotSpaceExplorer:ScrapMissile"],"picked":"RobotSpaceExplorer:TurboDodge+1","floor":54}],"player_experience":1746472,"relics_obtained":[{"floor":6,"key":"StrikeDummy"},{"floor":8,"key":"Happy Flower"},{"floor":9,"key":"Orichalcum"},{"floor":11,"key":"Question Card"},{"floor":24,"key":"Oddly Smooth Stone"},{"floor":26,"key":"War Paint"},{"floor":27,"key":"MealTicket"},{"floor":30,"key":"Ornamental Fan"},{"floor":40,"key":"Ancient Tea Set"},{"floor":45,"key":"Bag of Preparation"},{"floor":47,"key":"RobotSpaceExplorer:FoglandsKnife"},{"floor":54,"key":"Bottled Flame"}],"event_choices":[{"damage_healed":0,"gold_gain":0,"player_choice":"Success","damage_taken":3,"relics_obtained":["Mercury Hourglass"],"max_hp_gain":0,"max_hp_loss":0,"event_name":"Scrap Ooze","floor":2,"gold_loss":0},{"damage_healed":0,"gold_gain":0,"player_choice":"Entered Light","damage_taken":15,"max_hp_gain":0,"max_hp_loss":0,"event_name":"Shining Light","floor":3,"gold_loss":0,"cards_upgraded":["RobotSpaceExplorer:Strike","RobotSpaceExplorer:MiniLasers"]},{"cards_removed":["RobotSpaceExplorer:Defend"],"damage_healed":0,"gold_gain":0,"player_choice":"Purged","damage_taken":0,"max_hp_gain":0,"max_hp_loss":0,"event_name":"Purifier","floor":4,"gold_loss":0},{"damage_healed":0,"gold_gain":0,"player_choice":"Forge","damage_taken":0,"max_hp_gain":0,"max_hp_loss":0,"event_name":"Accursed Blacksmith","floor":21,"gold_loss":0,"cards_upgraded":["RobotSpaceExplorer:HighVoltage"]},{"damage_healed":0,"gold_gain":0,"player_choice":"Embrace Madness","damage_taken":9,"max_hp_gain":0,"max_hp_loss":0,"event_name":"Winding Halls","floor":38,"gold_loss":0,"cards_obtained":["Madness","Madness"]},{"damage_healed":0,"gold_gain":0,"player_choice":"Paid Gold","damage_taken":0,"relics_obtained":["Vajra"],"max_hp_gain":0,"max_hp_loss":0,"event_name":"WeMeetAgain","floor":46,"gold_loss":62}],"is_beta":true,"boss_relics":[{"not_picked":["Empty Cage","Calling Bell"],"picked":"Philosopher\u0027s Stone"},{"not_picked":["Sozu","Tiny House"],"picked":"Runic Pyramid"}],"items_purged_floors":[22,37],"is_endless":false,"potions_floor_spawned":[5,10,11,14,18,19,27,35,44,45,48,54],"ascension_level":8}}