{"host":"lg1piimdyocafd6j","time":1609669932,"event":{"mods":["AchievementEnabler","BaseMod","Better Third Choice","BetterRewards","Colored Map","Colored Powertips","Downfall","Minty Spire (QoL Compilation)","Quick Restart","Rare Cards Sparkle","Remove Card Discount Mod","Shop Mod","StSLib","SuperFastMode"],"gold_per_floor":[117,43,56,56,76,103,99,99,99,118,118,129,158,158,158,263,263,244,244,244],"floor_reached":19,"playtime":1343,"items_purged":["Defend_R","Defend_R","Bash","Strike_R","Strike_R","Strike_R","Defend_R","Defend_R","Uppercut","Strike_R","Strike_R"],"score":202,"play_id":"0155071b-66c6-4944-9d91-bced3ddb51a4","local_time":"20210103113212","is_ascension_mode":false,"campfire_choices":[{"data":"Barricade","floor":8,"key":"SMITH"},{"floor":15,"key":"RECALL"}],"circlet_count":0,"master_deck":["Iron Wave","Iron Wave","Barricade+1","Armaments","Entrench","Armaments","Inflame","Iron Wave","Entrench","Barricade"],"relics":["Burning Blood","Pantograph","Strawberry","Boot","Black Star"],"acts_visited":["Exordium","TheCity"],"potions_floor_usage":[6,6,16,18,19],"damage_taken":[{"damage":0,"enemies":"Jaw Worm","floor":1,"turns":8},{"damage":1,"enemies":"2 Louse","floor":3,"turns":4},{"damage":0,"enemies":"Cultist","floor":5,"turns":6},{"damage":0,"enemies":"Lagavulin","floor":6,"turns":10},{"damage":4,"enemies":"Blue Slaver","floor":10,"turns":4},{"damage":1,"enemies":"2 Fungi Beasts","floor":12,"turns":5},{"damage":6,"enemies":"3 Sentries","floor":13,"turns":14},{"damage":33,"enemies":"Hexaghost","floor":16,"turns":43},{"damage":20,"enemies":"2 Thieves","floor":18,"turns":4},{"damage":70,"enemies":"Masked Bandits","floor":19,"turns":5}],"seed_played":"-3869708401084239219","potions_obtained":[{"floor":3,"key":"Weak Potion"},{"floor":5,"key":"Explosive Potion"},{"floor":6,"key":"CultistPotion"},{"floor":12,"key":"SteroidPotion"},{"floor":16,"key":"Fire Potion"},{"floor":18,"key":"Strength Potion"}],"is_trial":false,"path_per_floor":["M","$","M","?","M","E","$","R","T","M","?","M","E","?","R","B",null,"M","?"],"character_chosen":"IRONCLAD","items_purchased":["Iron Wave","Iron Wave","Barricade","Armaments","Entrench","Armaments","Inflame"],"campfire_rested":0,"item_purchase_floors":[0,0,0,0,0,0,2],"current_hp_per_floor":[80,80,80,80,80,80,80,80,80,80,87,87,87,87,87,60,87,73,3,3],"gold":244,"neow_bonus":"","is_daily":false,"chose_seed":true,"campfire_upgraded":1,"win_rate":0.0,"timestamp":1609669932,"path_taken":["M","$","M","?","M","E","$","R","T","M","?","?","E","?","R","BOSS","M","?"],"items_purchased_type":["Card","Card","Card","Card","Card","Card","Card"],"build_version":"2020-12-22","purchased_purges":11,"victory":false,"max_hp_per_floor":[80,80,80,80,80,80,80,80,80,80,87,87,87,87,87,87,87,87,87,87],"card_choices":[{"not_picked":["Second Wind","Spot Weakness","Carnage"],"picked":"SKIP","floor":1},{"not_picked":["Clash","True Grit","Headbutt"],"picked":"SKIP","floor":3},{"not_picked":["Rage","True Grit"],"picked":"Iron Wave","floor":5},{"not_picked":["Anger","Havoc","Headbutt"],"picked":"SKIP","floor":6},{"not_picked":["Spot Weakness","Anger","Sword Boomerang"],"picked":"SKIP","floor":10},{"not_picked":["Whirlwind","Warcry","Hemokinesis"],"picked":"SKIP","floor":12},{"not_picked":["Ghostly Armor","Anger"],"picked":"Entrench","floor":13},{"not_picked":["Exhume","Offering"],"picked":"Barricade","floor":16},{"not_picked":["Shrug It Off","Sever Soul+1","Headbutt+1"],"picked":"SKIP","floor":18}],"player_experience":106092,"relics_obtained":[{"floor":6,"key":"Pantograph"},{"floor":13,"key":"Boot"}],"event_choices":[{"damage_healed":0,"gold_gain":0,"player_choice":"Ignored","damage_taken":0,"max_hp_gain":0,"max_hp_loss":0,"event_name":"Golden Wing","floor":4,"gold_loss":0},{"damage_healed":0,"gold_gain":0,"player_choice":"Gave Potion","damage_taken":0,"relics_obtained":["Strawberry"],"max_hp_gain":0,"max_hp_loss":0,"event_name":"WeMeetAgain","floor":11,"gold_loss":0},{"damage_healed":0,"gold_gain":0,"player_choice":"Leave","damage_taken":0,"max_hp_gain":0,"max_hp_loss":0,"event_name":"The Cleric","floor":14,"gold_loss":0},{"damage_healed":0,"gold_gain":0,"player_choice":"Fought Bandits","damage_taken":0,"max_hp_gain":0,"max_hp_loss":0,"event_name":"Masked Bandits","floor":19,"gold_loss":0}],"is_beta":false,"boss_relics":[{"not_picked":["Fusion Hammer","Pandora\u0027s Box"],"picked":"Black Star"}],"items_purged_floors":[0,0,0,0,0,0,0,0,0,7,7],"is_endless":false,"potions_floor_spawned":[3,5,6,12,16,18],"killed_by":"Masked Bandits","ascension_level":0}}