{"host":"armnliea5o2aqs4b","time":1609665772,"event":{"mods":["BaseMod","Hubris","Infinite Spire","Minty Spire (QoL Compilation)","Quick Restart","StSLib"],"gold_per_floor":[113,125,125,125,125,156,156,173,219,243,96,96,131,146,146,244,244,263,311,311,311,331,331,331,342,342,93,123,123,138,165,165,270,270,284,284,302,302,312,312,312,312,312,328,328,363,151,168,168,168],"floor_reached":51,"playtime":1411,"items_purged":[],"score":926,"play_id":"f1caefd0-fa56-4d15-b46d-a164f66eda7f","local_time":"20210103202252","is_ascension_mode":true,"campfire_choices":[{"data":"Flame Barrier","floor":7,"key":"SMITH"},{"data":"Disarm","floor":12,"key":"SMITH"},{"data":"Berserk","floor":15,"key":"SMITH"},{"data":"hubris:DuctTapeCard","floor":23,"key":"SMITH"},{"floor":32,"key":"REST"},{"floor":40,"key":"REST"},{"data":"Flex","floor":42,"key":"SMITH"},{"data":"Heavy Blade","floor":45,"key":"SMITH"},{"floor":49,"key":"REST"}],"circlet_count":0,"master_deck":["Strike_R","Strike_R","Strike_R","Strike_R","Strike_R","Defend_R","Defend_R","Defend_R","Defend_R","Bash+1","Flame Barrier+1","Disarm+1","Berserk+1","Double Tap","hubris:DuctTapeCard+2","Thunderclap","Flex+1","Flex","Heavy Blade+1","Anger+1","Body Slam+1"],"relics":["Burning Blood","NeowsBlessing","Bronze Scales","hubris:Icosahedron","Toy Ornithopter","Juzu Bracelet","infinitespire:Lucky Rock","TheAbacus","Bag of Preparation","hubris:Backtick","hubris:DuctTape","PreservedInsect","Enchiridion","Pocketwatch","hubris:BottledRain","Ornamental Fan","Oddly Smooth Stone","Gremlin Horn","hubris:HollowSoul","hubris:Towel","Membership Card","Lizard Tail","Bottled Lightning"],"acts_visited":["Exordium","TheCity","TheBeyond"],"potions_floor_usage":[16,16,31,33,47,50,50,50],"damage_taken":[{"damage":0.0,"enemies":"Small Slimes","floor":1.0,"turns":1.0},{"damage":0.0,"enemies":"2 Louse","floor":2.0,"turns":1.0},{"damage":0,"enemies":"Gremlin Nob","floor":6,"turns":1},{"damage":0,"enemies":"Jaw Worm","floor":8,"turns":2},{"damage":0,"enemies":"Lagavulin","floor":13,"turns":5},{"damage":4,"enemies":"Red Slaver","floor":14,"turns":3},{"damage":0,"enemies":"Slime Boss","floor":16,"turns":5},{"damage":21,"enemies":"Shell Parasite","floor":18,"turns":4},{"damage":7,"enemies":"Spheric Guardian","floor":22,"turns":4},{"damage":15,"enemies":"Snake Plant","floor":25,"turns":2},{"damage":0,"enemies":"Gremlin Leader","floor":28,"turns":4},{"damage":36,"enemies":"Sentry and Sphere","floor":30,"turns":4},{"damage":8,"enemies":"Book of Stabbing","floor":31,"turns":2},{"damage":14,"enemies":"Automaton","floor":33,"turns":5},{"damage":57,"enemies":"3 Shapes","floor":35,"turns":3},{"damage":0,"enemies":"3 Darklings","floor":37,"turns":1},{"damage":0,"enemies":"Jaw Worm Horde","floor":39,"turns":2},{"damage":7,"enemies":"Transient","floor":44,"turns":5},{"damage":44,"enemies":"Reptomancer","floor":46,"turns":4},{"damage":55,"enemies":"Spire Growth","floor":48,"turns":4},{"damage":92,"enemies":"infinitespire:MassOfShapes","floor":50,"turns":8}],"seed_played":"-3852053459216671003","potions_obtained":[{"floor":6,"key":"Fire Potion"},{"floor":13,"key":"BlessingOfTheForge"},{"floor":22,"key":"Weak Potion"},{"floor":31,"key":"SkillPotion"},{"floor":33,"key":"Fire Potion"},{"floor":35,"key":"ColorlessPotion"},{"floor":44,"key":"PowerPotion"}],"is_trial":false,"path_per_floor":["M","M","?","?","?","E","R","M","T","T","$","R","E","M","R","B",null,"M","T","?","?","M","R","?","M","T","$","E","?","M","E","R","B",null,"M","?","M","AVR","M","R","?","R","T","M","R","E","$","M","R","B",null],"character_chosen":"IRONCLAD","items_purchased":["TheAbacus","hubris:BottledRain","Bottled Lightning","Fruit Juice","Ancient Potion"],"campfire_rested":3,"item_purchase_floors":[11,27,47,47,47],"current_hp_per_floor":[80,80,64,57,57,63,63,69,69,69,69,69,75,77,77,80,80,65,65,49,49,48,48,48,39,39,39,45,45,15,18,42,39,80,29,29,35,35,41,65,65,65,65,64,64,26,36,61,85,14],"gold":168,"neow_bonus":"THREE_ENEMY_KILL","is_daily":false,"chose_seed":false,"campfire_upgraded":6,"win_rate":0.0,"timestamp":1609665772,"path_taken":["M","M","?","?","?","E","R","M","T","?","?","R","E","M","R","BOSS","M","?","?","?","M","R","?","M","T","?","E","?","M","E","R","BOSS","M","?","M","AVR","M","R","?","R","T","M","R","E","$","M","R","BOSS"],"items_purchased_type":["Relic","Relic","Relic","Potion","Potion"],"build_version":"2020-12-22","purchased_purges":0,"victory":true,"max_hp_per_floor":[80,80,80,80,80,80,80,80,80,80,80,80,80,80,80,80,80,80,80,80,80,80,80,80,80,80,80,80,80,80,80,80,80,80,80,80,80,80,80,80,80,80,80,80,80,80,85,85,85,85],"card_choices":[{"not_picked":["Combust","Sword Boomerang"],"picked":"Whirlwind","floor":1.0},{"not_picked":["Perfected Strike","Clothesline","Combust"],"picked":"SKIP","floor":2.0},{"not_picked":["Feel No Pain","Shrug It Off"],"picked":"Flame Barrier","floor":6},{"not_picked":["Cleave","Iron Wave"],"picked":"Disarm","floor":8},{"not_picked":["Feel No Pain","Burning Pact"],"picked":"Berserk","floor":13},{"not_picked":["Warcry","Shrug It Off"],"picked":"Inflame","floor":14},{"not_picked":["Exhume","Feed"],"picked":"Double Tap","floor":16},{"not_picked":["Havoc","Twin Strike"],"picked":"Thunderclap","floor":18},{"not_picked":["Twin Strike+1","hubris:CleavingFinish"],"picked":"Flex","floor":22},{"not_picked":["Body Slam","Wild Strike"],"picked":"Heavy Blade","floor":25},{"not_picked":["Burning Pact","Feel No Pain+1"],"picked":"Anger+1","floor":28},{"not_picked":["Flex+1","Pummel+1","Perfected Strike"],"picked":"SKIP","floor":30},{"not_picked":["Brutality","Perfected Strike+1","Thunderclap+1"],"picked":"SKIP","floor":31},{"not_picked":["True Grit","hubris:ReadiedAction"],"picked":"Body Slam+1","floor":35},{"not_picked":["Entrench+1","Wild Strike","Twin Strike"],"picked":"SKIP","floor":37},{"not_picked":["Havoc+1","Body Slam+1","Perfected Strike+1"],"picked":"SKIP","floor":39},{"not_picked":["Flex","Reckless Charge+1","Flame Barrier"],"picked":"SKIP","floor":44},{"not_picked":["Intimidate","Twin Strike","Berserk"],"picked":"SKIP","floor":46},{"not_picked":["Flex+1","Reckless Charge","Sever Soul+1"],"picked":"SKIP","floor":48}],"player_experience":144476,"relics_obtained":[{"floor":6,"key":"Toy Ornithopter"},{"floor":9,"key":"Juzu Bracelet"},{"floor":10,"key":"infinitespire:Lucky Rock"},{"floor":13,"key":"Bag of Preparation"},{"floor":19,"key":"PreservedInsect"},{"floor":20,"key":"Enchiridion"},{"floor":26,"key":"Pocketwatch"},{"floor":28,"key":"Ornamental Fan"},{"floor":31,"key":"Gremlin Horn"},{"floor":46,"key":"Lizard Tail"}],"event_choices":[{"damage_healed":0.0,"max_hp_gain":0.0,"max_hp_loss":0.0,"gold_gain":0.0,"event_name":"Shining Light","player_choice":"Entered Light","floor":3.0,"gold_loss":0.0,"damage_taken":16.0,"cards_upgraded":["Bash","Whirlwind"]},{"damage_healed":0.0,"max_hp_gain":0.0,"max_hp_loss":0.0,"gold_gain":0.0,"event_name":"Scrap Ooze","player_choice":"Success","floor":4.0,"gold_loss":0.0,"damage_taken":7.0,"relics_obtained":["Bronze Scales"]},{"damage_healed":0,"gold_gain":0,"player_choice":"Obtained Book","damage_taken":16,"max_hp_gain":0,"max_hp_loss":0,"event_name":"Cursed Tome","floor":20,"gold_loss":0},{"damage_healed":0,"gold_gain":0,"player_choice":"Ignored","damage_taken":0,"max_hp_gain":0,"max_hp_loss":0,"event_name":"Ghosts","floor":21,"gold_loss":0},{"damage_healed":0,"gold_gain":0,"player_choice":"1 cards matched","damage_taken":0,"max_hp_gain":0,"max_hp_loss":0,"event_name":"Match and Keep!","floor":24,"gold_loss":0,"cards_obtained":["Flex"]},{"damage_healed":0,"gold_gain":0,"player_choice":"Opened","damage_taken":0,"relics_obtained":["Oddly Smooth Stone"],"max_hp_gain":0,"max_hp_loss":0,"event_name":"The Mausoleum","floor":29,"gold_loss":0}],"is_beta":false,"boss_relics":[{"not_picked":["hubris:VirtuousBlindfold","Tiny House"],"picked":"hubris:Backtick"},{"not_picked":["Empty Cage","Philosopher\u0027s Stone"],"picked":"hubris:HollowSoul"}],"items_purged_floors":[],"is_endless":false,"potions_floor_spawned":[6,13,22,31,33,35,44,48],"ascension_level":2}}