{"host":"ta9mufxydm4vkknf","time":1609703805,"event":{"mods":["AchievementEnabler","BaseMod","Minty Spire (QoL Compilation)"],"gold_per_floor":[110,122,122,122,139,171,185,185,185,210,227,259,259,290,290,388,388,407,407,424,91,108,140,140,170,170,196,46,58,72,104,104,199,199,217,264,314,314,332,365,365,390,390,390,390,420,440,472,472,472],"floor_reached":51,"playtime":5035,"items_purged":["Skim"],"score":1142,"play_id":"eb0b0f60-6954-406f-a9cc-8d18dc8e21d4","local_time":"20210103205645","is_ascension_mode":true,"campfire_choices":[{"floor":8,"key":"REST"},{"data":"Buffer","floor":13,"key":"SMITH"},{"data":"Ball Lightning","floor":15,"key":"SMITH"},{"floor":32,"key":"REST"},{"data":"Defragment","floor":41,"key":"SMITH"},{"floor":49,"key":"REST"}],"circlet_count":0,"master_deck":["Zap+1","Dualcast","BootSequence+1","Defragment+1","Ball Lightning+1","Cold Snap","Buffer+1","Conserve Battery","Auto Shields","Echo Form+1","Go for the Eyes","Gash","Turbo","Sunder","Recycle","Heatsinks+1","Static Discharge+1","Beam Cell","Sweeping Beam+1","Rebound+1","Chill","Redo+1","BootSequence+1","Creative AI+1","Loop+1","Double Energy","Redo+1","Swift Strike","Meteor Strike","Steam+1"],"relics":["Runic Pyramid","Mango","Pantograph","Pear","Incense Burner","Frozen Egg 2","Pandora\u0027s Box","Toy Ornithopter","Cables","Potion Belt","DataDisk","Matryoshka","Anchor","Runic Capacitor","Kunai","SacredBark","Gambling Chip","Peace Pipe","Dream Catcher","Juzu Bracelet","Boot","Vajra","Calipers","MealTicket"],"acts_visited":["Exordium","TheCity","TheBeyond"],"potions_floor_usage":[10,29,29,36,37,42,42,48,48],"damage_taken":[{"damage":5,"enemies":"2 Louse","floor":1,"turns":4},{"damage":0,"enemies":"Cultist","floor":2,"turns":4},{"damage":0,"enemies":"Jaw Worm","floor":5,"turns":4},{"damage":40,"enemies":"3 Sentries","floor":6,"turns":8},{"damage":15,"enemies":"Gremlin Gang","floor":7,"turns":5},{"damage":12,"enemies":"Lagavulin","floor":10,"turns":5},{"damage":0,"enemies":"Looter","floor":11,"turns":4},{"damage":2,"enemies":"3 Sentries","floor":12,"turns":8},{"damage":0,"enemies":"Lagavulin","floor":14,"turns":7},{"damage":11,"enemies":"Hexaghost","floor":16,"turns":12},{"damage":4,"enemies":"3 Byrds","floor":18,"turns":4},{"damage":1,"enemies":"Shell Parasite","floor":20,"turns":5},{"damage":1,"enemies":"Centurion and Healer","floor":22,"turns":6},{"damage":38,"enemies":"Gremlin Leader","floor":23,"turns":6},{"damage":16,"enemies":"Slavers","floor":25,"turns":4},{"damage":6,"enemies":"Book of Stabbing","floor":27,"turns":5},{"damage":0,"enemies":"Snake Plant","floor":29,"turns":6},{"damage":0,"enemies":"Cultist and Chosen","floor":30,"turns":7},{"damage":10,"enemies":"Slavers","floor":31,"turns":5},{"damage":0,"enemies":"Automaton","floor":33,"turns":8},{"damage":0,"enemies":"Orb Walker","floor":35,"turns":6},{"damage":11,"enemies":"2 Orb Walkers","floor":36,"turns":5},{"damage":0,"enemies":"Mind Bloom Boss Battle","floor":37,"turns":8},{"damage":2,"enemies":"3 Shapes","floor":39,"turns":6},{"damage":0,"enemies":"Giant Head","floor":40,"turns":8},{"damage":0,"enemies":"Nemesis","floor":42,"turns":7},{"damage":10,"enemies":"Giant Head","floor":46,"turns":9},{"damage":23,"enemies":"3 Darklings","floor":47,"turns":5},{"damage":0,"enemies":"Reptomancer","floor":48,"turns":6},{"damage":30,"enemies":"Time Eater","floor":50,"turns":9}],"seed_played":"8741255135668342617","potions_obtained":[{"floor":2,"key":"LiquidMemories"},{"floor":10,"key":"SpeedPotion"},{"floor":11,"key":"BlessingOfTheForge"},{"floor":12,"key":"Dexterity Potion"},{"floor":16,"key":"EssenceOfSteel"},{"floor":20,"key":"Strength Potion"},{"floor":25,"key":"Block Potion"},{"floor":29,"key":"ColorlessPotion"},{"floor":31,"key":"AttackPotion"},{"floor":35,"key":"FocusPotion"},{"floor":36,"key":"Block Potion"},{"floor":39,"key":"FocusPotion"},{"floor":46,"key":"Dexterity Potion"},{"floor":47,"key":"LiquidMemories"}],"is_trial":false,"path_per_floor":["M","M","?","?","M","E","M","R","T","E","M","E","R","E","R","B",null,"M","?","M","$","M","E","?","E","T","E","$","M","M","E","R","B",null,"M","?","?","?","M","E","R","E","T","?","?","E","M","E","R","B",null],"character_chosen":"DEFECT","items_purchased":["Cables","Runic Capacitor"],"campfire_rested":3,"item_purchase_floors":[21,28],"current_hp_per_floor":[70,70,55,55,55,29,14,40,40,38,38,36,36,36,36,50,99,95,95,94,94,93,55,35,19,19,13,13,23,23,13,44,69,104,104,93,104,104,102,102,102,104,104,99,99,89,66,76,99,69],"gold":472,"neow_bonus":"BOSS_RELIC","is_daily":false,"chose_seed":false,"campfire_upgraded":3,"win_rate":0.0,"timestamp":1609703805,"path_taken":["M","M","?","?","M","E","M","R","T","E","?","E","R","E","R","BOSS","M","?","?","$","M","E","?","E","T","E","?","?","?","E","R","BOSS","M","?","?","?","M","E","R","E","T","?","?","E","M","E","R","BOSS"],"items_purchased_type":["Relic","Relic"],"build_version":"2020-12-22","purchased_purges":1,"victory":true,"max_hp_per_floor":[75,75,75,75,75,89,89,89,89,99,99,99,99,99,99,99,99,99,99,99,99,99,99,104,104,104,104,104,104,104,104,104,104,104,104,104,104,104,104,104,104,104,104,99,99,99,99,99,99,99],"card_choices":[{"not_picked":["Hologram","Cold Snap"],"picked":"BootSequence","floor":1},{"not_picked":["Force Field","Steam"],"picked":"Skim","floor":2},{"not_picked":["Sunder","FTL"],"picked":"Defragment","floor":5},{"not_picked":["Glacier","Compile Driver"],"picked":"Ball Lightning","floor":6},{"not_picked":["Compile Driver","Rip and Tear"],"picked":"Cold Snap","floor":7},{"not_picked":["Consume","Redo"],"picked":"Buffer","floor":10},{"not_picked":["Go for the Eyes","Leap"],"picked":"Conserve Battery","floor":11},{"not_picked":["Core Surge","Leap"],"picked":"Auto Shields","floor":12},{"not_picked":["BootSequence","Scrape","Conserve Battery"],"picked":"SKIP","floor":14},{"not_picked":["Seek","Rainbow"],"picked":"Echo Form+1","floor":16},{"not_picked":["Barrage+1","Hologram"],"picked":"Beam Cell","floor":18},{"not_picked":["Go for the Eyes","Ball Lightning"],"picked":"Sweeping Beam+1","floor":20},{"not_picked":["Compile Driver+1","Beam Cell"],"picked":"Rebound+1","floor":22},{"not_picked":["Streamline","Lockon+1"],"picked":"Chill","floor":23},{"not_picked":["BootSequence","Compile Driver+1"],"picked":"Redo+1","floor":25},{"not_picked":["Darkness","Ball Lightning"],"picked":"BootSequence+1","floor":27},{"not_picked":["Reprogram","Rebound","Steam"],"picked":"SKIP","floor":29},{"not_picked":["Conserve Battery","Stack","Reprogram"],"picked":"SKIP","floor":30},{"not_picked":["Barrage+1","Sunder"],"picked":"Creative AI+1","floor":31},{"not_picked":["Cold Snap+1","Beam Cell"],"picked":"Loop+1","floor":35},{"not_picked":["Turbo","Rebound"],"picked":"Double Energy","floor":36},{"not_picked":["Leap","Stack"],"picked":"Redo+1","floor":39},{"not_picked":["Conserve Battery+1","Sweeping Beam+1","Compile Driver"],"picked":"SKIP","floor":40},{"not_picked":["Barrage+1","Ball Lightning+1","Go for the Eyes"],"picked":"SKIP","floor":42},{"not_picked":["Madness","Impatience"],"picked":"Swift Strike","floor":45},{"not_picked":["Auto Shields","Fusion"],"picked":"Meteor Strike","floor":46},{"not_picked":["Genetic Algorithm","Compile Driver","Sweeping Beam+1"],"picked":"SKIP","floor":47},{"not_picked":["Force Field+1","Go for the Eyes","Scrape"],"picked":"SKIP","floor":48},{"not_picked":["Gash+1","Go for the Eyes"],"picked":"Steam+1","floor":49}],"player_experience":173907,"relics_obtained":[{"floor":6,"key":"Mango"},{"floor":9,"key":"Pantograph"},{"floor":10,"key":"Pear"},{"floor":12,"key":"Incense Burner"},{"floor":14,"key":"Frozen Egg 2"},{"floor":23,"key":"Potion Belt"},{"floor":25,"key":"DataDisk"},{"floor":26,"key":"Matryoshka"},{"floor":27,"key":"Anchor"},{"floor":31,"key":"Kunai"},{"floor":36,"key":"Gambling Chip"},{"floor":37,"key":"Peace Pipe"},{"floor":40,"key":"Dream Catcher"},{"floor":42,"key":"Juzu Bracelet"},{"floor":43,"key":"Boot"},{"floor":43,"key":"Vajra"},{"floor":46,"key":"Calipers"},{"floor":48,"key":"MealTicket"}],"event_choices":[{"damage_healed":0,"gold_gain":0,"player_choice":"Entered Light","damage_taken":15,"max_hp_gain":0,"max_hp_loss":0,"event_name":"Shining Light","floor":3,"gold_loss":0,"cards_upgraded":["Strike_B","Zap"]},{"damage_healed":0,"gold_gain":0,"player_choice":"Upgraded","damage_taken":0,"max_hp_gain":0,"max_hp_loss":0,"event_name":"Upgrade Shrine","floor":4,"gold_loss":0,"cards_upgraded":["BootSequence"]},{"damage_healed":0,"gold_gain":0,"player_choice":"Gave Potion","damage_taken":0,"relics_obtained":["Toy Ornithopter"],"max_hp_gain":0,"max_hp_loss":0,"event_name":"WeMeetAgain","floor":19,"gold_loss":0},{"damage_healed":0,"gold_gain":0,"player_choice":"Shed Blood","damage_taken":25,"max_hp_gain":5,"max_hp_loss":0,"event_name":"Forgotten Altar","floor":24,"gold_loss":0},{"damage_healed":0,"gold_gain":0,"player_choice":"Fight","damage_taken":0,"max_hp_gain":0,"max_hp_loss":0,"event_name":"Mysterious Sphere","floor":36,"gold_loss":0},{"damage_healed":0,"gold_gain":0,"player_choice":"Fight","damage_taken":0,"max_hp_gain":0,"max_hp_loss":0,"event_name":"MindBloom","floor":37,"gold_loss":0},{"cards_removed":["All For One"],"damage_healed":0,"gold_gain":0,"player_choice":"Removed Attack","damage_taken":0,"max_hp_gain":0,"max_hp_loss":0,"event_name":"Falling","floor":38,"gold_loss":0},{"damage_healed":0,"gold_gain":0,"player_choice":"Max HP","damage_taken":0,"max_hp_gain":0,"max_hp_loss":5,"event_name":"Winding Halls","floor":44,"gold_loss":0},{"damage_healed":0,"gold_gain":0,"player_choice":"Memory 1","damage_taken":0,"max_hp_gain":0,"max_hp_loss":0,"event_name":"SensoryStone","floor":45,"gold_loss":0}],"is_beta":false,"boss_relics":[{"not_picked":["Snecko Eye","Sozu"],"picked":"Pandora\u0027s Box"},{"not_picked":["Empty Cage","Astrolabe"],"picked":"SacredBark"}],"items_purged_floors":[21],"is_endless":false,"potions_floor_spawned":[2,10,11,12,16,20,25,29,31,35,36,39,46,47],"ascension_level":3}}