{"host":"2sgp1y8068jueevu","time":1609690587,"event":{"mods":["Arknights The Spire","BaseMod","CapriCore","Downfall","Marisa£®ÏF”Í°°ƒß¿Ì…≥£©","Minty Spire (QoL Compilation)","StSLib","Waifu the Spire"],"gold_per_floor":[109,109,39,53,53,84,84,114,114,39,39,39,39,64,64,190,253,272,295,142,142,142,142,142,142],"floor_reached":24,"playtime":1293,"items_purged":["ats:Strike V","ats:Strike G"],"score":225,"play_id":"df4db3e7-4e66-4d35-80a9-5bf15bb6d77f","local_time":"20210104001627","is_ascension_mode":false,"campfire_choices":[{"data":"ats:Poison Spread","floor":7,"key":"SMITH"},{"data":"ats:Emotion Absorption","floor":11,"key":"SMITH"},{"floor":15,"key":"REST"},{"data":"ats:Neurotoxin","floor":23,"key":"SMITH"}],"circlet_count":0,"master_deck":["ats:Strike C+1","ats:Strike S","ats:Armor Crushing Shot","ats:Defend+1","ats:Defend","ats:Defend+1","ats:Defend","ats:Emotion Absorption+1","ats:Explosion Area Strengthen","ats:Rapid Magazine+1","ats:Consecutive Shot Auto","ats:Poison Spread+1","ats:Consecutive Shot Auto","ats:Wolf Pack","ats:Charging Defense+1","ats:Shadow Raid+1","ats:Powerful Strike","ats:Neurotoxin+1"],"relics":["ats:Sanity","NeowsBlessing","ats:Originium","Shuriken","Mummified Hand","Toxic Egg 2","Golden Idol","Tiny House"],"acts_visited":["Exordium","TheCity"],"potions_floor_usage":[16,16,19,24],"damage_taken":[{"damage":0,"enemies":"Jaw Worm","floor":1,"turns":1},{"damage":0,"enemies":"2 Louse","floor":4,"turns":1},{"damage":0,"enemies":"3 Sentries","floor":6,"turns":2},{"damage":28,"enemies":"Lagavulin","floor":8,"turns":5},{"damage":10,"enemies":"Small Slimes","floor":14,"turns":2},{"damage":8,"enemies":"Hexaghost","floor":16,"turns":8},{"damage":28,"enemies":"2 Thieves","floor":18,"turns":5},{"damage":18,"enemies":"Shell Parasite","floor":19,"turns":6},{"damage":41,"enemies":"Book of Stabbing","floor":24,"turns":4}],"seed_played":"5176450417489536920","potions_obtained":[{"floor":4,"key":"Fire Potion"},{"floor":8,"key":"SmokeBomb"},{"floor":13,"key":"Strength Potion"},{"floor":13,"key":"Dexterity Potion"},{"floor":17,"key":"Regen Potion"},{"floor":18,"key":"Dexterity Potion"}],"is_trial":false,"path_per_floor":["M","?","$","M","?","E","R","E","T","$","R","?","?","M","R","B",null,"M","M","$","?","?","R","E"],"character_chosen":"DOCTOR_CLASS","items_purchased":["ats:Rapid Magazine","ats:Powerful Strike"],"campfire_rested":1,"item_purchase_floors":[3,20],"current_hp_per_floor":[72,58,58,58,58,58,58,30,30,30,30,30,30,20,40,32,72,44,40,40,40,40,40,0,0],"gold":142,"neow_bonus":"THREE_ENEMY_KILL","is_daily":false,"chose_seed":false,"campfire_upgraded":3,"win_rate":0.0,"timestamp":1609690587,"path_taken":["M","?","$","M","?","E","R","E","T","$","R","?","?","M","R","BOSS","M","M","$","?","?","R","E"],"items_purchased_type":["Card","Card"],"build_version":"2020-12-22","purchased_purges":2,"victory":false,"max_hp_per_floor":[72,72,72,72,72,72,72,72,72,72,72,67,67,67,67,67,72,72,72,72,72,72,72,72,72],"card_choices":[{"not_picked":["ats:Ignite","ats:Hammer On"],"picked":"ats:Explosion Area Strengthen","floor":1},{"not_picked":["ats:Directed Diagnosis","ats:Blood Oath"],"picked":"ats:Consecutive Shot Auto","floor":4},{"not_picked":["ats:Blood Oath","ats:Shell Defense"],"picked":"ats:Poison Spread","floor":6},{"not_picked":["ats:Healing Strengthening","ats:Revitalization"],"picked":"ats:Consecutive Shot Auto","floor":8},{"not_picked":["ats:Revitalization+1","ats:Curse Doll+1","ats:Explosion Area Strengthen"],"picked":"SKIP","floor":14},{"not_picked":["ats:Soul Rend","ats:Echo Reverb+1"],"picked":"ats:Wolf Pack","floor":16},{"not_picked":["ats:Cat Scratch","ats:Leaping Hammer"],"picked":"ats:Charging Defense+1","floor":17},{"not_picked":["ats:Thermite Blade","ats:Encircling Forest+1"],"picked":"ats:Shadow Raid+1","floor":18},{"not_picked":["ats:Blood Oath","ats:Leaping Hammer+1","ats:Cat Scratch"],"picked":"SKIP","floor":19}],"player_experience":22236,"relics_obtained":[{"floor":6,"key":"ats:Originium"},{"floor":6,"key":"Shuriken"},{"floor":8,"key":"ats:Originium"},{"floor":8,"key":"Mummified Hand"},{"floor":9,"key":"Toxic Egg 2"}],"event_choices":[{"damage_healed":0,"gold_gain":0,"player_choice":"Entered Light","damage_taken":14,"max_hp_gain":0,"max_hp_loss":0,"event_name":"Shining Light","floor":2,"gold_loss":0,"cards_upgraded":["ats:Defend","ats:Defend"]},{"damage_healed":0,"gold_gain":0,"player_choice":"Grow","damage_taken":0,"max_hp_gain":0,"max_hp_loss":0,"event_name":"Living Wall","floor":5,"gold_loss":0,"cards_upgraded":["ats:Rapid Magazine"]},{"damage_healed":0,"gold_gain":0,"player_choice":"Lose Max HP","damage_taken":0,"relics_obtained":["Golden Idol"],"max_hp_gain":0,"max_hp_loss":5,"event_name":"Golden Idol","floor":12,"gold_loss":0},{"damage_healed":0,"gold_gain":0,"player_choice":"Got Potions","damage_taken":0,"max_hp_gain":0,"max_hp_loss":0,"event_name":"Lab","floor":13,"gold_loss":0},{"damage_healed":0,"gold_gain":0,"player_choice":"Ignored","damage_taken":0,"max_hp_gain":0,"max_hp_loss":0,"event_name":"Ghosts","floor":21,"gold_loss":0},{"damage_healed":0,"gold_gain":0,"player_choice":"Read","damage_taken":0,"max_hp_gain":0,"max_hp_loss":0,"event_name":"The Library","floor":22,"gold_loss":0,"cards_obtained":["ats:Neurotoxin"]}],"is_beta":false,"boss_relics":[{"not_picked":["SacredBark","Ectoplasm"],"picked":"Tiny House"}],"items_purged_floors":[10,20],"is_endless":false,"potions_floor_spawned":[4,8,18],"killed_by":"Book of Stabbing","ascension_level":0}}