{"host":"m77rrhbqzv44va4v","time":1609681085,"event":{"mods":["AchievementEnabler","BaseMod","Colored Map","DeckTracker","Keyboard Shortcuts","Minty Spire (QoL Compilation)","StSLib","SuperFastMode","everything is the same but u backflip on backflip"],"gold_per_floor":[119,69,85,99,99,125,144,144,168,168,181,193,225,237,237,237,237],"floor_reached":16,"playtime":409,"items_purged":[],"score":160,"play_id":"83a90c4d-8ad3-4cf4-b382-18ab65410297","local_time":"20210103223805","is_ascension_mode":true,"campfire_choices":[{"data":"Consume","floor":8.0,"key":"SMITH"},{"data":"Biased Cognition","floor":10.0,"key":"SMITH"},{"floor":15.0,"key":"REST"}],"circlet_count":0,"master_deck":["Strike_B","Strike_B","Strike_B","Defend_B","Defend_B","Defend_B","Defend_B","Zap","Dualcast+1","Ball Lightning","Glacier","Consume+1","Biased Cognition+1","Cold Snap","Self Repair","Redo","Genetic Algorithm"],"relics":["Cracked Core","Anchor","Smiling Mask","Ancient Tea Set"],"acts_visited":["Exordium"],"potions_floor_usage":[],"damage_taken":[{"damage":0.0,"enemies":"Small Slimes","floor":1.0,"turns":2.0},{"damage":0.0,"enemies":"2 Louse","floor":3.0,"turns":2.0},{"damage":0.0,"enemies":"Cultist","floor":4.0,"turns":4.0},{"damage":25.0,"enemies":"Lagavulin","floor":6.0,"turns":6.0},{"damage":0.0,"enemies":"3 Louse","floor":7.0,"turns":4.0},{"damage":0.0,"enemies":"Large Slime","floor":11.0,"turns":3.0},{"damage":0.0,"enemies":"Looter","floor":12.0,"turns":4.0},{"damage":34.0,"enemies":"Gremlin Nob","floor":13.0,"turns":4.0},{"damage":8.0,"enemies":"Blue Slaver","floor":14.0,"turns":3.0},{"damage":49,"enemies":"Slime Boss","floor":16,"turns":11}],"seed_played":"3076388241154348898","potions_obtained":[{"floor":4.0,"key":"EssenceOfDarkness"},{"floor":6.0,"key":"SmokeBomb"},{"floor":7.0,"key":"EntropicBrew"},{"floor":13.0,"key":"ColorlessPotion"}],"is_trial":false,"path_per_floor":["M","?","M","M","?","E","M","R","T","R","M","M","E","M","R","B"],"character_chosen":"DEFECT","items_purchased":[],"campfire_rested":1,"item_purchase_floors":[],"current_hp_per_floor":[68,68,68,68,68,43,43,43,43,43,43,50,23,22,44,0,0],"gold":237,"neow_bonus":"UPGRADE_CARD","is_daily":false,"chose_seed":false,"campfire_upgraded":2,"win_rate":0.0,"timestamp":1609681085,"path_taken":["M","?","M","M","?","E","?","R","T","R","M","M","E","M","R","BOSS"],"items_purchased_type":[],"build_version":"2020-12-22","purchased_purges":0,"victory":false,"max_hp_per_floor":[75,75,75,75,75,75,75,75,75,75,75,75,75,75,75,75,75],"card_choices":[{"not_picked":["Darkness","Melter"],"picked":"Ball Lightning","floor":1.0},{"not_picked":["Compile Driver","Melter"],"picked":"Glacier","floor":3.0},{"not_picked":["Barrage","Capacitor"],"picked":"Consume","floor":4.0},{"not_picked":["Ball Lightning","Turbo"],"picked":"Biased Cognition","floor":6.0},{"not_picked":["Go for the Eyes","Redo"],"picked":"Cold Snap","floor":7.0},{"not_picked":["Genetic Algorithm","Sunder"],"picked":"Self Repair","floor":11.0},{"not_picked":["Coolheaded","Sunder"],"picked":"Redo","floor":12.0},{"not_picked":["Streamline","Reinforced Body"],"picked":"Genetic Algorithm","floor":13.0},{"not_picked":["Gash","Streamline","Rebound"],"picked":"SKIP","floor":14.0}],"player_experience":879501,"relics_obtained":[{"floor":6.0,"key":"Anchor"},{"floor":9.0,"key":"Smiling Mask"},{"floor":13.0,"key":"Ancient Tea Set"}],"event_choices":[{"cards_removed":["Strike_B"],"damage_healed":0.0,"max_hp_gain":0.0,"max_hp_loss":0.0,"gold_gain":0.0,"event_name":"The Cleric","player_choice":"Card Removal","floor":2.0,"gold_loss":50.0,"damage_taken":0.0},{"damage_healed":0.0,"max_hp_gain":0.0,"max_hp_loss":0.0,"gold_gain":0.0,"event_name":"The Woman in Blue","player_choice":"Bought 0 Potions","floor":5.0,"gold_loss":0.0,"damage_taken":0.0}],"is_beta":false,"boss_relics":[],"items_purged_floors":[],"is_endless":false,"potions_floor_spawned":[4,6,7,13],"killed_by":"Slime Boss","ascension_level":8}}