{"host":"7gewg82ormp6yt4e","time":1609668467,"event":{"mods":["BaseMod","Block Reminder","Colored Map","Colored Powertips","DeckTracker","Highlight Path","Minty Spire (QoL Compilation)","Relic Stats","StSLib"],"gold_per_floor":[115,3,13,13,13,13,88,68,68,87,98,114,114,141,141,218,218,228,238,288,304,28,28,28,28,28,28,28,38,63,63,63,63,63],"floor_reached":33,"playtime":1595,"items_purged":["Normality"],"score":526,"play_id":"57f34992-74c6-4db2-97aa-9ed587503bb5","local_time":"20210103190747","is_ascension_mode":true,"campfire_choices":[{"data":"Chaos","floor":6,"key":"SMITH"},{"data":"Barrage","floor":13,"key":"SMITH"},{"data":"Capacitor","floor":15,"key":"SMITH"},{"data":"Coolheaded","floor":23,"key":"SMITH"},{"data":"Seek","floor":25,"key":"SMITH"},{"data":"Undo","floor":27,"key":"SMITH"},{"data":"Fission","floor":32,"key":"SMITH"}],"circlet_count":0,"master_deck":["AscendersBane","Strike_B","Strike_B","Strike_B","Strike_B","Defend_B","Defend_B","Defend_B","Defend_B","Zap","Dualcast","Barrage+1","Chaos+1","Capacitor+1","Ball Lightning","Compile Driver","Undo+1","Seek+1","Biased Cognition+1","Steam","Barrage+1","Coolheaded+1","Biased Cognition+1","Conserve Battery","Fission+1","Ghostly","Ghostly","Ghostly"],"relics":["Cracked Core","Peace Pipe","Lizard Tail","Eternal Feather","Frozen Egg 2","Coffee Dripper","Meat on the Bone","HornCleat","CaptainsWheel"],"acts_visited":["Exordium","TheCity"],"potions_floor_usage":[14,14,19,30,32],"damage_taken":[{"damage":1,"enemies":"2 Louse","floor":1,"turns":2},{"damage":9,"enemies":"Jaw Worm","floor":3,"turns":4},{"damage":4,"enemies":"Small Slimes","floor":10,"turns":3},{"damage":9,"enemies":"Red Slaver","floor":11,"turns":3},{"damage":1,"enemies":"Exordium Thugs","floor":12,"turns":3},{"damage":3,"enemies":"Lagavulin","floor":14,"turns":4},{"damage":32,"enemies":"Slime Boss","floor":16,"turns":11},{"damage":35,"enemies":"Shell Parasite","floor":18,"turns":5},{"damage":12,"enemies":"3 Byrds","floor":19,"turns":6},{"damage":29,"enemies":"Snake Plant","floor":21,"turns":5},{"damage":0,"enemies":"Sentry and Sphere","floor":29,"turns":3},{"damage":31,"enemies":"Slavers","floor":30,"turns":5},{"damage":103,"enemies":"Collector","floor":33,"turns":9}],"seed_played":"5296777477866841286","potions_obtained":[{"floor":8,"key":"LiquidBronze"},{"floor":10,"key":"PotionOfCapacity"},{"floor":11,"key":"FearPotion"},{"floor":12,"key":"Block Potion"},{"floor":16,"key":"BlessingOfTheForge"},{"floor":21,"key":"FairyPotion"},{"floor":29,"key":"ColorlessPotion"},{"floor":30,"key":"Fruit Juice"}],"is_trial":false,"path_per_floor":["M","$","M","$","?","R","?","?","T","M","M","M","R","E","R","B",null,"M","M","?","M","$","R","?","R","T","R","?","M","E","?","R","B"],"character_chosen":"DEFECT","items_purchased":["Chaos","Meat on the Bone"],"campfire_rested":0,"item_purchase_floors":[2,22],"current_hp_per_floor":[63,63,54,54,43,43,32,32,32,28,19,18,27,24,33,1,54,19,7,7,15,15,27,27,39,39,51,51,51,32,32,40,0,0],"gold":63,"neow_bonus":"ONE_RARE_RELIC","is_daily":false,"chose_seed":false,"campfire_upgraded":7,"win_rate":0.0,"timestamp":1609668467,"path_taken":["M","$","M","$","?","R","?","?","T","M","M","?","R","E","R","BOSS","M","M","?","M","$","R","?","R","T","R","?","?","E","?","R","BOSS"],"items_purchased_type":["Card","Relic"],"build_version":"2020-12-22","purchased_purges":1,"victory":false,"max_hp_per_floor":[71,71,71,71,71,71,71,71,71,71,71,71,71,71,71,71,71,71,71,71,71,71,71,71,71,71,71,71,71,71,35,40,40,40],"relic_stats":{"Peace Pipe":0,"Lizard Tail":35,"counters":[13,63],"Eternal Feather":57,"obtain_stats":[{"Peace Pipe":0,"Lizard Tail":5,"CaptainsWheel":30,"HornCleat":26,"Eternal Feather":9,"Coffee Dripper":17,"Frozen Egg 2":14,"Cracked Core":0,"Meat on the Bone":22},{"Peace Pipe":0,"Lizard Tail":2,"CaptainsWheel":12,"HornCleat":10,"Eternal Feather":2,"Coffee Dripper":7,"Frozen Egg 2":6,"Cracked Core":0,"Meat on the Bone":10},{"Peace Pipe":0,"Lizard Tail":6,"CaptainsWheel":54,"HornCleat":46,"Eternal Feather":6,"Coffee Dripper":30,"Frozen Egg 2":19,"Cracked Core":0,"Meat on the Bone":46}],"Meat on the Bone":12},"card_choices":[{"not_picked":["Streamline","Beam Cell"],"picked":"Barrage","floor":1},{"not_picked":["Go for the Eyes","Self Repair"],"picked":"Capacitor","floor":3},{"not_picked":["Turbo","Coolheaded"],"picked":"Ball Lightning","floor":10},{"not_picked":["FTL","Tempest"],"picked":"Compile Driver","floor":11},{"not_picked":["Turbo","Conserve Battery"],"picked":"Undo","floor":12},{"not_picked":["Cold Snap","Lockon"],"picked":"Seek","floor":14},{"not_picked":["Core Surge","Reboot"],"picked":"Biased Cognition+1","floor":16},{"not_picked":["Stack","Go for the Eyes"],"picked":"Steam","floor":18},{"not_picked":["Stack","Consume"],"picked":"Barrage+1","floor":19},{"not_picked":["Heatsinks+1","Stack"],"picked":"Coolheaded","floor":21},{"not_picked":["Compile Driver","Conserve Battery","Barrage"],"picked":"SKIP","floor":29},{"not_picked":["Compile Driver","Barrage"],"picked":"Conserve Battery","floor":29},{"not_picked":["Steam","Leap"],"picked":"Fission","floor":30}],"player_experience":2448780,"relics_obtained":[{"floor":9,"key":"Eternal Feather"},{"floor":14,"key":"Frozen Egg 2"},{"floor":26,"key":"HornCleat"},{"floor":30,"key":"CaptainsWheel"}],"event_choices":[{"damage_healed":0,"gold_gain":0,"player_choice":"Success","damage_taken":11,"relics_obtained":["Lizard Tail"],"max_hp_gain":0,"max_hp_loss":0,"event_name":"Scrap Ooze","floor":5,"gold_loss":0},{"damage_healed":0,"gold_gain":75,"player_choice":"Gather Gold","damage_taken":11,"max_hp_gain":0,"max_hp_loss":0,"event_name":"World of Goop","floor":7,"gold_loss":0},{"damage_healed":0,"gold_gain":0,"player_choice":"Bought 1 Potion","damage_taken":0,"max_hp_gain":0,"max_hp_loss":0,"event_name":"The Woman in Blue","floor":8,"gold_loss":0},{"damage_healed":0,"gold_gain":50,"player_choice":"Stole From Cult","damage_taken":0,"max_hp_gain":0,"max_hp_loss":0,"event_name":"Nest","floor":20,"gold_loss":0},{"damage_healed":0,"gold_gain":0,"player_choice":"Ignored","damage_taken":0,"max_hp_gain":0,"max_hp_loss":0,"event_name":"The Mausoleum","floor":24,"gold_loss":0},{"damage_healed":0,"gold_gain":0,"player_choice":"Copied","damage_taken":0,"max_hp_gain":0,"max_hp_loss":0,"event_name":"Duplicator","floor":28,"gold_loss":0,"cards_obtained":["Biased Cognition"]},{"damage_healed":0,"gold_gain":0,"player_choice":"Became a Ghost","damage_taken":0,"max_hp_gain":0,"max_hp_loss":36,"event_name":"Ghosts","floor":31,"gold_loss":0,"cards_obtained":["Ghostly","Ghostly","Ghostly"]}],"is_beta":false,"boss_relics":[{"not_picked":["Inserter","Nuclear Battery"],"picked":"Coffee Dripper"}],"items_purged_floors":[2],"is_endless":false,"potions_floor_spawned":[10,11,12,16,21,29,30],"killed_by":"Collector","ascension_level":20}}