{"host":"ixqzyafodex1tsi5","time":1609664276,"event":{"mods":["ATMod(°¢èªMod)","AchievementEnabler","Act Like it!","BaseMod","Gensokyo","GifTheSpireLib","Lobotomy","LobotomyExtend","Luminous","Minty Spire (QoL Compilation)","Relic Stats","Replay The Spire","RumiaBox-Â¶Ã×æ«µÄÉñÃØºÐ×Ó","Shop Mod","Spicy Shops","StSLib","The Cursed","[IsaacMod]ÒÔÈö¼âËþ","¡¾¹¦ÄÜMod¡¿»ìãçÖ®»·ÐÞ¸´²¹¶¡","¡¾ÒÅÎï¿¨ÅÆ¡¿REMEMod"],"gold_per_floor":[117,2,2,2,18,44,62,91,143,143,143,143,19,47,47,149,149,175,187,223,223,247,247,247,187,187,187,62,101,101,143,143,252,252,327,327,377,377,394,450,450,478,478,518,548,152,168,214,214,221,221],"floor_reached":52,"playtime":2141,"items_purged":["Defend_G","Defend_G","Defend_G"],"score":1168,"play_id":"612ae68d-5999-4d31-96d6-ea3e3cd994ad","local_time":"20210103165756","is_ascension_mode":true,"campfire_choices":[{"data":"Dagger Spray","floor":10.0,"key":"SMITH"},{"data":"Cloak And Dagger","floor":15,"key":"SMITH"},{"data":"EpicFetus","floor":23,"key":"SMITH"},{"data":"AT_FocusSwordFire","floor":27,"key":"SMITH"},{"data":"Cloak And Dagger","floor":30,"key":"SMITH"},{"data":"Venomology","floor":32,"key":"SMITH"},{"data":"Envenom","floor":41,"key":"SMITH"},{"floor":49,"key":"REST"}],"circlet_count":0,"master_deck":["Survivor","Neutralize","EpicFetus+1","AT_EssenceShift+1","AT_FocusSwordFire+1","AbeCurse","AT_ShadowStep","Cloak And Dagger+1","Dagger Spray+1","Poisoned Stab","Hidden Blade","Cloak And Dagger+1","Venomology+1","Setup","Poisoned Stab+1","A Thousand Cuts","AT_EssenceShift","Atom Bomb","REME_ProfessionalPlagiarism","REME_FirmDetermination+1","Concentrate+1","Envenom+1","Dagger Spray+1","Fluid Movement+1","Terror","Flying Knee+1","ReplayTheSpireMod:Brewmster","Die Die Die","Phantasmal Killer+1","Phantasmal Killer+1","AT_KneejerkReflex","Doppelganger+1"],"relics":["REME_ComplimentaryCards","HushsDoor","AT_ATBox","SteamSale","Abe\u0027s Treasure","LetterFromLob","Peace Pipe","SatanicBible","Pet Ghost","SalivaCoin","REME_CardOfGreed","Mercury Hourglass","Empty Cage","DeathBook","GodSword5","AT_GreenNoBalance","REME_IWantAll","Torii","REME_LowDesire","Potion Belt","REME_HandOfSuture","Replay:PocketPolymizer","Pear","AT_ArchangelStaff","GodSword7","ReplayFunnel","TwistedFunnel","Ccalipers","Golden Egg"],"acts_visited":["Exordium","TheCity","TheBeyond"],"potions_floor_usage":[14,14,18,19,19,20,20,29,33,39,40,42,44,47,50,50,50],"damage_taken":[{"damage":12.0,"enemies":"Cultist","floor":1.0,"turns":4.0},{"damage":0.0,"enemies":"Small Slimes","floor":5.0,"turns":4.0},{"damage":26.0,"enemies":"3 Sentries","floor":6.0,"turns":4.0},{"damage":0.0,"enemies":"2 Louse","floor":7.0,"turns":2.0},{"damage":21.0,"enemies":"Lagavulin","floor":8.0,"turns":5.0},{"damage":0,"enemies":"3 Sentries","floor":14,"turns":2},{"damage":0,"enemies":"Slime Boss","floor":16,"turns":4},{"damage":2,"enemies":"2 Thieves","floor":18,"turns":2},{"damage":0,"enemies":"Spheric Guardian","floor":19,"turns":3},{"damage":18,"enemies":"Snake Plant","floor":20,"turns":5},{"damage":16,"enemies":"Snecko","floor":22,"turns":5},{"damage":7,"enemies":"Slavers","floor":29,"turns":2},{"damage":18,"enemies":"Book of Stabbing","floor":31,"turns":4},{"damage":19,"enemies":"Champ","floor":33,"turns":5},{"damage":30,"enemies":"3 Shapes","floor":35,"turns":2},{"damage":0,"enemies":"Mind Bloom Boss Battle","floor":37,"turns":2},{"damage":0,"enemies":"Orb Walker","floor":39,"turns":3},{"damage":8,"enemies":"Reptomancer","floor":40,"turns":3},{"damage":0,"enemies":"R_Hoarder","floor":42,"turns":2},{"damage":18,"enemies":"Reptomancer","floor":44,"turns":2},{"damage":8,"enemies":"4 Shapes","floor":45,"turns":1},{"damage":0,"enemies":"3 Darklings","floor":47,"turns":1},{"damage":22,"enemies":"Sphere and 2 Shapes","floor":48,"turns":3},{"damage":12,"enemies":"Donu and Deca","floor":50,"turns":5}],"seed_played":"-6417099518746041551","potions_obtained":[{"floor":6.0,"key":"LiquidMemories"},{"floor":12,"key":"AttackPotion"},{"floor":12,"key":"AttackPotion"},{"floor":16,"key":"Elixir"},{"floor":18,"key":"CultistPotion"},{"floor":19,"key":"SkillPotion"},{"floor":35,"key":"Dexterity Potion"},{"floor":37,"key":"ColorlessPotion"},{"floor":44,"key":"Adrenaline Potion"},{"floor":45,"key":"Energy Potion"}],"is_trial":false,"path_per_floor":["M","$","?","?","M","E","M","E","T","R","?","?","$","E","R","B",null,"M","M","M","T","M","R","?","?","T","R","$","E","R","E","R","B",null,"M","?","?","?","M","E","R","E","T","E","M","$","M","M","R","B",null,null],"character_chosen":"THE_SILENT","items_purchased":["Peace Pipe","REME_CardOfGreed","DeathBook","AT_SilverBalance","TwistedFunnel","Ccalipers","Golden Egg","Phantasmal Killer"],"campfire_rested":1,"item_purchase_floors":[2,13,17,28,46,46,46,46],"current_hp_per_floor":[58,58,58,70,70,44,44,23,23,23,23,23,23,23,23,23,60,58,58,40,40,24,24,24,24,24,24,24,23,23,12,12,14,63,1,1,31,31,31,35,35,36,36,22,30,30,38,16,44,32,32],"gold":221,"neow_bonus":"BOSS_RELIC","is_daily":false,"chose_seed":false,"campfire_upgraded":7,"win_rate":0.0,"timestamp":1609664276,"path_taken":["M","?","?","?","?","E","M","E","T","R","?","?","?","E","R","BOSS","M","M","M","?","?","R","?","?","T","R","$","E","R","E","R","BOSS","M","?","?","?","?","E","R","E","T","E","M","$","M","M","R","BOSS"],"items_purchased_type":["Relic","Relic","Relic","Relic","Relic","Relic","Relic","Card"],"build_version":"2020-12-22","purchased_purges":3,"victory":true,"max_hp_per_floor":[70,70,70,70,70,70,70,70,70,70,70,70,70,70,70,70,60,60,60,60,60,60,60,60,60,60,60,60,60,60,60,60,63,63,63,63,63,63,63,73,73,73,73,77,77,77,77,77,77,77,77],"relic_stats":{"Peace Pipe":0,"Torii":5,"counters":[24,74],"obtain_stats":[{"ReplayFunnel":44,"TwistedFunnel":46,"Golden Egg":46,"AT_ATBox":0,"Replay:PocketPolymizer":37,"Torii":31,"Empty Cage":17,"REME_IWantAll":29,"AT_ArchangelStaff":42,"Pet Ghost":8,"SatanicBible":6,"DeathBook":17,"Ccalipers":46,"REME_LowDesire":34,"Ring of the Snake":0,"KeepersGift":0,"Potion Belt":34,"Pear":40,"AT_GreenNoBalance":47,"AT_SilverBalance":28,"SteamSale":0,"Mercury Hourglass":14,"Peace Pipe":2,"REME_HandOfSuture":34,"GodSword7":43,"LetterFromLob":1,"SalivaCoin":9,"REME_CardOfGreed":13,"GodSword5":26,"HushsDoor":0,"Abe\u0027s Treasure":0,"REME_ComplimentaryCards":0},{"ReplayFunnel":20,"TwistedFunnel":21,"Golden Egg":21,"AT_ATBox":0,"Replay:PocketPolymizer":16,"Torii":13,"Empty Cage":7,"REME_IWantAll":12,"AT_ArchangelStaff":19,"Pet Ghost":5,"SatanicBible":3,"DeathBook":7,"Ccalipers":21,"REME_LowDesire":14,"Ring of the Snake":0,"KeepersGift":0,"Potion Belt":14,"Pear":18,"AT_GreenNoBalance":22,"AT_SilverBalance":11,"SteamSale":0,"Mercury Hourglass":6,"Peace Pipe":1,"REME_HandOfSuture":14,"GodSword7":19,"LetterFromLob":1,"SalivaCoin":5,"REME_CardOfGreed":5,"GodSword5":11,"HushsDoor":0,"Abe\u0027s Treasure":0,"REME_ComplimentaryCards":0},{"ReplayFunnel":64,"TwistedFunnel":65,"Golden Egg":65,"AT_ATBox":0,"Replay:PocketPolymizer":55,"Torii":46,"Empty Cage":25,"REME_IWantAll":42,"AT_ArchangelStaff":62,"Pet Ghost":19,"SatanicBible":12,"DeathBook":25,"Ccalipers":65,"REME_LowDesire":51,"Ring of the Snake":0,"KeepersGift":0,"Potion Belt":51,"Pear":60,"AT_GreenNoBalance":65,"AT_SilverBalance":40,"SteamSale":0,"Mercury Hourglass":21,"Peace Pipe":4,"REME_HandOfSuture":51,"GodSword7":62,"LetterFromLob":4,"SalivaCoin":19,"REME_CardOfGreed":19,"GodSword5":40,"HushsDoor":0,"Abe\u0027s Treasure":0,"REME_ComplimentaryCards":0}],"Mercury Hourglass":[225]},"card_choices":[{"not_picked":[],"picked":"EpicFetus","floor":0.0},{"not_picked":["Slice","Deflect"],"picked":"AT_ShadowStep","floor":1.0},{"not_picked":["Dodge and Roll","Bane"],"picked":"Cloak And Dagger","floor":5.0},{"not_picked":["Deadly Poison","A Thousand Cuts"],"picked":"Dagger Spray","floor":6.0},{"not_picked":["Backflip","Flying Knee"],"picked":"Poisoned Stab","floor":7.0},{"not_picked":["Slice","Dagger Throw"],"picked":"Hidden Blade","floor":8.0},{"not_picked":["ReplayTheSpireMod:Exploit Weakness","Heel Hook"],"picked":"Cloak And Dagger","floor":14},{"not_picked":["Wraith Form v2","Corpse Explosion"],"picked":"Venomology","floor":16},{"not_picked":["Underhanded Strike","AT_ThistleTea"],"picked":"Setup","floor":18},{"not_picked":["Riddle With Holes","Poisoned Stab","AT_TinkerSharpsword"],"picked":"SKIP","floor":19},{"not_picked":["Outmaneuver","PiercingWail"],"picked":"Poisoned Stab+1","floor":20},{"not_picked":["Dagger Throw","Hidden Blade","Toxin Wave+1"],"picked":"SKIP","floor":22},{"not_picked":["Noxious Fumes","Quick Slash","Prepared"],"picked":"SKIP","floor":29},{"not_picked":["Deadly Poison","ReplayTheSpireMod:Scrap Shanks","Reflex"],"picked":"SKIP","floor":31},{"not_picked":["A Thousand Cuts","AT_EssenceShift","Atom Bomb"],"picked":"Singing Bowl","floor":33},{"not_picked":["Acrobatics+1","Dash","Outmaneuver","PanicButton"],"picked":"SKIP","floor":35},{"not_picked":["REME_AllRoundStrike","Mayhem"],"picked":"ChaosCard","floor":36},{"not_picked":["Flying Knee+1","Prepared","Sucker Punch"],"picked":"REME_ProfessionalPlagiarism","floor":37},{"not_picked":["PiercingWail","Deflect","Acrobatics+1"],"picked":"REME_FirmDetermination+1","floor":39},{"not_picked":["Heel Hook+1","Dagger Spray+1","Forethought"],"picked":"Concentrate+1","floor":40},{"not_picked":["Blur","AT_TwilightShroud+1","Swift Strike+1"],"picked":"Dagger Spray+1","floor":42},{"not_picked":["Fluid Movement+1","Terror","Flying Knee+1","ReplayTheSpireMod:Brewmster"],"picked":"Singing Bowl","floor":44},{"not_picked":["Eviscerate+1","AT_TinkerSharpsword+1","The Bomb"],"picked":"Die Die Die","floor":45},{"not_picked":["PiercingWail+1","Bane","Replay:Sssssssssshield"],"picked":"AT_KneejerkReflex","floor":47},{"not_picked":["Deflect","REME_ShadowStrike","AT_TwilightShroud","Magnetism"],"picked":"SKIP","floor":48}],"player_experience":210912,"relics_obtained":[{"floor":1.0,"key":"LetterFromLob"},{"floor":6.0,"key":"SatanicBible"},{"floor":8.0,"key":"Pet Ghost"},{"floor":9.0,"key":"SalivaCoin"},{"floor":14,"key":"Mercury Hourglass"},{"floor":26,"key":"GodSword5"},{"floor":29,"key":"REME_IWantAll"},{"floor":31,"key":"Torii"},{"floor":34,"key":"Potion Belt"},{"floor":34,"key":"REME_HandOfSuture"},{"floor":37,"key":"Replay:PocketPolymizer"},{"floor":40,"key":"Pear"},{"floor":42,"key":"AT_ArchangelStaff"},{"floor":43,"key":"GodSword7"},{"floor":44,"key":"ReplayFunnel"}],"event_choices":[{"damage_healed":0.0,"max_hp_gain":0.0,"max_hp_loss":0.0,"gold_gain":0.0,"event_name":"Living Wall","player_choice":"Grow","floor":3.0,"gold_loss":0.0,"damage_taken":0.0,"cards_upgraded":["AT_EssenceShift"]},{"damage_healed":0,"gold_gain":0,"player_choice":"Got Potions","damage_taken":0,"max_hp_gain":0,"max_hp_loss":0,"event_name":"Lab","floor":12,"gold_loss":0},{"damage_healed":0,"gold_gain":0,"player_choice":"Ignored","damage_taken":0,"max_hp_gain":0,"max_hp_loss":0,"event_name":"Ghosts","floor":24,"gold_loss":0},{"damage_healed":0,"gold_gain":0,"player_choice":"Memory 1","damage_taken":0,"max_hp_gain":0,"max_hp_loss":0,"event_name":"SensoryStone","floor":36,"gold_loss":0},{"damage_healed":0,"gold_gain":0,"player_choice":"Fight","damage_taken":0,"max_hp_gain":0,"max_hp_loss":0,"event_name":"MindBloom","floor":37,"gold_loss":0},{"cards_removed":["Strike_G"],"damage_healed":0,"gold_gain":0,"player_choice":"Removed Attack","damage_taken":0,"max_hp_gain":0,"max_hp_loss":0,"event_name":"Falling","floor":38,"gold_loss":0}],"is_beta":false,"boss_relics":[{"not_picked":["WristBlade","AddBug"],"picked":"Empty Cage"},{"not_picked":[]},{"not_picked":["Replay:Drink Me","Pandora\u0027s Box"],"picked":"REME_LowDesire"},{"not_picked":[]}],"items_purged_floors":[2,13,46],"is_endless":false,"potions_floor_spawned":[6,16,18,19,22,29,35,37,40,44,45],"ascension_level":4}}