{"host":"bf1tnxyvjw6wp3cl","time":1609714813,"event":{"mods":["AchievementEnabler","BaseMod","Block Reminder","Colored Powertips","Minty Spire (QoL Compilation)","Quick Restart","Relic Stats","StSLib","SuperFastMode"],"gold_per_floor":[116,135,155,168,186,213,213,226,226,226,226],"floor_reached":10,"playtime":315,"items_purged":[],"score":72,"play_id":"6d757dd5-e863-4e6e-ad32-fc54bf29fc78","local_time":"20210103180013","is_ascension_mode":false,"campfire_choices":[],"circlet_count":0,"master_deck":["Strike_B","Strike_B","Strike_B","Strike_B","Defend_B","Defend_B","Defend_B","Defend_B","Zap","Dualcast","FTL","Steam","Steam","Beam Cell","Aggregate+1","Buffer","Self Repair"],"relics":["Cracked Core","PreservedInsect","Potion Belt","Eternal Feather"],"acts_visited":["Exordium"],"potions_floor_usage":[10],"damage_taken":[{"damage":1,"enemies":"Cultist","floor":1,"turns":3},{"damage":0,"enemies":"Small Slimes","floor":2,"turns":3},{"damage":2,"enemies":"Jaw Worm","floor":3,"turns":3},{"damage":18,"enemies":"3 Louse","floor":4,"turns":4},{"damage":0,"enemies":"2 Fungi Beasts","floor":5,"turns":3},{"damage":14,"enemies":"Lagavulin","floor":6,"turns":6},{"damage":2,"enemies":"Lots of Slimes","floor":8,"turns":5},{"damage":56,"enemies":"Gremlin Nob","floor":10,"turns":5}],"seed_played":"-651719863412931386","potions_obtained":[{"floor":1,"key":"Weak Potion"},{"floor":4,"key":"PotionOfCapacity"}],"is_trial":false,"path_per_floor":["M","M","M","M","M","E","?","M","T","E"],"character_chosen":"DEFECT","items_purchased":[],"campfire_rested":0,"item_purchase_floors":[],"current_hp_per_floor":[74,74,72,54,54,40,40,38,38,0,0],"gold":226,"neow_bonus":"RANDOM_COMMON_RELIC","is_daily":false,"chose_seed":false,"campfire_upgraded":0,"win_rate":0.0,"timestamp":1609714813,"path_taken":["M","?","M","M","M","E","?","M","T","E"],"items_purchased_type":[],"build_version":"2020-12-22","purchased_purges":0,"victory":false,"max_hp_per_floor":[75,75,75,75,75,75,75,75,75,75,75],"relic_stats":{"counters":[8,32],"Eternal Feather":0,"PreservedInsect":54,"obtain_stats":[{"Potion Belt":6,"Eternal Feather":9,"PreservedInsect":0,"Cracked Core":0},{"Potion Belt":6,"Eternal Feather":7,"PreservedInsect":0,"Cracked Core":0},{"Potion Belt":22,"Eternal Feather":27,"PreservedInsect":0,"Cracked Core":0}]},"card_choices":[{"not_picked":["Steam","Streamline"],"picked":"FTL","floor":1},{"not_picked":["Rebound","Conserve Battery"],"picked":"Steam","floor":2},{"not_picked":["Sunder","Recycle"],"picked":"Steam","floor":3},{"not_picked":["Reinforced Body","Force Field"],"picked":"Beam Cell","floor":4},{"not_picked":["Stack","Heatsinks"],"picked":"Aggregate","floor":5},{"not_picked":["White Noise","Multi-Cast"],"picked":"Buffer","floor":6},{"not_picked":["Melter","Redo"],"picked":"Self Repair","floor":8}],"player_experience":158043,"relics_obtained":[{"floor":6,"key":"Potion Belt"},{"floor":9,"key":"Eternal Feather"}],"event_choices":[{"damage_healed":0,"gold_gain":0,"player_choice":"Upgraded","damage_taken":0,"max_hp_gain":0,"max_hp_loss":0,"event_name":"Upgrade Shrine","floor":7,"gold_loss":0,"cards_upgraded":["Aggregate"]}],"is_beta":false,"boss_relics":[],"items_purged_floors":[],"is_endless":false,"potions_floor_spawned":[1,4],"killed_by":"Gremlin Nob","ascension_level":0}}