{"host":"7gewg82ormp6yt4e","time":1609675579,"event":{"mods":["BaseMod","Block Reminder","Colored Map","Colored Powertips","DeckTracker","Highlight Path","Minty Spire (QoL Compilation)","Relic Stats","StSLib"],"gold_per_floor":[362,61,73,148,160,160,191,205,275,275,275,295,295,314,314,385,385,358,155,205,155,170,170,170,170],"floor_reached":24,"playtime":1018,"items_purged":[],"score":492,"play_id":"e10bc311-ebbe-490f-9924-3a180c6cc06f","local_time":"20210103210619","is_ascension_mode":true,"campfire_choices":[{"floor":6.0,"key":"REST"},{"floor":11.0,"key":"REST"},{"floor":13.0,"key":"REST"},{"floor":15.0,"key":"REST"},{"floor":23,"key":"REST"}],"circlet_count":0,"master_deck":["AscendersBane","Strike_B","Strike_B+1","Strike_B","Strike_B+1","Defend_B","Defend_B","Defend_B","Defend_B","Zap","Dualcast","Aggregate","Undo","Sweeping Beam+1","Coolheaded","Self Repair+1","Capacitor","Echo Form","Core Surge","Coolheaded","Capacitor","Skim"],"relics":["Cracked Core","OrangePellets","Emotion Chip","Darkstone Periapt","Runic Dome","Lee\u0027s Waffle"],"acts_visited":["Exordium","TheCity"],"potions_floor_usage":[],"damage_taken":[{"damage":2.0,"enemies":"2 Louse","floor":1.0,"turns":2.0},{"damage":0.0,"enemies":"Small Slimes","floor":3.0,"turns":2.0},{"damage":12.0,"enemies":"Jaw Worm","floor":5.0,"turns":3.0},{"damage":17.0,"enemies":"3 Sentries","floor":7.0,"turns":8.0},{"damage":17.0,"enemies":"Gremlin Gang","floor":8.0,"turns":7.0},{"damage":13.0,"enemies":"3 Louse","floor":12.0,"turns":3.0},{"damage":25.0,"enemies":"Exordium Thugs","floor":14.0,"turns":4.0},{"damage":0.0,"enemies":"The Guardian","floor":16.0,"turns":15.0},{"damage":34,"enemies":"2 Thieves","floor":18,"turns":4},{"damage":71,"enemies":"3 Byrds","floor":22,"turns":6},{"damage":64,"enemies":"Gremlin Leader","floor":24,"turns":4}],"seed_played":"5449866096417989876","potions_obtained":[{"floor":1.0,"key":"LiquidMemories"},{"floor":5.0,"key":"LiquidBronze"},{"floor":8.0,"key":"AttackPotion"},{"floor":12.0,"key":"BlessingOfTheForge"},{"floor":14.0,"key":"FocusPotion"}],"is_trial":false,"path_per_floor":["M","$","M","?","M","R","E","M","T","?","R","M","R","M","R","B",null,"M","$","?","?","M","R","E"],"character_chosen":"DEFECT","items_purchased":["OrangePellets","Undo","Sweeping Beam","Lee\u0027s Waffle","Capacitor"],"campfire_rested":5,"item_purchase_floors":[2,2,2,19,19],"current_hp_per_floor":[44,44,44,33,21,42,32,22,22,1,22,19,40,15,36,46,65,51,78,78,78,27,50,0,0],"gold":170,"neow_bonus":"TWO_FIFTY_GOLD","is_daily":false,"chose_seed":false,"campfire_upgraded":0,"win_rate":0.0,"timestamp":1609675579,"path_taken":["M","$","M","?","M","R","E","M","T","?","R","M","R","M","R","BOSS","M","$","?","?","M","R","E"],"items_purchased_type":["Relic","Card","Card","Relic","Card"],"build_version":"2020-12-22","purchased_purges":0,"victory":false,"max_hp_per_floor":[71,71,71,71,71,71,71,71,71,71,71,71,71,71,71,71,71,71,78,78,78,78,78,78,78],"relic_stats":{"Darkstone Periapt":0,"OrangePellets":[0],"Emotion Chip":[21,10,11,0,0],"Lee\u0027s Waffle":27,"counters":[11,58],"obtain_stats":[{"Darkstone Periapt":9,"OrangePellets":2,"Runic Dome":17,"Emotion Chip":7,"Lee\u0027s Waffle":19,"Cracked Core":0},{"Darkstone Periapt":5,"OrangePellets":1,"Runic Dome":8,"Emotion Chip":4,"Lee\u0027s Waffle":9,"Cracked Core":0},{"Darkstone Periapt":22,"OrangePellets":2,"Runic Dome":44,"Emotion Chip":15,"Lee\u0027s Waffle":48,"Cracked Core":0}]},"card_choices":[{"not_picked":["Barrage","Leap"],"picked":"Aggregate","floor":1.0},{"not_picked":["Double Energy","Rebound"],"picked":"Coolheaded","floor":3.0},{"not_picked":["Consume","Compile Driver"],"picked":"Self Repair","floor":5.0},{"not_picked":["Stack","Sweeping Beam","Steam"],"picked":"SKIP","floor":7.0},{"not_picked":["Fusion","Go for the Eyes","Beam Cell"],"picked":"SKIP","floor":8.0},{"not_picked":["Streamline","Storm"],"picked":"Capacitor","floor":12.0},{"not_picked":["Streamline","Rip and Tear"],"picked":"Echo Form","floor":14.0},{"not_picked":["Creative AI","Amplify"],"picked":"Core Surge","floor":16.0},{"not_picked":["Hologram","Redo"],"picked":"Coolheaded","floor":18},{"not_picked":["Darkness","Steam"],"picked":"Skim","floor":22}],"player_experience":2451270,"relics_obtained":[{"floor":7.0,"key":"Emotion Chip"},{"floor":9.0,"key":"Darkstone Periapt"}],"event_choices":[{"damage_healed":0.0,"max_hp_gain":0.0,"max_hp_loss":0.0,"gold_gain":75.0,"event_name":"World of Goop","player_choice":"Gather Gold","floor":4.0,"gold_loss":0.0,"damage_taken":11.0},{"damage_healed":0.0,"max_hp_gain":0.0,"max_hp_loss":0.0,"gold_gain":0.0,"event_name":"Shining Light","player_choice":"Entered Light","floor":10.0,"gold_loss":0.0,"damage_taken":21.0,"cards_upgraded":["Strike_B","Self Repair"]},{"damage_healed":0,"gold_gain":50,"player_choice":"Stole From Cult","damage_taken":0,"max_hp_gain":0,"max_hp_loss":0,"event_name":"Nest","floor":20,"gold_loss":0},{"damage_healed":0,"gold_gain":0,"player_choice":"Upgraded Two","damage_taken":0,"max_hp_gain":0,"max_hp_loss":0,"event_name":"Designer","floor":21,"gold_loss":50,"cards_upgraded":["Strike_B","Sweeping Beam"]}],"is_beta":false,"boss_relics":[{"not_picked":["Empty Cage","Sozu"],"picked":"Runic Dome"}],"items_purged_floors":[],"is_endless":false,"potions_floor_spawned":[1,5,8,12,14],"killed_by":"Gremlin Leader","ascension_level":20}}