{"host":"p7j7o00jacnw7qzt","time":1609657697,"event":{"mods":["BaseMod","Colored Map","Colored Powertips","DeckTracker","Highlight Path","Minty Spire (QoL Compilation)","Relic Stats"],"gold_per_floor":[110,125,125,142,142,142,170,187,214,214,230,245,271,283,283,361,361,377,129,129,142,157,188,238,269,269,269,297,80,80,96,96,174,174,190,190,207,79,79,79,108,108,132,160,160,191,216,228,228,228,228,228,228,5,37,37],"floor_reached":57,"playtime":2818,"items_purged":["Bash","Bludgeon","Rampage","Pommel Strike+1"],"score":3591,"play_id":"988954b4-c92e-4334-b82c-ffda33d813f0","local_time":"20210103020817","is_ascension_mode":true,"campfire_choices":[{"data":"Apotheosis","floor":6.0,"key":"SMITH"},{"data":"Pommel Strike","floor":10.0,"key":"SMITH"},{"floor":15.0,"key":"RECALL"},{"floor":27.0,"key":"REST"},{"data":"Offering","floor":30.0,"key":"SMITH"},{"data":"Shockwave","floor":32.0,"key":"SMITH"},{"data":"Feel No Pain","floor":40,"key":"SMITH"},{"data":"Dark Embrace","floor":42,"key":"SMITH"},{"data":"Dark Embrace","floor":49,"key":"SMITH"},{"data":"Second Wind","floor":53,"key":"SMITH"}],"circlet_count":0,"master_deck":["AscendersBane","Apotheosis+1","Bloodletting+1","True Grit","Shrug It Off","Offering+1","True Grit","Seeing Red","Disarm","Sentinel","Dark Embrace+1","Bloodletting","Offering+1","Body Slam","Shockwave+1","Burning Pact+1","Second Wind+1","Power Through","Feel No Pain+1","Finesse","Dark Embrace+1","Offering+1","Dark Embrace"],"relics":["Black Blood","Nunchaku","PreservedInsect","Anchor","Pandora\u0027s Box","War Paint","Smiling Mask","Akabeko","CaptainsWheel","Question Card","Omamori","The Courier","Bag of Preparation","MealTicket","Girya","DollysMirror","Pear"],"acts_visited":["Exordium","TheCity","TheBeyond","TheEnding"],"potions_floor_usage":[51,56,56],"damage_taken":[{"damage":4.0,"enemies":"Small Slimes","floor":1.0,"turns":4.0},{"damage":0.0,"enemies":"Cultist","floor":2.0,"turns":3.0},{"damage":10.0,"enemies":"2 Louse","floor":4.0,"turns":5.0},{"damage":23.0,"enemies":"3 Sentries","floor":7.0,"turns":7.0},{"damage":16.0,"enemies":"2 Fungi Beasts","floor":8.0,"turns":5.0},{"damage":11.0,"enemies":"3 Louse","floor":11.0,"turns":4.0},{"damage":15.0,"enemies":"Gremlin Gang","floor":12.0,"turns":4.0},{"damage":15.0,"enemies":"Lagavulin","floor":13.0,"turns":5.0},{"damage":0.0,"enemies":"Large Slime","floor":14.0,"turns":4.0},{"damage":21.0,"enemies":"Slime Boss","floor":16.0,"turns":6.0},{"damage":12.0,"enemies":"2 Thieves","floor":18.0,"turns":1.0},{"damage":3.0,"enemies":"3 Byrds","floor":21.0,"turns":7.0},{"damage":9.0,"enemies":"Sentry and Sphere","floor":22.0,"turns":1.0},{"damage":9.0,"enemies":"Slavers","floor":23.0,"turns":1.0},{"damage":12.0,"enemies":"Book of Stabbing","floor":25.0,"turns":2.0},{"damage":12.0,"enemies":"Slavers","floor":28.0,"turns":1.0},{"damage":3.0,"enemies":"Chosen and Byrds","floor":31.0,"turns":2.0},{"damage":18,"enemies":"Collector","floor":33,"turns":1},{"damage":9,"enemies":"3 Shapes","floor":35,"turns":1},{"damage":12,"enemies":"3 Darklings","floor":37,"turns":3},{"damage":18,"enemies":"Giant Head","floor":41,"turns":1},{"damage":12,"enemies":"Reptomancer","floor":44,"turns":1},{"damage":9,"enemies":"Giant Head","floor":46,"turns":1},{"damage":9,"enemies":"Mind Bloom Boss Battle","floor":47,"turns":1},{"damage":12,"enemies":"Spire Growth","floor":48,"turns":3},{"damage":18,"enemies":"Awakened One","floor":50,"turns":2},{"damage":15,"enemies":"Time Eater","floor":51,"turns":3},{"damage":6,"enemies":"Shield and Spear","floor":55,"turns":1},{"damage":44,"enemies":"The Heart","floor":56,"turns":4}],"seed_played":"9053554175804940976","potions_obtained":[{"floor":1.0,"key":"BlessingOfTheForge"},{"floor":7.0,"key":"Energy Potion"},{"floor":12.0,"key":"PowerPotion"},{"floor":14.0,"key":"FearPotion"},{"floor":18.0,"key":"SpeedPotion"},{"floor":21.0,"key":"Energy Potion"},{"floor":28.0,"key":"Dexterity Potion"},{"floor":46,"key":"Swift Potion"},{"floor":55,"key":"Ancient Potion"}],"is_trial":false,"path_per_floor":["M","M","?","M","?","R","E","M","T","R","M","M","E","M","R","B",null,"M","$","?","M","M","E","?","E","T","R","E","$","R","M","R","B",null,"M","?","M","$","?","R","E","R","T","E","?","E","?","M","R","B","B",null,"R","$","E","B",null],"character_chosen":"IRONCLAD","items_purchased":["War Paint","Omamori","Feel No Pain","DollysMirror","Dark Embrace"],"campfire_rested":1,"item_purchase_floors":[19,29,38,54,54],"current_hp_per_floor":[68,68,73,69,69,69,52,42,42,42,37,28,19,25,25,10,57,51,51,30,33,30,27,27,21,21,44,38,38,38,41,41,29,66,69,69,69,69,59,59,53,53,53,53,53,56,59,59,59,53,50,68,68,74,84,52],"gold":37,"neow_bonus":"RANDOM_COLORLESS_2","is_daily":false,"chose_seed":false,"campfire_upgraded":8,"win_rate":0.0,"timestamp":1609657697,"path_taken":["M","M","?","M","?","R","E","M","T","R","M","M","E","?","R","BOSS","M","$","?","M","M","E","?","E","T","R","E","$","R","M","R","BOSS","M","?","M","$","?","R","E","R","T","E","?","E","?","M","R","BOSS","BOSS","R","$","E","BOSS"],"items_purchased_type":["Relic","Relic","Card","Relic","Card"],"build_version":"2020-12-22","purchased_purges":4,"victory":true,"max_hp_per_floor":[68,68,73,73,73,73,73,73,73,73,73,73,73,73,73,73,73,73,73,78,78,78,78,78,78,78,78,78,78,78,78,78,78,78,78,74,74,74,74,74,74,74,74,74,74,74,74,74,74,74,74,74,74,74,84,84],"relic_stats":{"Nunchaku":[9],"counters":[29,84],"Black Blood":226,"Pandora\u0027s Box":["True Grit","Seeing Red","Disarm","Sentinel","Dark Embrace","Whirlwind","Bloodletting","Offering","Body Slam"],"MealTicket":6,"PreservedInsect":550,"Bag of Preparation":[14],"War Paint":["Bloodletting","Offering"],"Smiling Mask":195,"Question Card":13,"obtain_stats":[{"Girya":47,"Pear":55,"Black Blood":34,"PreservedInsect":9,"The Courier":41,"Omamori":29,"Bag of Preparation":44,"War Paint":19,"Smiling Mask":23,"Question Card":28,"Burning Blood":0,"Akabeko":25,"Nunchaku":7,"Anchor":13,"CaptainsWheel":26,"DollysMirror":54,"Pandora\u0027s Box":17,"MealTicket":46},{"Girya":24,"Pear":28,"Black Blood":18,"PreservedInsect":5,"The Courier":21,"Omamori":16,"Bag of Preparation":22,"War Paint":11,"Smiling Mask":14,"Question Card":16,"Burning Blood":0,"Akabeko":15,"Nunchaku":4,"Anchor":8,"CaptainsWheel":15,"DollysMirror":27,"Pandora\u0027s Box":10,"MealTicket":23},{"Girya":71,"Pear":80,"Black Blood":63,"PreservedInsect":24,"The Courier":68,"Omamori":60,"Bag of Preparation":69,"War Paint":48,"Smiling Mask":57,"Question Card":60,"Burning Blood":0,"Akabeko":59,"Nunchaku":19,"Anchor":37,"CaptainsWheel":59,"DollysMirror":79,"Pandora\u0027s Box":47,"MealTicket":70}]},"card_choices":[{"not_picked":["Transmutation","Metamorphosis"],"picked":"Apotheosis","floor":0.0},{"not_picked":["Cleave","Clothesline"],"picked":"Bloodletting","floor":1.0},{"not_picked":["Hemokinesis","Warcry"],"picked":"Pommel Strike","floor":2.0},{"not_picked":["Thunderclap","Uppercut","Flex"],"picked":"SKIP","floor":4.0},{"not_picked":["Clash","Heavy Blade","Perfected Strike"],"picked":"SKIP","floor":7.0},{"not_picked":["Flex","Anger","Headbutt"],"picked":"SKIP","floor":8.0},{"not_picked":["Pummel","Inflame","Carnage"],"picked":"SKIP","floor":11.0},{"not_picked":["Perfected Strike","Ghostly Armor"],"picked":"True Grit","floor":12.0},{"not_picked":["Carnage","Body Slam","Thunderclap"],"picked":"SKIP","floor":13.0},{"not_picked":["Blood for Blood","Cleave"],"picked":"Shrug It Off","floor":14.0},{"not_picked":["Limit Break","Immolate"],"picked":"Offering","floor":16.0},{"not_picked":["Heavy Blade","Perfected Strike"],"picked":"Shockwave","floor":18.0},{"not_picked":["Inflame","Wild Strike"],"picked":"Burning Pact+1","floor":21.0},{"not_picked":["Heavy Blade","Pommel Strike","Searing Blow"],"picked":"SKIP","floor":22.0},{"not_picked":["Infernal Blade","Cleave","Rampage"],"picked":"SKIP","floor":23.0},{"not_picked":["Infernal Blade","Cleave"],"picked":"Rampage","floor":23.0},{"not_picked":["Rage","Inflame"],"picked":"Second Wind","floor":25.0},{"not_picked":["Cleave","Immolate"],"picked":"Power Through","floor":28.0},{"not_picked":["Thunderclap","Body Slam+1","Second Wind","Pommel Strike"],"picked":"SKIP","floor":31.0},{"not_picked":["Cleave+1","Rampage","Shrug It Off+1","Uppercut+1"],"picked":"SKIP","floor":35},{"not_picked":["Cleave+1","Rampage","Shrug It Off+1","Uppercut+1"],"picked":"SKIP","floor":35},{"not_picked":["Havoc","Metallicize+1","Twin Strike","Pommel Strike"],"picked":"SKIP","floor":37},{"not_picked":["Purity","Dark Shackles","Secret Weapon"],"picked":"Finesse","floor":39},{"not_picked":["Cleave+1","Clothesline+1","True Grit","Iron Wave"],"picked":"SKIP","floor":41},{"not_picked":["Whirlwind","Warcry","Headbutt+1","Havoc"],"picked":"SKIP","floor":44},{"not_picked":["Hemokinesis","Havoc","Dropkick","Clothesline"],"picked":"SKIP","floor":46},{"not_picked":["Havoc","Fiend Fire","Battle Trance"],"picked":"Dark Embrace","floor":48},{"not_picked":["Rage","Heavy Blade","True Grit+1","Clothesline"],"picked":"SKIP","floor":55}],"player_experience":954936,"relics_obtained":[{"floor":7.0,"key":"Nunchaku"},{"floor":9.0,"key":"PreservedInsect"},{"floor":13.0,"key":"Anchor"},{"floor":23.0,"key":"Smiling Mask"},{"floor":25.0,"key":"Akabeko"},{"floor":26.0,"key":"CaptainsWheel"},{"floor":28.0,"key":"Question Card"},{"floor":41,"key":"The Courier"},{"floor":44,"key":"Bag of Preparation"},{"floor":46,"key":"MealTicket"},{"floor":47,"key":"Girya"},{"floor":55,"key":"Pear"}],"event_choices":[{"damage_healed":0.0,"max_hp_gain":5.0,"max_hp_loss":0.0,"gold_gain":0.0,"event_name":"Big Fish","player_choice":"Donut","floor":3.0,"gold_loss":0.0,"damage_taken":0.0},{"damage_healed":0.0,"max_hp_gain":0.0,"max_hp_loss":0.0,"gold_gain":0.0,"event_name":"Match and Keep!","player_choice":"1 cards matched","floor":5.0,"gold_loss":0.0,"damage_taken":0.0,"cards_obtained":["Bludgeon"]},{"damage_healed":0.0,"max_hp_gain":5.0,"max_hp_loss":0.0,"gold_gain":0.0,"event_name":"Forgotten Altar","player_choice":"Shed Blood","floor":20.0,"gold_loss":0.0,"damage_taken":26.0},{"damage_healed":0.0,"max_hp_gain":0.0,"max_hp_loss":0.0,"gold_gain":50.0,"event_name":"Nest","player_choice":"Stole From Cult","floor":24.0,"gold_loss":0.0,"damage_taken":0.0},{"damage_healed":0,"gold_gain":0,"player_choice":"Max HP","damage_taken":0,"max_hp_gain":0,"max_hp_loss":4,"event_name":"Winding Halls","floor":36,"gold_loss":0},{"damage_healed":0,"gold_gain":0,"player_choice":"Memory 3","damage_taken":10,"max_hp_gain":0,"max_hp_loss":0,"event_name":"SensoryStone","floor":39,"gold_loss":0},{"cards_removed":["Whirlwind"],"damage_healed":0,"gold_gain":0,"player_choice":"Removed Attack","damage_taken":0,"max_hp_gain":0,"max_hp_loss":0,"event_name":"Falling","floor":45,"gold_loss":0},{"damage_healed":0,"gold_gain":0,"player_choice":"Fight","damage_taken":0,"max_hp_gain":0,"max_hp_loss":0,"event_name":"MindBloom","floor":47,"gold_loss":0}],"is_beta":false,"boss_relics":[{"not_picked":["Snecko Eye","Velvet Choker"],"picked":"Pandora\u0027s Box"},{"not_picked":["Philosopher\u0027s Stone","Empty Cage"],"picked":"Black Blood"}],"items_purged_floors":[19,29,38,54],"is_endless":false,"potions_floor_spawned":[1,7,12,14,18,21,28,35,46,47,55],"ascension_level":20}}