{"host":"rknezr0ykt7pds1i","time":1609701747,"event":{"mods":["BaseMod","Downfall","Marisa????????","Minty Spire (QoL Compilation)","Replay The Spire","StSLib","The Alterego","The Servant 0.9.4","Waifu the Spire"],"gold_per_floor":[120,120,138,157,177,212,212,226,226,226,242,276,276,295,295,397,397,417,417,417,417,417,444,457,492,492,492,504,103,149,163,163,264,264,277,294,294,294],"floor_reached":37,"playtime":2945,"items_purged":[],"score":596,"play_id":"9e3e5f90-efbc-47a4-a5e5-ff1ef6d9e558","local_time":"20210103142226","is_ascension_mode":false,"campfire_choices":[{"data":"alterego_mod:TrashNCrash","floor":7.0,"key":"SMITH"},{"data":"alterego_mod:Stockings","floor":10.0,"key":"SMITH"},{"data":"alterego_mod:Lift","floor":13.0,"key":"SMITH"},{"data":"alterego_mod:BiFurious","floor":15.0,"key":"SMITH"},{"data":"alterego_mod:Vow","floor":27.0,"key":"SMITH"},{"data":"alterego_mod:IdEs","floor":32.0,"key":"SMITH"}],"circlet_count":1,"master_deck":["alterego_mod:Strike","alterego_mod:Defend","alterego_mod:Defend","alterego_mod:Defend","alterego_mod:Defend","alterego_mod:BigMeatyClaws","alterego_mod:BrynhildrsRune","alterego_mod:Skirt","alterego_mod:Undulate","alterego_mod:MagicResistance","alterego_mod:Undulate","alterego_mod:TrashNCrash+1","alterego_mod:Stockings+1","alterego_mod:Lift+1","alterego_mod:Jiggle","alterego_mod:BiFurious+1","alterego_mod:IdEs+1","alterego_mod:Birthday+1","alterego_mod:Bounce+1","alterego_mod:RocketPunch+1","alterego_mod:GoddessCore","alterego_mod:IndependentAction","alterego_mod:ChallengeComplete","alterego_mod:Collar","alterego_mod:Vow+1","alterego_mod:Schoolgirl+1","alterego_mod:Rake","alterego_mod:PerceptionDisorder+1","Pot Of Greed","Pot Of Greed","Pot Of Greed","alterego_mod:Weigh","alterego_mod:Clones","alterego_mod:Mirror+1"],"relics":["alterego_mod:MasochisticConstitution","Happy Flower","Circlet","CaptainsWheel","Ice Cream","Astrolabe","ReplayTheSpireMod:Lightbulb","Replay:Baseball","Blue Doll","Blue Candle","Gremlin Horn","Grinning Jar","Painkiller Herb"],"acts_visited":["Exordium","TheCity","TheBeyond"],"potions_floor_usage":[],"damage_taken":[{"damage":0.0,"enemies":"2 Louse","floor":1.0,"turns":3.0},{"damage":6.0,"enemies":"Cultist","floor":3.0,"turns":7.0},{"damage":0.0,"enemies":"Small Slimes","floor":4.0,"turns":2.0},{"damage":9.0,"enemies":"Looter","floor":5.0,"turns":4.0},{"damage":39.0,"enemies":"Gremlin Nob","floor":6.0,"turns":6.0},{"damage":8.0,"enemies":"Exordium Wildlife","floor":8.0,"turns":7.0},{"damage":5.0,"enemies":"3 Louse","floor":11.0,"turns":5.0},{"damage":9.0,"enemies":"Lagavulin","floor":12.0,"turns":8.0},{"damage":5.0,"enemies":"Blue Slaver","floor":14.0,"turns":4.0},{"damage":11.0,"enemies":"Fading Forest","floor":16.0,"turns":11.0},{"damage":15.0,"enemies":"Shell Parasite","floor":18.0,"turns":6.0},{"damage":11.0,"enemies":"Replay:Snechameleon","floor":23.0,"turns":7.0},{"damage":1.0,"enemies":"Chosen","floor":24.0,"turns":7.0},{"damage":15.0,"enemies":"Gremlin Leader","floor":25.0,"turns":10.0},{"damage":9.0,"enemies":"3 Cultists","floor":28.0,"turns":7.0},{"damage":15.0,"enemies":"Centurion and Healer","floor":31.0,"turns":6.0},{"damage":13.0,"enemies":"Pondfish","floor":33.0,"turns":14.0},{"damage":45.0,"enemies":"3 Darklings","floor":35.0,"turns":7.0},{"damage":14,"enemies":"3 Shapes","floor":36,"turns":3},{"damage":89,"enemies":"2 Orb Walkers","floor":37,"turns":5}],"seed_played":"-5884620183741540685","potions_obtained":[{"floor":3.0,"key":"DistilledChaos"},{"floor":4.0,"key":"Milkshake"},{"floor":6.0,"key":"Elixir"},{"floor":11.0,"key":"Adrenaline Potion"},{"floor":16.0,"key":"Fire Potion"},{"floor":24.0,"key":"Guardian:BlockOnCardUsePotion"},{"floor":28.0,"key":"FearPotion"},{"floor":33.0,"key":"Strength Potion"}],"is_trial":false,"path_per_floor":["M","?","M","M","M","E","R","M","T","R","M","E","R","M","R","B",null,"M","?","?","?","?","E","M","E","T","R","M","$","T","M","R","B",null,"?","?","?"],"character_chosen":"The_Alterego","items_purchased":["alterego_mod:Rake","alterego_mod:PerceptionDisorder+1","Gremlin Horn"],"campfire_rested":0,"item_purchase_floors":[29,29,29],"current_hp_per_floor":[77,77,72,72,64,26,26,48,48,48,65,64,64,79,79,74,85,74,74,74,74,74,67,80,89,89,89,90,90,90,76,76,85,92,75,86,0,0],"gold":294,"neow_bonus":"TEN_PERCENT_HP_BONUS","is_daily":false,"chose_seed":false,"campfire_upgraded":6,"win_rate":0.0,"timestamp":1609701746,"path_taken":["M","?","M","?","M","E","R","M","T","R","M","E","R","M","R","BOSS","M","?","?","?","?","E","M","E","T","R","?","$","?","?","R","BOSS","?","?","?"],"items_purchased_type":["Card","Card","Relic"],"build_version":"2020-12-22","purchased_purges":0,"victory":false,"max_hp_per_floor":[77,77,78,78,79,80,80,81,81,81,82,83,83,84,84,85,85,86,86,86,86,86,87,88,89,89,89,90,90,90,91,91,92,92,93,94,94,94],"card_choices":[{"not_picked":["alterego_mod:Mirror","alterego_mod:TrashNCrash"],"picked":"alterego_mod:Skirt","floor":1.0},{"not_picked":["alterego_mod:PurpleHair","alterego_mod:Crossover"],"picked":"alterego_mod:Undulate","floor":3.0},{"not_picked":["alterego_mod:1TonWallop","alterego_mod:BreastValley"],"picked":"alterego_mod:MagicResistance","floor":4.0},{"not_picked":["alterego_mod:Rip","alterego_mod:TrashNCrash"],"picked":"alterego_mod:Undulate","floor":5.0},{"not_picked":["alterego_mod:PerceptionDisorder","alterego_mod:Cushion"],"picked":"alterego_mod:TrashNCrash","floor":6.0},{"not_picked":["alterego_mod:BoobPocket","alterego_mod:HighServant"],"picked":"alterego_mod:Stockings","floor":8.0},{"not_picked":["alterego_mod:BiFurious","alterego_mod:Pet"],"picked":"alterego_mod:Lift","floor":11.0},{"not_picked":["alterego_mod:Cooking","alterego_mod:Mirror"],"picked":"alterego_mod:Jiggle","floor":12.0},{"not_picked":["alterego_mod:1TonWallop","alterego_mod:DeftHands"],"picked":"alterego_mod:BiFurious","floor":14.0},{"not_picked":["alterego_mod:Vow","alterego_mod:InsideBaseball"],"picked":"alterego_mod:IdEs","floor":16.0},{"not_picked":["alterego_mod:Belts","alterego_mod:Rip"],"picked":"alterego_mod:GoddessCore","floor":18.0},{"not_picked":["alterego_mod:Clap+1","alterego_mod:Cycle"],"picked":"alterego_mod:ChallengeComplete","floor":23.0},{"not_picked":["alterego_mod:IndependentAction","alterego_mod:HighServant"],"picked":"alterego_mod:Collar","floor":24.0},{"not_picked":["alterego_mod:HighServant","alterego_mod:Bunnysuit"],"picked":"alterego_mod:Vow","floor":25.0},{"not_picked":["alterego_mod:DeftHands+1","alterego_mod:Rip+1"],"picked":"alterego_mod:Schoolgirl+1","floor":28.0},{"not_picked":["alterego_mod:HighServant","alterego_mod:Bunnysuit","alterego_mod:BreastValley"],"picked":"SKIP","floor":31.0},{"not_picked":["alterego_mod:Vow","alterego_mod:ClassAdvantage"],"picked":"alterego_mod:Weigh","floor":33.0},{"not_picked":["alterego_mod:1TonWallop+1","alterego_mod:BreastValley+1"],"picked":"alterego_mod:Clones","floor":35},{"not_picked":["alterego_mod:DiscoLights+1","alterego_mod:Jiggle+1"],"picked":"alterego_mod:Mirror+1","floor":36}],"player_experience":216514,"relics_obtained":[{"floor":2.0,"key":"Happy Flower"},{"floor":6.0,"key":"Dead Branch"},{"floor":9.0,"key":"CaptainsWheel"},{"floor":12.0,"key":"Ice Cream"},{"floor":23.0,"key":"Replay:Baseball"},{"floor":25.0,"key":"Blue Doll"},{"floor":26.0,"key":"Blue Candle"},{"floor":30.0,"key":"Grinning Jar"}],"event_choices":[{"damage_healed":0.0,"max_hp_gain":0.0,"max_hp_loss":0.0,"gold_gain":0.0,"event_name":"Wheel of Change","player_choice":"Relic","floor":2.0,"gold_loss":0.0,"damage_taken":0.0},{"cards_removed":["Guardian:Aged"],"damage_healed":0.0,"max_hp_gain":0.0,"max_hp_loss":0.0,"gold_gain":0.0,"event_name":"Back to Basics","player_choice":"Elegance","floor":20.0,"gold_loss":0.0,"damage_taken":0.0},{"damage_healed":0.0,"max_hp_gain":0.0,"max_hp_loss":0.0,"gold_gain":0.0,"event_name":"The Library","player_choice":"Read","floor":21.0,"gold_loss":0.0,"damage_taken":0.0,"cards_obtained":["alterego_mod:IndependentAction"]},{"cards_removed":["alterego_mod:Strike"],"damage_healed":0.0,"max_hp_gain":0.0,"max_hp_loss":0.0,"gold_gain":0.0,"event_name":"Purifier","player_choice":"Purged","floor":22.0,"gold_loss":0.0,"damage_taken":0.0},{"damage_healed":0,"gold_gain":0,"player_choice":"Fight","damage_taken":0,"max_hp_gain":0,"max_hp_loss":0,"event_name":"Mysterious Sphere","floor":37,"gold_loss":0}],"is_beta":false,"boss_relics":[{"not_picked":["Replay:Bronze Core","Replay:Drink Me"],"picked":"Astrolabe"},{"not_picked":["Honey Jar","Runic Pyramid"],"picked":"Painkiller Herb"}],"items_purged_floors":[],"is_endless":false,"potions_floor_spawned":[3,4,6,11,16,24,28,33],"killed_by":"2 Orb Walkers","ascension_level":0}}