{"host":"y3h3n3f7seyagppx","time":1609694992,"event":{"mods":["BaseMod","Colored Map","Colored Powertips","DeckTracker","Minty Spire (QoL Compilation)","Random Character Button","Rare Cards Sparkle","Relic Sorter","Relic Stats","StSLib"],"gold_per_floor":[211,39,39,51,51,51,76,92,118,136,152,177,177,192,192,269,269,279,279,292,304,317,347,360,392,418,453,453,9,22,22,22,96,96,108,108,0,10,21,47,47,79,79,79,96,111,111,143,143,143,143,143,143,1,1,1],"floor_reached":55,"playtime":7626,"items_purged":["Strike_R"],"score":2133,"play_id":"9db94f48-45b7-4283-b7a6-701c716a9c03","local_time":"20210103122952","is_ascension_mode":true,"campfire_choices":[{"data":"Immolate","floor":6,"key":"SMITH"},{"data":"Armaments","floor":13,"key":"SMITH"},{"data":"Disarm","floor":15,"key":"SMITH"},{"data":"Fiend Fire","floor":28,"key":"SMITH"},{"floor":32,"key":"REST"},{"floor":41,"key":"REST"},{"floor":47,"key":"REST"},{"floor":49,"key":"RECALL"},{"floor":53,"key":"REST"}],"circlet_count":0,"master_deck":["AscendersBane","Strike_R","Strike_R","Strike_R","Strike_R","Defend_R","Defend_R","Defend_R","Defend_R","Bash","Iron Wave","Immolate+1","Armaments+1","Disarm+1","Impervious+1","Spot Weakness","Impervious","Fiend Fire+1","Reaper","Exhume","Shockwave","Evolve","Impervious","Impervious","Entrench","Body Slam","Combust+1","Offering+1","Power Through","Demon Form","Sword Boomerang"],"relics":["Burning Blood","Dream Catcher","Bottled Flame","Strawberry","Runic Dome","Nloth\u0027s Gift","Self Forming Clay","Bronze Scales","StoneCalendar","Potion Belt","Philosopher\u0027s Stone","Red Mask","Blood Vial","Akabeko","Pantograph","War Paint"],"acts_visited":["Exordium","TheCity","TheBeyond","TheEnding"],"potions_floor_usage":[7,12,14,20,25,27,27,33,33,33,48,50,51,55],"damage_taken":[{"damage":6,"enemies":"2 Louse","floor":1,"turns":3},{"damage":4,"enemies":"Jaw Worm","floor":4,"turns":4},{"damage":18,"enemies":"Lagavulin","floor":7,"turns":7},{"damage":0,"enemies":"Cultist","floor":8,"turns":3},{"damage":0,"enemies":"Large Slime","floor":10,"turns":4},{"damage":0,"enemies":"Gremlin Gang","floor":11,"turns":1},{"damage":10,"enemies":"3 Sentries","floor":12,"turns":5},{"damage":0,"enemies":"3 Louse","floor":14,"turns":1},{"damage":27,"enemies":"The Guardian","floor":16,"turns":14},{"damage":12,"enemies":"Shell Parasite","floor":18,"turns":6},{"damage":1,"enemies":"3 Byrds","floor":20,"turns":4},{"damage":21,"enemies":"Snake Plant","floor":21,"turns":5},{"damage":25,"enemies":"Cultist and Chosen","floor":22,"turns":8},{"damage":5,"enemies":"Gremlin Leader","floor":23,"turns":6},{"damage":20,"enemies":"Centurion and Healer","floor":24,"turns":10},{"damage":0,"enemies":"Slavers","floor":25,"turns":1},{"damage":7,"enemies":"Gremlin Leader","floor":27,"turns":10},{"damage":20,"enemies":"Snecko","floor":30,"turns":5},{"damage":86,"enemies":"Automaton","floor":33,"turns":12},{"damage":0,"enemies":"3 Shapes","floor":35,"turns":2},{"damage":32,"enemies":"3 Darklings","floor":38,"turns":7},{"damage":2,"enemies":"Sphere and 2 Shapes","floor":39,"turns":5},{"damage":80,"enemies":"Reptomancer","floor":40,"turns":6},{"damage":37,"enemies":"Giant Head","floor":42,"turns":9},{"damage":31,"enemies":"Maw","floor":45,"turns":7},{"damage":2,"enemies":"3 Darklings","floor":46,"turns":4},{"damage":10,"enemies":"Reptomancer","floor":48,"turns":4},{"damage":94,"enemies":"Time Eater","floor":50,"turns":12},{"damage":79,"enemies":"Awakened One","floor":51,"turns":12},{"damage":93,"enemies":"Shield and Spear","floor":55,"turns":5}],"seed_played":"-4498091173845240715","potions_obtained":[{"floor":4,"key":"SneckoOil"},{"floor":8,"key":"DuplicationPotion"},{"floor":11,"key":"EntropicBrew"},{"floor":12,"key":"Fruit Juice"},{"floor":14,"key":"SteroidPotion"},{"floor":16,"key":"Fire Potion"},{"floor":23,"key":"Dexterity Potion"},{"floor":25,"key":"BlessingOfTheForge"},{"floor":27,"key":"BloodPotion"},{"floor":30,"key":"Energy Potion"},{"floor":35,"key":"ElixirPotion"},{"floor":38,"key":"Fire Potion"},{"floor":42,"key":"Fire Potion"}],"is_trial":false,"path_per_floor":["M","$","?","M","$","R","E","M","T","M","M","E","R","M","R","B",null,"M","?","M","M","M","E","M","E","T","E","R","$","M","?","R","B",null,"M","?","?","M","M","E","R","E","T","$","M","M","R","E","R","B","B",null,"R","$","E"],"character_chosen":"IRONCLAD","items_purchased":["Immolate","Potion Belt","Evolve","DistilledChaos","LiquidMemories","DistilledChaos","PowerPotion"],"campfire_rested":4,"item_purchase_floors":[2,29,29,29,29,54,54],"current_hp_per_floor":[68,68,63,65,65,65,53,59,66,72,78,74,74,85,85,64,81,75,75,80,65,46,47,49,55,55,66,66,66,56,56,82,24,71,77,77,77,68,72,13,39,29,29,29,32,38,64,72,72,17,11,68,87,87,0,0],"gold":1,"neow_bonus":"HUNDRED_GOLD","is_daily":false,"chose_seed":false,"campfire_upgraded":4,"win_rate":0.0,"timestamp":1609694992,"path_taken":["M","$","?","M","?","R","E","?","T","M","M","E","R","M","R","BOSS","M","?","M","M","?","E","M","E","T","E","R","$","?","?","R","BOSS","M","?","?","M","M","E","R","E","T","?","M","M","R","E","R","BOSS","BOSS","R","$","E"],"items_purchased_type":["Card","Relic","Card","Potion","Potion","Potion","Potion"],"build_version":"2020-12-22","purchased_purges":1,"victory":false,"max_hp_per_floor":[75,75,75,75,75,75,75,75,82,82,82,82,82,87,87,87,87,87,87,87,87,87,87,87,87,87,87,87,87,87,87,87,87,87,87,87,87,87,87,87,87,87,87,87,87,87,87,87,87,87,87,87,87,87,87,87],"relic_stats":{"Blood Vial":10,"Dream Catcher":4,"counters":[30,182],"Self Forming Clay":[258],"Bronze Scales":[344],"Pantograph":40,"StoneCalendar":[225],"Nloth\u0027s Gift":6,"War Paint":["Impervious","Offering"],"obtain_stats":[{"Potion Belt":29,"Self Forming Clay":23,"StoneCalendar":27,"War Paint":48,"Burning Blood":0,"Akabeko":42,"Blood Vial":40,"Runic Dome":17,"Dream Catcher":3,"Bottled Flame":7,"Strawberry":9,"Bronze Scales":25,"Pantograph":43,"Philosopher\u0027s Stone":34,"Art of War":12,"Nloth\u0027s Gift":19,"Red Mask":37},{"Potion Belt":17,"Self Forming Clay":14,"StoneCalendar":17,"War Paint":27,"Burning Blood":0,"Akabeko":24,"Blood Vial":23,"Runic Dome":9,"Dream Catcher":1,"Bottled Flame":3,"Strawberry":4,"Bronze Scales":16,"Pantograph":24,"Philosopher\u0027s Stone":19,"Art of War":7,"Nloth\u0027s Gift":10,"Red Mask":20},{"Potion Belt":92,"Self Forming Clay":71,"StoneCalendar":92,"War Paint":153,"Burning Blood":0,"Akabeko":138,"Blood Vial":129,"Runic Dome":42,"Dream Catcher":3,"Bottled Flame":14,"Strawberry":17,"Bronze Scales":82,"Pantograph":138,"Philosopher\u0027s Stone":109,"Art of War":27,"Nloth\u0027s Gift":48,"Red Mask":111}],"Burning Blood":174},"card_choices":[{"not_picked":["Cleave","Sword Boomerang"],"picked":"Iron Wave","floor":1},{"not_picked":["Intimidate","Body Slam"],"picked":"Armaments","floor":4},{"not_picked":["Reckless Charge","Clothesline","Wild Strike"],"picked":"SKIP","floor":7},{"not_picked":["Warcry","Iron Wave","Cleave"],"picked":"SKIP","floor":8},{"not_picked":["Body Slam","Second Wind"],"picked":"Disarm","floor":10},{"not_picked":["Blood for Blood","Clash","Headbutt"],"picked":"SKIP","floor":11},{"not_picked":["Wild Strike","Dark Embrace"],"picked":"Impervious","floor":12},{"not_picked":["Sword Boomerang","Heavy Blade"],"picked":"Spot Weakness","floor":14},{"not_picked":["Brutality","Demon Form"],"picked":"Impervious","floor":16},{"not_picked":["Hemokinesis","Warcry","Iron Wave"],"picked":"SKIP","floor":18},{"not_picked":["Armaments","Dropkick","Headbutt"],"picked":"SKIP","floor":20},{"not_picked":["Anger","Combust"],"picked":"Fiend Fire","floor":21},{"not_picked":["Intimidate","Twin Strike","Iron Wave"],"picked":"SKIP","floor":22},{"not_picked":["Battle Trance","Inflame+1"],"picked":"Reaper","floor":23},{"not_picked":["Armaments","Pommel Strike","Searing Blow"],"picked":"SKIP","floor":24},{"not_picked":["Havoc","Uppercut"],"picked":"Exhume","floor":25},{"not_picked":["Evolve","Juggernaut"],"picked":"Shockwave","floor":27},{"not_picked":["Iron Wave","Anger"],"picked":"Impervious","floor":30},{"not_picked":["Havoc+1","Heavy Blade"],"picked":"Body Slam","floor":32},{"not_picked":["Reaper","Double Tap"],"picked":"Impervious","floor":33},{"not_picked":["Wild Strike","Metallicize"],"picked":"Entrench","floor":35},{"not_picked":["Inflame","Cleave+1"],"picked":"Body Slam","floor":38},{"not_picked":["Thunderclap","Heavy Blade"],"picked":"Combust+1","floor":39},{"not_picked":["Cleave","Entrench+1"],"picked":"Offering","floor":40},{"not_picked":["Bludgeon","Immolate","Hemokinesis"],"picked":"SKIP","floor":42},{"not_picked":["Hemokinesis","Thunderclap","Iron Wave"],"picked":"SKIP","floor":45},{"not_picked":["Hemokinesis","Thunderclap","Iron Wave"],"picked":"SKIP","floor":45},{"not_picked":["Hemokinesis","Twin Strike"],"picked":"Power Through","floor":46},{"not_picked":["Entrench","Metallicize"],"picked":"Demon Form","floor":48},{"not_picked":["Twin Strike","Cleave"],"picked":"Sword Boomerang","floor":53}],"player_experience":20330797,"relics_obtained":[{"floor":7,"key":"Bottled Flame"},{"floor":9,"key":"Strawberry"},{"floor":12,"key":"Art of War"},{"floor":23,"key":"Self Forming Clay"},{"floor":25,"key":"Bronze Scales"},{"floor":27,"key":"StoneCalendar"},{"floor":40,"key":"Blood Vial"},{"floor":42,"key":"Akabeko"},{"floor":43,"key":"Pantograph"},{"floor":48,"key":"War Paint"}],"event_choices":[{"damage_healed":0,"gold_gain":0,"player_choice":"Success","damage_taken":5,"relics_obtained":["Dream Catcher"],"max_hp_gain":0,"max_hp_loss":0,"event_name":"Scrap Ooze","floor":3,"gold_loss":0},{"damage_healed":0,"gold_gain":0,"player_choice":"Traded Relic","damage_taken":0,"relics_obtained":["Nloth\u0027s Gift"],"max_hp_gain":0,"max_hp_loss":0,"event_name":"N\u0027loth","floor":19,"relics_lost":["Art of War"],"gold_loss":0},{"damage_healed":0,"gold_gain":0,"player_choice":"Ignored","damage_taken":0,"max_hp_gain":0,"max_hp_loss":0,"event_name":"The Mausoleum","floor":31,"gold_loss":0},{"cards_removed":["Body Slam"],"damage_healed":0,"gold_gain":0,"player_choice":"Removed Attack","damage_taken":0,"max_hp_gain":0,"max_hp_loss":0,"event_name":"Falling","floor":36,"gold_loss":0},{"damage_healed":0,"gold_gain":0,"player_choice":"Paid","damage_taken":0,"relics_obtained":["Red Mask"],"max_hp_gain":0,"max_hp_loss":0,"event_name":"Tomb of Lord Red Mask","floor":37,"gold_loss":108}],"is_beta":false,"boss_relics":[{"not_picked":["Calling Bell","Ectoplasm"],"picked":"Runic Dome"},{"not_picked":["Velvet Choker","Empty Cage"],"picked":"Philosopher\u0027s Stone"}],"items_purged_floors":[29],"is_endless":false,"potions_floor_spawned":[4,8,11,12,14,16,18,23,25,27,30,35,38,42],"killed_by":"Shield and Spear","ascension_level":20}}