{"host":"tl8jdqk9pnwb74j1","time":1609668822,"event":{"mods":["BaseMod","BetterRewards","Custom Start","Minty Spire (QoL Compilation)","Shop Mod","StSLib","SuperFastMode"],"gold_per_floor":[113,113,188,138,213,213,246,258,258,258,277,38,57,57,57,152,152,162,181,198,198,218,218,218,218],"floor_reached":24,"playtime":669,"items_purged":[],"score":221,"play_id":"bc074524-6e75-457e-8c12-e6e3697ec09c","local_time":"20210103181342","is_ascension_mode":false,"campfire_choices":[{"data":"Dash","floor":6.0,"key":"SMITH"},{"data":"Flying Knee","floor":10.0,"key":"SMITH"},{"data":"Caltrops","floor":15,"key":"SMITH"},{"floor":23,"key":"REST"}],"circlet_count":0,"master_deck":["Strike_G","Strike_G","Strike_G","Strike_G","Strike_G","Defend_G","Defend_G","Defend_G","Survivor","Neutralize","Dash+1","Bane","Flying Knee+1","Caltrops+1","Die Die Die","A Thousand Cuts","Infinite Blades+1","Backflip+1"],"relics":["Ring of the Snake","NeowsBlessing","Mango","StoneCalendar","Toxic Egg 2","Sozu"],"acts_visited":["Exordium","TheCity"],"potions_floor_usage":[24],"damage_taken":[{"damage":0.0,"enemies":"Jaw Worm","floor":1.0,"turns":1.0},{"damage":0.0,"enemies":"Gremlin Nob","floor":7.0,"turns":1.0},{"damage":0.0,"enemies":"2 Louse","floor":8.0,"turns":1.0},{"damage":0.0,"enemies":"Small Slimes","floor":11.0,"turns":3.0},{"damage":8.0,"enemies":"2 Fungi Beasts","floor":13.0,"turns":3.0},{"damage":24,"enemies":"The Guardian","floor":16,"turns":9},{"damage":19,"enemies":"2 Thieves","floor":18,"turns":4},{"damage":7,"enemies":"Shell Parasite","floor":19,"turns":4},{"damage":37,"enemies":"Snake Plant","floor":20,"turns":4},{"damage":9,"enemies":"Cultist and Chosen","floor":22,"turns":5},{"damage":47,"enemies":"Slavers","floor":24,"turns":3}],"seed_played":"3990497333135892091","potions_obtained":[{"floor":1.0,"key":"DuplicationPotion"},{"floor":16,"key":"SpeedPotion"}],"is_trial":false,"path_per_floor":["M","?","?","?","?","R","E","M","T","R","M","$","M","$","R","B",null,"M","M","M","?","M","R","E"],"character_chosen":"THE_SILENT","items_purchased":["Toxic Egg 2"],"campfire_rested":1,"item_purchase_floors":[12],"current_hp_per_floor":[70,63,52,52,45,45,59,59,59,59,59,59,51,51,51,27,84,65,58,21,21,12,37,0,0],"gold":218,"neow_bonus":"THREE_ENEMY_KILL","is_daily":false,"chose_seed":false,"campfire_upgraded":3,"win_rate":0.0,"timestamp":1609668822,"path_taken":["M","?","?","?","?","R","E","?","T","R","M","$","M","$","R","BOSS","M","M","?","?","M","R","E"],"items_purchased_type":["Relic"],"build_version":"2020-12-22","purchased_purges":0,"victory":false,"max_hp_per_floor":[70,70,70,70,70,70,84,84,84,84,84,84,84,84,84,84,84,84,84,84,84,84,84,84,84],"card_choices":[{"not_picked":["Predator","PiercingWail"],"picked":"Dash","floor":1.0},{"not_picked":["Glass Knife","Reflex"],"picked":"Bane","floor":7.0},{"not_picked":["Well Laid Plans","Heel Hook"],"picked":"Flying Knee","floor":8.0},{"not_picked":["Slice","Backflip"],"picked":"Caltrops","floor":11.0},{"not_picked":["Backflip+1","Outmaneuver+1"],"picked":"Die Die Die","floor":13},{"not_picked":["After Image","Doppelganger+1"],"picked":"A Thousand Cuts","floor":16},{"not_picked":["Masterful Stab","Reflex+1"],"picked":"Infinite Blades+1","floor":18},{"not_picked":["Slice","Calculated Gamble+1","Bane"],"picked":"SKIP","floor":19},{"not_picked":["Slice","Footwork","Underhanded Strike"],"picked":"SKIP","floor":20},{"not_picked":["Outmaneuver+1","Slice"],"picked":"Backflip+1","floor":22}],"player_experience":954200,"relics_obtained":[{"floor":7.0,"key":"Mango"},{"floor":9.0,"key":"StoneCalendar"}],"event_choices":[{"cards_removed":["Defend_G"],"damage_healed":0.0,"max_hp_gain":0.0,"max_hp_loss":0.0,"gold_gain":0.0,"event_name":"Golden Wing","player_choice":"Card Removal","floor":2.0,"gold_loss":0.0,"damage_taken":7.0},{"damage_healed":0.0,"max_hp_gain":0.0,"max_hp_loss":0.0,"gold_gain":75.0,"event_name":"World of Goop","player_choice":"Gather Gold","floor":3.0,"gold_loss":0.0,"damage_taken":11.0},{"cards_removed":["Defend_G"],"damage_healed":0.0,"max_hp_gain":0.0,"max_hp_loss":0.0,"gold_gain":0.0,"event_name":"The Cleric","player_choice":"Card Removal","floor":4.0,"gold_loss":50.0,"damage_taken":0.0},{"damage_healed":0.0,"max_hp_gain":0.0,"max_hp_loss":0.0,"gold_gain":75.0,"event_name":"FaceTrader","player_choice":"Touch","floor":5.0,"gold_loss":0.0,"damage_taken":7.0},{"damage_healed":0,"gold_gain":0,"player_choice":"Ignored","damage_taken":0,"max_hp_gain":0,"max_hp_loss":0,"event_name":"NoteForYourself","floor":21,"gold_loss":0}],"is_beta":false,"boss_relics":[{"not_picked":["Cursed Key","Snecko Eye"],"picked":"Sozu"}],"items_purged_floors":[],"is_endless":false,"potions_floor_spawned":[1,16,20,22],"killed_by":"Slavers","ascension_level":0}}