{"host":"mytek2nu1hrzdnew","time":1609699085,"event":{"mods":["Aspiration","BaseMod","Conspire","Evolution","GifTheSpireLib","Glutton Mod","Gold Saver","Hubris","Minty Spire (QoL Compilation)","Replay The Spire","StSLib","Stuff the Spire","Uncapped"],"gold_per_floor":[253,29,29,39,73,73,119,119,142,168,184,184,224,253,253,364,364,389,420,102,133,133,133],"floor_reached":22,"playtime":989,"items_purged":["Glutton:Defend"],"score":268,"play_id":"35c99e3b-2644-468c-92a6-8e37919ba8c0","local_time":"20210103133805","is_ascension_mode":true,"campfire_choices":[{"data":"Glutton:LashOut","floor":6,"key":"SMITH"},{"data":"Glutton:Feed","floor":8,"key":"SMITH"},{"floor":12,"key":"REST"},{"floor":15,"key":"REST"}],"circlet_count":0,"master_deck":["Glutton:Strike","Glutton:Strike","Glutton:Strike","Glutton:Strike","Glutton:Strike","Glutton:Strike","Glutton:Defend","Glutton:Defend","Glutton:Flail","Glutton:Feed+1","Glutton:Chomp","Glutton:Mug","Glutton:LashOut+1","Glutton:Misery","Glutton:Demolish","Glutton:GuardStance","Glutton:Borborygmi","Glutton:Vitality","Glutton:Retaliation","Glutton:LashOut+1","Glutton:Devour","Glutton:Feast","Glutton:Misery","Glutton:Slam+1"],"relics":["Glutton:EternalHunger","EVO:Axolotl","Potion Belt","Toy Ornithopter","StuffTheSpire:GrapeVine","Omamori","Calling Bell","hubris:SlimyHat","Eternal Feather","Du-Vu Doll","Membership Card","Bronze Scales"],"acts_visited":["Exordium","TheCity"],"potions_floor_usage":[13,18,21,21],"damage_taken":[{"damage":12,"enemies":"Cultist","floor":1,"turns":3},{"damage":3,"enemies":"Small Slimes","floor":4,"turns":3},{"damage":10,"enemies":"2 Louse","floor":5,"turns":2},{"damage":44,"enemies":"3 Sentries","floor":7,"turns":5},{"damage":26,"enemies":"Red Slaver","floor":10,"turns":3},{"damage":20,"enemies":"Gremlin Gang","floor":11,"turns":2},{"damage":48,"enemies":"Lagavulin","floor":13,"turns":6},{"damage":18,"enemies":"Lots of Slimes","floor":14,"turns":3},{"damage":104,"enemies":"Slime Boss","floor":16,"turns":9},{"damage":43,"enemies":"conspire:FuzzyDice","floor":18,"turns":6},{"damage":94,"enemies":"Shell Parasite","floor":19,"turns":7},{"damage":72,"enemies":"Sentry and Sphere","floor":21,"turns":5},{"damage":23,"enemies":"Masked Bandits","floor":22,"turns":2}],"seed_played":"-55091160986484834","potions_obtained":[{"floor":1,"key":"Energy Potion"},{"floor":16,"key":"Regen Potion"},{"floor":18,"key":"SkillPotion"},{"floor":19,"key":"Weak Potion"}],"is_trial":false,"path_per_floor":["M","$","?","M","M","R","E","R","T","M","M","R","E","M","R","B",null,"M","M","$","M","?"],"character_chosen":"GLUTTON","items_purchased":["Glutton:Chomp","Potion Belt","Membership Card","Bronze Scales","Glutton:Feast","Glutton:Misery"],"campfire_rested":2,"item_purchase_floors":[2,2,20,20,20,20],"current_hp_per_floor":[120,120,120,131,124,124,98,98,98,76,60,104,89,96,143,59,161,139,65,65,3,0,0],"gold":133,"neow_bonus":"TEN_PERCENT_HP_BONUS","is_daily":false,"chose_seed":false,"campfire_upgraded":2,"win_rate":0.0,"timestamp":1609699085,"path_taken":["M","$","?","M","M","R","E","R","T","M","M","R","E","M","R","BOSS","M","M","$","M","?"],"items_purchased_type":["Card","Relic","Relic","Relic","Card","Card"],"build_version":"2020-12-22","purchased_purges":1,"victory":false,"max_hp_per_floor":[132,132,132,135,138,138,141,141,141,145,149,149,153,157,157,161,161,165,169,169,169,169,169],"card_choices":[{"not_picked":["Glutton:DistilledAgony","Glutton:Voracity"],"picked":"Glutton:Feed","floor":1},{"not_picked":["Glutton:Yearn","Glutton:Chrysosphagy"],"picked":"Glutton:Mug","floor":4},{"not_picked":["Glutton:SelfFlagellate","Glutton:Strain"],"picked":"Glutton:LashOut","floor":5},{"not_picked":["Glutton:Rapacity","Glutton:Chrysosphagy"],"picked":"Glutton:Misery","floor":7},{"not_picked":["Glutton:Throb","Glutton:GuardStance"],"picked":"Glutton:Demolish","floor":10},{"not_picked":["Glutton:PainMeditation","Glutton:Strain"],"picked":"Glutton:GuardStance","floor":11},{"not_picked":["Glutton:PainMeditation","Glutton:ShedFat"],"picked":"Glutton:Borborygmi","floor":13},{"not_picked":["Glutton:Delusion","Glutton:Salivate"],"picked":"Glutton:Vitality","floor":14},{"not_picked":["Glutton:FragileMight","Glutton:Fast"],"picked":"Glutton:Retaliation","floor":16},{"not_picked":["Glutton:SelfFlagellate+1","Glutton:KneeJerk"],"picked":"Glutton:LashOut+1","floor":18},{"not_picked":["Glutton:Tantrum","Glutton:Profligacy"],"picked":"Glutton:Devour","floor":19},{"not_picked":["Glutton:ShedFat","Glutton:ShareWeakness+1"],"picked":"Glutton:Slam+1","floor":21}],"player_experience":1025778,"relics_obtained":[{"floor":7,"key":"Toy Ornithopter"},{"floor":9,"key":"StuffTheSpire:GrapeVine"},{"floor":13,"key":"Omamori"},{"floor":17,"key":"hubris:SlimyHat"},{"floor":17,"key":"Eternal Feather"},{"floor":17,"key":"Du-Vu Doll"}],"event_choices":[{"damage_healed":0,"gold_gain":0,"player_choice":"Fought Bandits","damage_taken":0,"max_hp_gain":0,"max_hp_loss":0,"event_name":"Masked Bandits","floor":22,"gold_loss":0}],"is_beta":false,"boss_relics":[{"not_picked":["Fusion Hammer","ChewingGum"],"picked":"Calling Bell"}],"items_purged_floors":[20],"is_endless":false,"potions_floor_spawned":[1,5,11,13,16,18,19],"killed_by":"Masked Bandits","ascension_level":2}}