{"host":"sfkslwp4t49i7lrt","time":1609672940,"event":{"mods":["BaseMod","Bestiary","Block Reminder","Downfall","Highlight Path","Minty Spire (QoL Compilation)","Relic Stats","StSLib","everything is the same but u backflip on backflip","slay the spire mod where everything is the same but ironclad has a cowboy hat"],"gold_per_floor":[99,111,122,122,122,156,182,209,209,227,238,7,7,21,38,142,142,42,52,66,66,81,96,96,96,107,7,7,107,107,123,142,238,238,238,257,257,276,293,322,348,348,398,415,428,439,339,357,368,368,368,397,86,86,86],"floor_reached":56,"playtime":3592,"items_purged":["Pain","champ:Strike"],"score":1465,"play_id":"7d530f8e-9691-41ec-a82e-5b0809f81407","local_time":"20210103182220","is_ascension_mode":true,"campfire_choices":[{"data":"champ:Taunt","floor":1.0,"key":"SMITH"},{"data":"champ:AdrenalArmor","floor":13.0,"key":"SMITH"},{"data":"champ:FlashCut","floor":18.0,"key":"SMITH"},{"data":"champ:StanceDance","floor":27.0,"key":"SMITH"},{"floor":30.0,"key":"REST"},{"floor":35.0,"key":"RECALL"},{"floor":47.0,"key":"REST"},{"floor":54.0,"key":"REST"}],"circlet_count":0,"master_deck":["champ:Strike","champ:Strike","champ:Strike","champ:Defend","champ:Defend","champ:Defend","champ:Defend","champ:Execute","champ:Taunt+1","champ:FlashCut+1","champ:RecklessLeap","champ:BerserkersShout","champ:Circumvent","champ:AdrenalArmor+1","champ:StanceDance+1","champ:CrownThrow","champ:EnchantCrown","champ:Haymaker","champ:FanOfKnives","champ:RageSigil","champ:PreciseThrust+1","champ:SteelEdge","champ:TornadoPunch","champ:UltimateStance","expansioncontent:Collect","expansioncontent:DecasProtection","expansioncontent:SuperHexaguard","champ:FaceSlap+1","champ:Endure"],"relics":["champ:ChampionCrown","Sundial","Bronze Scales","Bottled Flame","WarpedTongs","Membership Card","Sozu","downfall:HeartBlessingGreen","Matryoshka","downfall:HeartBlessingBlue","champ:BlackKnightHelmet","InkBottle","Philosopher\u0027s Stone","Frozen Egg 2","Kunai","champ:FightingForDummies","FossilizedHelix","downfall:HeartBlessingRed","Calipers","HandDrill","Guardian:GemstoneGun"],"acts_visited":["Exordium","TheCity","TheBeyond","TheEnding"],"potions_floor_usage":[],"damage_taken":[{"damage":5.0,"enemies":"2 Louse","floor":2.0,"turns":3.0},{"damage":5.0,"enemies":"Small Slimes","floor":3.0,"turns":3.0},{"damage":24.0,"enemies":"3 Sentries","floor":6.0,"turns":10.0},{"damage":37.0,"enemies":"Gremlin Nob","floor":8.0,"turns":4.0},{"damage":16.0,"enemies":"Cultist","floor":10.0,"turns":3.0},{"damage":29.0,"enemies":"Lots of Slimes","floor":11.0,"turns":4.0},{"damage":35.0,"enemies":"downfall:FleeingMerchant","floor":12.0,"turns":4.0},{"damage":14.0,"enemies":"3 Louse","floor":14.0,"turns":2.0},{"damage":25.0,"enemies":"2 Fungi Beasts","floor":15.0,"turns":3.0},{"damage":56.0,"enemies":"downfall:Ironclad","floor":16.0,"turns":7.0},{"damage":29.0,"enemies":"Chosen","floor":19.0,"turns":3.0},{"damage":48.0,"enemies":"Snake Plant","floor":20.0,"turns":3.0},{"damage":45.0,"enemies":"Centurion and Healer","floor":22.0,"turns":6.0},{"damage":46.0,"enemies":"3 Cultists","floor":23.0,"turns":4.0},{"damage":27.0,"enemies":"Snecko","floor":26.0,"turns":3.0},{"damage":47.0,"enemies":"Snecko","floor":29.0,"turns":5.0},{"damage":32.0,"enemies":"Centurion and Healer","floor":31.0,"turns":3.0},{"damage":35.0,"enemies":"3 Cultists","floor":32.0,"turns":5.0},{"damage":58.0,"enemies":"downfall:Silent","floor":33.0,"turns":4.0},{"damage":22.0,"enemies":"3 Shapes","floor":36.0,"turns":2.0},{"damage":6.0,"enemies":"Orb Walker","floor":38.0,"turns":3.0},{"damage":36.0,"enemies":"Jaw Worm Horde","floor":39.0,"turns":3.0},{"damage":23.0,"enemies":"Reptomancer","floor":40.0,"turns":7.0},{"damage":52.0,"enemies":"Reptomancer","floor":43.0,"turns":5.0},{"damage":48.0,"enemies":"Transient","floor":44.0,"turns":5.0},{"damage":47.0,"enemies":"Spire Growth","floor":45.0,"turns":5.0},{"damage":10.0,"enemies":"Jaw Worm Horde","floor":46.0,"turns":4.0},{"damage":26.0,"enemies":"3 Darklings","floor":48.0,"turns":4.0},{"damage":25.0,"enemies":"Transient","floor":49.0,"turns":5.0},{"damage":59.0,"enemies":"downfall:Watcher","floor":50.0,"turns":15.0},{"damage":118.0,"enemies":"downfall:CharBossMerchant","floor":52.0,"turns":9.0},{"damage":105,"enemies":"downfall:NeowBoss","floor":55,"turns":26}],"seed_played":"-8585083452264805619","potions_obtained":[{"floor":0.0,"key":"champ:OpenerPotion"},{"floor":0.0,"key":"SkillPotion"},{"floor":0.0,"key":"DistilledChaos"}],"is_trial":false,"path_per_floor":["R","M","M","?","?","E","T","E","?","M","M","$","R","M","M","B",null,"R","M","M","T","M","M","T","?","M","R","?","?","R","M","M","B",null,"R","M","?","M","M","E","T","?","?","M","M","M","R","M","M","B",null,"E","$","R","B",null],"character_chosen":"THE_CHAMP","items_purchased":["Membership Card","champ:StanceDance","HandDrill","champ:Endure","Guardian:GemstoneGun"],"campfire_rested":3,"item_purchase_floors":[12,12,53,53,53],"current_hp_per_floor":[90,90,90,90,95,81,81,70,70,69,64,62,62,57,57,44,82,82,79,59,59,47,37,37,37,37,47,47,47,78,65,52,27,86,86,85,75,69,42,40,40,92,68,51,28,33,60,62,68,54,83,9,9,36,36],"gold":86,"neow_bonus":"THREE_SMALL_POTIONS","is_daily":false,"chose_seed":false,"campfire_upgraded":4,"win_rate":0.0,"timestamp":1609672940,"path_taken":["R","M","M","?","?","E","T","E","?","M","M","$","R","M","M","BOSS","R","M","M","?","?","M","T","?","M","R","?","?","R","M","M","BOSS","R","M","?","M","M","E","T","?","?","M","M","?","R","M","M","BOSS","E","$","R","BOSS"],"items_purchased_type":["Relic","Card","Relic","Card","Relic"],"build_version":"2020-12-22","purchased_purges":2,"victory":true,"max_hp_per_floor":[90,90,90,90,95,95,95,95,95,95,95,95,95,95,95,95,95,95,95,95,95,95,95,95,95,95,105,105,105,105,105,105,105,105,105,105,105,105,105,105,105,92,92,92,92,92,92,92,92,92,92,92,92,92,92],"relic_stats":{"Sozu":9,"counters":[32,172],"Sundial":[12],"Bronze Scales":[331],"HandDrill":[42],"Kunai":[32],"obtain_stats":[{"champ:BlackKnightHelmet":29,"Calipers":52,"downfall:HeartBlessingRed":47,"Guardian:GemstoneGun":53,"champ:ChampionCrown":0,"downfall:HeartBlessingGreen":18,"Frozen Egg 2":40,"WarpedTongs":9,"Sozu":17,"Bottled Flame":8,"Matryoshka":24,"Sundial":6,"downfall:HeartBlessingBlue":27,"Bronze Scales":7,"Philosopher\u0027s Stone":34,"HandDrill":53,"Membership Card":12,"Kunai":41,"champ:FightingForDummies":41,"InkBottle":29,"FossilizedHelix":43},{"champ:BlackKnightHelmet":16,"Calipers":31,"downfall:HeartBlessingRed":27,"Guardian:GemstoneGun":31,"champ:ChampionCrown":0,"downfall:HeartBlessingGreen":10,"Frozen Egg 2":23,"WarpedTongs":4,"Sozu":10,"Bottled Flame":4,"Matryoshka":14,"Sundial":3,"downfall:HeartBlessingBlue":15,"Bronze Scales":3,"Philosopher\u0027s Stone":19,"HandDrill":31,"Membership Card":7,"Kunai":23,"champ:FightingForDummies":23,"InkBottle":16,"FossilizedHelix":24},{"champ:BlackKnightHelmet":67,"Calipers":146,"downfall:HeartBlessingRed":113,"Guardian:GemstoneGun":146,"champ:ChampionCrown":0,"downfall:HeartBlessingGreen":43,"Frozen Egg 2":94,"WarpedTongs":20,"Sozu":43,"Bottled Flame":20,"Matryoshka":59,"Sundial":16,"downfall:HeartBlessingBlue":62,"Bronze Scales":16,"Philosopher\u0027s Stone":79,"HandDrill":146,"Membership Card":31,"Kunai":94,"champ:FightingForDummies":94,"InkBottle":67,"FossilizedHelix":99}],"InkBottle":[45],"WarpedTongs":[145]},"card_choices":[{"not_picked":["champ:CrownThrow","champ:ViciousMockery"],"picked":"champ:FlashCut","floor":2.0},{"not_picked":["champ:HeartStrike","champ:ShieldWall"],"picked":"champ:RecklessLeap","floor":3.0},{"not_picked":["champ:FlashCut","champ:ViciousMockery"],"picked":"champ:BerserkersShout","floor":6.0},{"not_picked":["champ:PerfectedStrike","champ:FlashCut"],"picked":"champ:Circumvent","floor":8.0},{"not_picked":["champ:FocusedBerserking","champ:FanOfKnives"],"picked":"champ:AdrenalArmor","floor":10.0},{"not_picked":["champ:FlashCut","champ:RecklessLeap","champ:FocusedDefense"],"picked":"SKIP","floor":11.0},{"not_picked":["champ:ShieldWall","champ:Endure","champ:BladeFlurry"],"picked":"SKIP","floor":12.0},{"not_picked":["champ:Circumvent","champ:FocusedDefense"],"picked":"champ:CrownThrow","floor":14.0},{"not_picked":["champ:RapidStrikes","champ:FanOfKnives","champ:HeartStrike"],"picked":"SKIP","floor":15.0},{"not_picked":["champ:ShieldSlam","champ:SwordThrow"],"picked":"champ:EnchantCrown","floor":16.0},{"not_picked":["champ:BerserkersShout","champ:Lariat"],"picked":"champ:Haymaker","floor":19.0},{"not_picked":["champ:StanceDance","champ:Backstep+1"],"picked":"champ:FanOfKnives","floor":20.0},{"not_picked":["champ:FanOfKnives","champ:AdrenalArmor+1"],"picked":"champ:RageSigil","floor":22.0},{"not_picked":["champ:FlashCut","champ:PerfectedStrike"],"picked":"champ:PreciseThrust+1","floor":23.0},{"not_picked":["champ:PerfectedStrike","champ:AdrenalArmor+1"],"picked":"champ:SteelEdge","floor":26.0},{"not_picked":["champ:Duel","champ:StanceDance"],"picked":"champ:TornadoPunch","floor":31.0},{"not_picked":["champ:FocusedDefense+1","champ:Parry","champ:SwordSigil"],"picked":"SKIP","floor":32.0},{"not_picked":["champ:StrikeOfGenius","champ:LastStand"],"picked":"champ:UltimateStance","floor":33.0},{"not_picked":["champ:BladeFlurry+1","champ:Haymaker","champ:Duel+1"],"picked":"SKIP","floor":36.0},{"not_picked":["expansioncontent:TimeRipple","expansioncontent:YouAreMine"],"picked":"expansioncontent:Collect","floor":37.0},{"not_picked":["expansioncontent:GoopSpray","expansioncontent:Hexaburn"],"picked":"expansioncontent:DecasProtection","floor":37.0},{"not_picked":["expansioncontent:PrepareCrush","expansioncontent:Hexaburn"],"picked":"expansioncontent:SuperHexaguard","floor":37.0},{"not_picked":["champ:CalledShot+1","champ:EnGarde+1"],"picked":"champ:FaceSlap+1","floor":38.0},{"not_picked":["champ:FanOfKnives+1","champ:FaceSlap+1","champ:PreciseThrust+1"],"picked":"SKIP","floor":39.0},{"not_picked":["champ:Haymaker","champ:FanOfKnives","champ:AdrenalArmor"],"picked":"SKIP","floor":40.0},{"not_picked":["champ:FanOfKnives+1","champ:EndlessRage+1","champ:FocusedBerserking+1"],"picked":"SKIP","floor":44.0},{"not_picked":["champ:GladiatorStyle+1","champ:Circumvent+1","champ:RisingSlash"],"picked":"SKIP","floor":45.0},{"not_picked":["champ:HeartStrike+1","champ:PreciseThrust","champ:FocusedDefense"],"picked":"SKIP","floor":46.0},{"not_picked":["champ:GladiatorStyle+1","champ:ViciousMockery","champ:BerserkersShout"],"picked":"SKIP","floor":48.0},{"not_picked":["champ:DefensiveStyle+1","champ:RapidStrikes","champ:GladiatorStyle+1"],"picked":"SKIP","floor":49.0},{"not_picked":["champ:FalseCounter+1","champ:EnGarde+1","champ:IgnorePain"],"picked":"SKIP","floor":52.0}],"player_experience":433276,"relics_obtained":[{"floor":6.0,"key":"Sundial"},{"floor":7.0,"key":"Bronze Scales"},{"floor":8.0,"key":"Bottled Flame"},{"floor":24.0,"key":"Matryoshka"},{"floor":29.0,"key":"champ:BlackKnightHelmet"},{"floor":29.0,"key":"InkBottle"},{"floor":40.0,"key":"Frozen Egg 2"},{"floor":41.0,"key":"Kunai"},{"floor":41.0,"key":"champ:FightingForDummies"},{"floor":43.0,"key":"FossilizedHelix"},{"floor":52.0,"key":"Calipers"}],"event_choices":[{"damage_healed":0.0,"max_hp_gain":5.0,"max_hp_loss":0.0,"gold_gain":0.0,"event_name":"Big Fish","player_choice":"Donut","floor":5.0,"gold_loss":0.0,"damage_taken":0.0},{"damage_healed":0.0,"max_hp_gain":0.0,"max_hp_loss":0.0,"gold_gain":0.0,"event_name":"Accursed Blacksmith","player_choice":"Rummage","floor":9.0,"gold_loss":0.0,"damage_taken":0.0,"relics_obtained":["WarpedTongs"],"cards_obtained":["Pain"]}],"is_beta":false,"boss_relics":[{"not_picked":["SlaversCollar","Runic Pyramid"],"picked":"Sozu"},{"not_picked":["Runic Dome","Tiny House"],"picked":"Philosopher\u0027s Stone"}],"items_purged_floors":[12,53],"is_endless":false,"potions_floor_spawned":[2,11,14,15,26,29,31,38,40,44,46,49,52],"ascension_level":5}}