{"host":"qwttrqaysb380yri","time":1609695434,"event":{"mods":["BaseMod","Custom Start","Minty Spire (QoL Compilation)","Permanent Neow","Puzzle Mod","Relic Stats","StSLib","The Hierophant"],"gold_per_floor":[119,119,119,137,152,152,179,179,179,205,146,179,192,180,180,180,180],"floor_reached":16,"playtime":409,"items_purged":[],"score":254,"play_id":"ecfc6ed2-d058-434d-ad84-3808857ef2c7","local_time":"20210103183714","is_ascension_mode":true,"campfire_choices":[{"data":"Dash","floor":6,"key":"SMITH"},{"floor":8,"key":"REST"},{"floor":15,"key":"REST"}],"circlet_count":0,"master_deck":["AscendersBane","Strike_G","Strike_G","Strike_G","Strike_G","Strike_G","Defend_G","Defend_G","Defend_G","Defend_G","Defend_G","Survivor","Neutralize","Dash+1","Quick Slash","Regret","Blade Dance","Endless Agony","Infinite Blades+1","Dodge and Roll","Leg Sweep"],"relics":["Ring of the Snake","White Beast Statue","Ancient Tea Set","Boot","Ornamental Fan","Frozen Egg 2","Shuriken"],"acts_visited":["Exordium"],"potions_floor_usage":[5,7,10,10,12,13],"damage_taken":[{"damage":0,"enemies":"2 Louse","floor":1,"turns":3},{"damage":4,"enemies":"Jaw Worm","floor":4,"turns":4},{"damage":4,"enemies":"Small Slimes","floor":5,"turns":3},{"damage":21,"enemies":"Gremlin Nob","floor":7,"turns":4},{"damage":2,"enemies":"Lagavulin","floor":10,"turns":5},{"damage":9,"enemies":"Gremlin Nob","floor":12,"turns":4},{"damage":3,"enemies":"Blue Slaver","floor":13,"turns":2},{"damage":10,"enemies":"Exordium Thugs","floor":14,"turns":4},{"damage":32,"enemies":"The Guardian","floor":16,"turns":7}],"seed_played":"-1852822953905221859","potions_obtained":[{"floor":1,"key":"DuplicationPotion"},{"floor":4,"key":"EssenceOfSteel"},{"floor":5,"key":"Ancient Potion"},{"floor":7,"key":"SpeedPotion"},{"floor":10,"key":"Block Potion"},{"floor":12,"key":"CunningPotion"},{"floor":13,"key":"SteroidPotion"},{"floor":14,"key":"Fire Potion"}],"is_trial":false,"path_per_floor":["M","?","?","M","M","R","E","R","T","E","?","E","M","M","R","B"],"character_chosen":"THE_SILENT","items_purchased":[],"campfire_rested":2,"item_purchase_floors":[],"current_hp_per_floor":[59,59,48,44,40,40,19,38,38,36,36,27,24,14,33,1,1],"gold":180,"neow_bonus":"THREE_CARDS","is_daily":false,"chose_seed":false,"campfire_upgraded":1,"win_rate":0.0,"timestamp":1609695434,"path_taken":["M","?","?","M","M","R","E","R","T","E","?","E","M","M","R","BOSS"],"items_purchased_type":[],"build_version":"2020-12-22","purchased_purges":0,"victory":false,"max_hp_per_floor":[66,66,66,66,66,66,66,66,66,66,66,66,66,66,66,66,66],"relic_stats":{"counters":[9,36],"Ornamental Fan":[68],"Shuriken":[9],"Boot":[28],"obtain_stats":[{"Ornamental Fan":9,"Shuriken":12,"Frozen Egg 2":10,"Ancient Tea Set":3,"Boot":7,"White Beast Statue":2,"Ring of the Snake":0},{"Ornamental Fan":4,"Shuriken":6,"Frozen Egg 2":5,"Ancient Tea Set":1,"Boot":4,"White Beast Statue":1,"Ring of the Snake":0},{"Ornamental Fan":14,"Shuriken":23,"Frozen Egg 2":19,"Ancient Tea Set":3,"Boot":14,"White Beast Statue":3,"Ring of the Snake":0}],"Ring of the Snake":[19]},"card_choices":[{"not_picked":["Dodge and Roll","Dagger Throw"],"picked":"Dash","floor":0},{"not_picked":["Caltrops","Underhanded Strike"],"picked":"Quick Slash","floor":1},{"not_picked":["Dagger Spray","PiercingWail"],"picked":"Blade Dance","floor":4},{"not_picked":["Dagger Spray","Infinite Blades"],"picked":"Endless Agony","floor":5},{"not_picked":["Cloak And Dagger","Setup","Poisoned Stab"],"picked":"SKIP","floor":7},{"not_picked":["Acrobatics","Deflect"],"picked":"Infinite Blades+1","floor":10},{"not_picked":["Bouncing Flask","Flechettes"],"picked":"Dodge and Roll","floor":12},{"not_picked":["Blade Dance","Endless Agony"],"picked":"Leg Sweep","floor":13},{"not_picked":["Tactician","Outmaneuver","Slice"],"picked":"SKIP","floor":14}],"player_experience":1999131,"relics_obtained":[{"floor":7,"key":"Boot"},{"floor":9,"key":"Ornamental Fan"},{"floor":10,"key":"Frozen Egg 2"},{"floor":12,"key":"Shuriken"}],"event_choices":[{"damage_healed":0,"gold_gain":0,"player_choice":"Box","damage_taken":0,"relics_obtained":["White Beast Statue"],"max_hp_gain":0,"max_hp_loss":0,"event_name":"Big Fish","floor":2,"gold_loss":0,"cards_obtained":["Regret"]},{"damage_healed":0,"gold_gain":0,"player_choice":"Success","damage_taken":11,"relics_obtained":["Ancient Tea Set"],"max_hp_gain":0,"max_hp_loss":0,"event_name":"Scrap Ooze","floor":3,"gold_loss":0},{"damage_healed":0,"gold_gain":0,"player_choice":"Left Gold","damage_taken":0,"max_hp_gain":0,"max_hp_loss":0,"event_name":"World of Goop","floor":11,"gold_loss":59}],"is_beta":false,"boss_relics":[],"items_purged_floors":[],"is_endless":false,"potions_floor_spawned":[1,4,5,7,10,12,13,14],"killed_by":"The Guardian","ascension_level":15}}