{"host":"6ld56ls1xbe0aj21","time":1609675160,"event":{"mods":["AchievementEnabler","BaseMod","Colored Powertips","Minty Spire (QoL Compilation)","Quick Restart","Rare Cards Sparkle","StSLib","SuperFastMode","everything is the same but u backflip on backflip","slay the spire mod where everything is the same but ironclad has a cowboy hat"],"gold_per_floor":[215,227,302,29,49,80,80,111,161,174,29,47,17,17,17,17,17],"floor_reached":16,"playtime":433,"items_purged":[],"score":160,"play_id":"123d7883-5939-47d3-8752-24587fba346c","local_time":"20210103225920","is_ascension_mode":true,"campfire_choices":[{"floor":15,"key":"REST"}],"circlet_count":0,"master_deck":["Strike_R","Strike_R","Strike_R","Strike_R","Strike_R","Defend_R","Defend_R+1","Defend_R","Defend_R","Bash","Disarm","Evolve","Combust","Whirlwind","Flame Barrier","Combust","Limit Break","Disarm","Corruption","Brutality","Metallicize","Dual Wield","Combust+1","Blood for Blood"],"relics":["Burning Blood","Sling","Self Forming Clay","Omamori","Question Card","Orichalcum","Orrery"],"acts_visited":["Exordium"],"potions_floor_usage":[8,8],"damage_taken":[{"damage":8.0,"enemies":"Small Slimes","floor":1.0,"turns":4.0},{"damage":0.0,"enemies":"Jaw Worm","floor":2.0,"turns":5.0},{"damage":0.0,"enemies":"2 Louse","floor":5.0,"turns":1.0},{"damage":24.0,"enemies":"3 Sentries","floor":6.0,"turns":4.0},{"damage":22,"enemies":"Lagavulin","floor":8,"turns":5},{"damage":5,"enemies":"2 Fungi Beasts","floor":10,"turns":3},{"damage":9,"enemies":"Blue Slaver","floor":12,"turns":4},{"damage":10,"enemies":"Looter","floor":13,"turns":4},{"damage":29,"enemies":"Slime Boss","floor":16,"turns":6}],"seed_played":"88158737597143399","potions_obtained":[{"floor":1.0,"key":"Weak Potion"},{"floor":5.0,"key":"ElixirPotion"},{"floor":6.0,"key":"AttackPotion"}],"is_trial":false,"path_per_floor":["M","M","?","$","M","E","?","E","T","M","$","M","M","?","R","B"],"character_chosen":"IRONCLAD","items_purchased":["Combust","Sling","Whirlwind","Orrery"],"campfire_rested":1,"item_purchase_floors":[4,4,4,11],"current_hp_per_floor":[70,76,65,65,71,53,41,25,25,26,26,23,19,3,27,0,0],"gold":17,"neow_bonus":"HUNDRED_GOLD","is_daily":false,"chose_seed":false,"campfire_upgraded":0,"win_rate":0.0,"timestamp":1609675160,"path_taken":["M","M","?","$","M","E","?","E","T","M","$","M","M","?","R","BOSS"],"items_purchased_type":["Card","Relic","Card","Relic"],"build_version":"2020-12-22","purchased_purges":0,"victory":false,"max_hp_per_floor":[80,80,80,80,80,80,80,80,80,80,80,80,80,80,80,80,80],"card_choices":[{"not_picked":["Perfected Strike","Armaments"],"picked":"Disarm","floor":1.0},{"not_picked":["True Grit","Second Wind"],"picked":"Evolve","floor":2.0},{"not_picked":["Second Wind","Havoc"],"picked":"Flame Barrier","floor":5.0},{"not_picked":["Disarm","Warcry"],"picked":"Combust","floor":6.0},{"not_picked":["Warcry","True Grit"],"picked":"Limit Break","floor":8},{"not_picked":["Iron Wave","Sever Soul","Searing Blow"],"picked":"Disarm","floor":10},{"not_picked":["Evolve","Whirlwind","Flex"],"picked":"Corruption","floor":11},{"not_picked":["Perfected Strike","Second Wind","Shrug It Off"],"picked":"Brutality","floor":11},{"not_picked":["Intimidate","Evolve","Iron Wave"],"picked":"Metallicize","floor":11},{"not_picked":["Twin Strike","Dropkick","Entrench"],"picked":"Dual Wield","floor":11},{"not_picked":["Heavy Blade","Flex","Feel No Pain"],"picked":"Combust","floor":12},{"not_picked":["Clash","Flex","True Grit"],"picked":"Blood for Blood","floor":13}],"player_experience":280762,"relics_obtained":[{"floor":6.0,"key":"Self Forming Clay"},{"floor":8,"key":"Question Card"},{"floor":9,"key":"Orichalcum"}],"event_choices":[{"damage_healed":0.0,"max_hp_gain":0.0,"max_hp_loss":0.0,"gold_gain":75.0,"event_name":"World of Goop","player_choice":"Gather Gold","floor":3.0,"gold_loss":0.0,"damage_taken":11.0},{"damage_healed":0.0,"max_hp_gain":0.0,"max_hp_loss":0.0,"gold_gain":0.0,"event_name":"Scrap Ooze","player_choice":"Success","floor":7.0,"gold_loss":0.0,"damage_taken":12.0,"relics_obtained":["Omamori"]},{"damage_healed":0,"gold_gain":0,"player_choice":"Entered Light","damage_taken":16,"max_hp_gain":0,"max_hp_loss":0,"event_name":"Shining Light","floor":14,"gold_loss":0,"cards_upgraded":["Combust","Defend_R"]}],"is_beta":false,"boss_relics":[],"items_purged_floors":[],"is_endless":false,"potions_floor_spawned":[1,5,6],"killed_by":"Slime Boss","ascension_level":9}}