{"host":"w5vfr18i2ft1pzo2","time":1609688699,"event":{"mods":["Act Like it!","Aspiration","BaseMod","Better Third Choice","BetterRewards","Colored Map","Colored Powertips","Conspire","Curses Come First","DNKmod","Defuse TimeMaze Blight","Dota2Spire","Energized Spire","Evolution","Force Act Four","Friendly Minions","Gensokyo","GifTheSpireLib","Gold Saver","Halation","Hubris","Hyrulean Relics","Infinite Spire","Jedi Mod","Marisa????????","Minty Spire (QoL Compilation)","MostiFishMod","Prisma Mod","Remilia??????","Replay The Spire","SacredBarkPlus","Small Relic Pack","Spicy Shops","Spikes Relics","StSLib","Stuff the Spire","Synergy Search","The Blue Laboratory","The Servant 0.9.4","Trackpad","Treasure Hunter","Uncapped","Wandering Minibosses","Yakumo Yukari mod","noobMod","vexMod","??????REMEMod"],"gold_per_floor":[1466,1486,1486,1504,1515,1542,1542,1542,1542,1542,1542,1560,1594,1604,1604,1636,1698,1796,1796,1815,1815,1815,1815,1372,1437,663,678,678,693,693,733,764,778,778,905,905,917,929,974,1005,1005,1068,1068,1088,1140,1140,1185,1185,1185,1199,1199,1234,1234,1234,1034,1068,1076],"floor_reached":58,"playtime":2749,"items_purged":["Deflect","ReplayTheSpireMod:Exploit Weakness","StuffTheSpire:Repulse","jedi:rejectivetoxin","Endless Agony","Bouncing Flask","Terror"],"score":1754,"play_id":"1cbe613c-5b27-4245-8ae6-1cc09b62678b","local_time":"20210103234459","is_ascension_mode":true,"campfire_choices":[{"floor":7,"key":"RECALL"},{"data":"hubris:TrickCloak","floor":10,"key":"SMITH"},{"data":"ReplayTheSpireMod:Black Plague","floor":30,"key":"SMITH"},{"data":"ReplayTheSpireMod:Black Plague+1","floor":43,"key":"SMITH"},{"data":"ReplayTheSpireMod:Black Plague+2","floor":51,"key":"SMITH"},{"data":"ReplayTheSpireMod:Black Plague+3","floor":51,"key":"SMITH"},{"data":"Acrobatics","floor":54,"key":"SMITH"},{"data":"ReplayTheSpireMod:Black Plague+4","floor":54,"key":"SMITH"}],"circlet_count":0,"master_deck":["MostiFishMod:VineMother+1","After Image+1","Toxin Wave","StuffTheSpire:Repulse","jedi:studypoison","Expertise","PiercingWail","Die Die Die","ReplayTheSpireMod:Necrosis","Escape Plan","Envenom+1","Caltrops+1","Hidden Blade","PiercingWail","Die Die Die","Burst","REME_SpectralBlade","MostiFishMod:ThornCasing+1","ReplayTheSpireMod:From All Sides","Envenom+1","ReplayTheSpireMod:Black Plague+5","Skewer","TH:DeckOfManyThings+1","Hidden Blade+1","Skewer","Skewer","Acrobatics+1","TH:CopperCoins+1","TH:CursedSword+1","jedi:studypoison","Sneak Up","TH:TreasureMap+1","Backflip+1","Quick Slash","TH:ArmorSpikes+1","MostiFishMod:WinterMarkForm+1","TH:CursedSword+1","StuffTheSpire:FreeRealEstate","hubris:Envy","jedi:forcepush","TH:CursedSword+1","Backflip"],"relics":["Ring of the Snake","EVO:Axolotl","DaveBox","ice","REME_ComplimentaryCards","hubris:Backtick","Dota2Spire:Bloodstone","StuffTheSpire:DarkSteelAnvil","SentryEyes","SynthV:TestCard","StuffTheSpire:Gunfinga","Frozen Egg 2","TH:Anvil","Dota2Spire:MaskOfMadness","wanderingMiniBosses:Inkheart","FixedStarFall","relicPack:DSword","halation:LoveArrow","Chemical X","Dota2Spire:HandOfMidas","DaCapo","halation:LostSnail","hubris:SlimyHat","ExplosiveVial","trackpad:CultistFigurine","conspire:InfiniteJournal","DiscerningMonocle","Dota2Spire:Dagon","halation:EternalFortune","hubris:TenFootPole","StuffTheSpire:Barrel","halation:Thesaurus","Snake Skull","BionicSphere","RoseTintedShades","Replay:Arrowhead","SpikesRelics:ToyHorsey","TH:HealthInsurance","Iron Hammer","GiantMaggot","Ring of Peace","ReplayTheSpireMod:Ring of Addiction","White Beast Statue","hubris:EmptyBottle","OrangePellets","Dota2Spire:DrumOfEndurance","StuffTheSpire:NeowsTribute","ReplayTheSpireMod:TigerMarble","Replay:WaspNest","StuffTheSpire:HistoryBook","hubris:MedicalManual"],"acts_visited":["Exordium","TheCity","TheBeyond","TheEnding"],"potions_floor_usage":[6,17,17,17,17,17,17,27,38,50,50,52,52,52,56,57,57,57,57,57,57,57,57,57,57,57,57,57,57,57,57,57,57,57,57,57,57,57],"damage_taken":[{"damage":0,"enemies":"2 Louse","floor":1,"turns":1},{"damage":0,"enemies":"Jaw Worm","floor":2,"turns":2},{"damage":0,"enemies":"Cultist","floor":4,"turns":2},{"damage":0,"enemies":"3 Louse","floor":5,"turns":1},{"damage":2,"enemies":"Gremlin Nob","floor":6,"turns":4},{"damage":0,"enemies":"Blue Slaver","floor":12,"turns":2},{"damage":12,"enemies":"Lagavulin","floor":13,"turns":4},{"damage":0,"enemies":"Exordium Wildlife","floor":14,"turns":1},{"damage":6,"enemies":"Replay:BlueRogue","floor":16,"turns":3},{"damage":0,"enemies":"conspire:MimicChest","floor":17,"turns":5},{"damage":0,"enemies":"Slime Boss","floor":18,"turns":2},{"damage":0,"enemies":"Spheric Guardian","floor":20,"turns":2},{"damage":15,"enemies":"Slavers","floor":25,"turns":2},{"damage":0,"enemies":"3 Byrds","floor":27,"turns":1},{"damage":0,"enemies":"Sentry and Sphere","floor":29,"turns":2},{"damage":0,"enemies":"Snecko","floor":31,"turns":1},{"damage":10,"enemies":"Gremlin Leader","floor":32,"turns":2},{"damage":0,"enemies":"Snake Plant","floor":33,"turns":1},{"damage":0,"enemies":"Champ","floor":35,"turns":2},{"damage":0,"enemies":"Orb Walker","floor":37,"turns":1},{"damage":0,"enemies":"3 Darklings","floor":38,"turns":2},{"damage":0,"enemies":"Writhing Mass","floor":39,"turns":2},{"damage":0,"enemies":"conspire:MimicChest","floor":40,"turns":2},{"damage":25,"enemies":"Reptomancer","floor":42,"turns":3},{"damage":0,"enemies":"4 Shapes","floor":44,"turns":2},{"damage":0,"enemies":"Maw","floor":47,"turns":3},{"damage":0,"enemies":"Writhing Mass","floor":50,"turns":3},{"damage":0,"enemies":"conspire:OrnateMirror","floor":52,"turns":2},{"damage":0,"enemies":"Shield and Spear","floor":56,"turns":2},{"damage":12,"enemies":"The Heart","floor":57,"turns":2}],"seed_played":"7348757274719209515","potions_obtained":[{"floor":2,"key":"Dota2Spire:HealingSalve"},{"floor":6,"key":"CunningPotion"},{"floor":12,"key":"jedi:hoardpotion"},{"floor":18,"key":"blueLaboratory:PyrophylliteBrew"},{"floor":20,"key":"Milkshake"},{"floor":27,"key":"LiquidMemories"},{"floor":29,"key":"ColorlessPotion"},{"floor":38,"key":"AttackPotion"},{"floor":44,"key":"blueLaboratory:EmptyBottle"},{"floor":49,"key":"blueLaboratory:ArtistsPotion"},{"floor":50,"key":"Weak Potion"},{"floor":56,"key":"jedi:StrikingPotion"}],"is_trial":false,"path_per_floor":["M","M","?","M","M","E","R","PTL","PTL","R","T","M","E","M","?","E","R_BF","B",null,"M","?","AVR","?","$","E","$","M","T","M","R","M","E","M","R_BF","B",null,"M","M","M","?","?","E","R","M","T","$","M","$","?","M","R","B",null,"R","$","E","B",null],"character_chosen":"THE_SILENT","items_purchased":["Skewer","Chemical X","Dota2Spire:HandOfMidas","Skewer","halation:LostSnail","hubris:SlimyHat","ExplosiveVial","trackpad:CultistFigurine","Strength Potion","trackpad:IceCube","halation:Thesaurus","BionicSphere","RoseTintedShades","jedi:StrikingPotion","infinitespire:BlackPotion","blueLaboratory:EnragingPotion","blueLaboratory:BottledHope","Replay:Arrowhead","SpikesRelics:ToyHorsey","TH:HealthInsurance","Iron Hammer","GiantMaggot","jedi:StrikingPotion","Strength Potion","Swift Potion","StuffTheSpire:FreeRealEstate","OrangePellets","Dota2Spire:DrumOfEndurance","StuffTheSpire:NeowsTribute","ReplayTheSpireMod:TigerMarble","Replay:WaspNest","StuffTheSpire:HistoryBook","jedi:forcepush","blueLaboratory:RememoryPotion"],"campfire_rested":0,"item_purchase_floors":[24,24,24,26,26,26,26,26,26,46,46,46,46,46,46,46,46,48,48,48,48,48,48,48,48,48,55,55,55,55,55,55,55,55],"current_hp_per_floor":[70,70,56,56,56,54,54,54,54,54,54,54,42,42,42,36,36,36,70,70,35,35,35,35,20,20,20,20,20,20,20,10,10,10,10,70,70,70,70,70,73,48,48,58,58,58,61,61,61,61,61,61,76,76,76,74,62],"gold":1076,"neow_bonus":"DOUBLE_BOSS_RELIC","is_daily":false,"chose_seed":false,"campfire_upgraded":7,"win_rate":0.0,"timestamp":1609688699,"path_taken":["M","M","?","M","M","E","R","PTL","PTL","R","T","M","E","M","?","E","R_BF","BOSS","M","?","AVR","?","$","E","$","M","T","?","R","?","E","M","R_BF","BOSS","M","M","M","?","?","E","R","M","T","$","M","$","?","M","R","BOSS","R","$","E","BOSS"],"items_purchased_type":["Card","Relic","Relic","Card","Relic","Relic","Relic","Relic","Potion","Relic","Relic","Relic","Relic","Potion","Potion","Potion","Potion","Relic","Relic","Relic","Relic","Relic","Potion","Potion","Potion","Card","Relic","Relic","Relic","Relic","Relic","Relic","Card","Potion"],"build_version":"2020-12-22","purchased_purges":7,"victory":true,"max_hp_per_floor":[70,70,70,70,70,70,70,70,70,70,70,70,70,70,70,70,70,70,70,70,70,70,70,70,70,70,70,70,70,70,70,70,70,70,70,70,70,70,70,70,73,73,73,73,73,73,76,76,76,76,76,76,76,76,76,74,74],"card_choices":[{"not_picked":["Poisoned Stab","Underhanded Strike"],"picked":"jedi:pocketpoison","floor":1},{"not_picked":["jedi:pocketpoison","Dagger Spray","StuffTheSpire:Sprint","Cloak And Dagger"],"picked":"Dagger Throw","floor":2},{"not_picked":["Dagger Spray","Deflect","Bane","Deadly Poison"],"picked":"hubris:TrickCloak","floor":4},{"not_picked":["Outmaneuver","MostiFishMod:PoisonShield","Dagger Throw","Unload"],"picked":"Acrobatics","floor":5},{"not_picked":["TH:EnergyPotion","TH:ArmorSpikes","TH:CopperCoins"],"picked":"TH:TreasureMap","floor":6},{"not_picked":["hubris:SlightOfHand","Masterful Stab","jedi:collectorvenom","Dagger Spray","ReplayTheSpireMod:Shiv Toss"],"picked":"SKIP","floor":6},{"not_picked":["TH:CursedSword","TH:EnergyPotion","TH:ElvenBoots"],"picked":"TH:DeckOfManyThings","floor":11},{"not_picked":["StuffTheSpire:BumpUp","jedi:acidrain","Eviscerate","Poisoned Stab"],"picked":"Prepared","floor":12},{"not_picked":["TH:ArmorSpikes","TH:ElvenBoots","TH:EnergyPotion"],"picked":"TH:CopperCoins","floor":13},{"not_picked":["MostiFishMod:PoisonShield","Backflip","StuffTheSpire:BumpUp","Replay:Bag of Tricks"],"picked":"MostiFishMod:FrostNova","floor":13},{"not_picked":["Deflect","Bane","Slice","StuffTheSpire:Fury"],"picked":"jedi:poisonivy+1","floor":14},{"not_picked":["TH:Mimic","TH:CopperCoins","TH:EnergyPotion"],"picked":"TH:DeckOfManyThings","floor":16},{"not_picked":["Deadly Poison","Bouncing Flask","StuffTheSpire:BumpUp","Sucker Punch"],"picked":"Noxious Fumes+1","floor":16},{"not_picked":["Dagger Spray","Flying Knee","Draining Mist","Tactician"],"picked":"Expertise","floor":17},{"not_picked":["TH:EnergyPotion","TH:TreasureMap","TH:CopperCoins"],"picked":"TH:ArmorSpikes","floor":18},{"not_picked":["Well Laid Plans+1","Replay:Bag of Tricks","MostiFishMod:AdrenalineArouse","Glass Knife"],"picked":"infinitespire:Neurotoxin","floor":18},{"not_picked":["StuffTheSpire:Python","Outmaneuver","Prepared","Endless Agony"],"picked":"Envenom+1","floor":20},{"not_picked":["TH:TreasureMap","TH:Mimic","TH:PixieDust"],"picked":"TH:DeckOfManyThings","floor":25},{"not_picked":["Poisoned Stab","Acrobatics","ReplayTheSpireMod:The Works+1","Outmaneuver"],"picked":"Hidden Blade+1","floor":25},{"not_picked":["Reflex","StuffTheSpire:ClusterCrunch","Flying Knee","Slice"],"picked":"Acrobatics","floor":27},{"not_picked":["TH:PixieDust","TH:ArmorSpikes","TH:EnergyPotion"],"picked":"TH:CopperCoins","floor":28},{"not_picked":["Deadly Poison","jedi:pocketpoison","Backstab","StuffTheSpire:Injection","MostiFishMod:PerfectParry"],"picked":"SKIP","floor":29},{"not_picked":["StuffTheSpire:Incantation","hubris:Sniper","jedi:pocketpoison","Bouncing Flask","Cloak And Dagger+1"],"picked":"SKIP","floor":31},{"not_picked":["TH:BikiniMail","TH:ElvenBoots","TH:ArmorSpikes"],"picked":"TH:CursedSword","floor":32},{"not_picked":["Riddle With Holes","jedi:poisonivy+1","Slice+1","MostiFishMod:PreservedThorns"],"picked":"jedi:studypoison","floor":32},{"not_picked":["Cloak And Dagger","hubris:SlightOfHand+1","Underhanded Strike","StuffTheSpire:Injection","Bane+1"],"picked":"SKIP","floor":33},{"not_picked":["TH:CopperCoins","TH:Mimic","TH:PixieDust"],"picked":"TH:TreasureMap","floor":35},{"not_picked":["MostiFishMod:SpreadingSpore","Unload","MostiFishMod:WinterMarkForm+1","Well Laid Plans+1"],"picked":"MostiFishMod:FullyArmed","floor":35},{"not_picked":["StuffTheSpire:DoubleShiv+1","Dagger Spray","StuffTheSpire:BumpUp+1","Dodge and Roll+1","Underhanded Strike+1"],"picked":"SKIP","floor":37},{"not_picked":["Bouncing Flask","Sucker Punch+1","Backstab","Cloak And Dagger+1","jedi:pocketpoison"],"picked":"SKIP","floor":38},{"not_picked":["PiercingWail+1","infinitespire:Neurotoxin","StuffTheSpire:Injection+1","Poisoned Stab"],"picked":"Backflip+1","floor":39},{"not_picked":["StuffTheSpire:MirrorStance+1","PiercingWail","Blur+1","StuffTheSpire:Injection"],"picked":"Quick Slash","floor":40},{"not_picked":["TH:PixieDust","TH:ElvenBoots","TH:EnergyPotion"],"picked":"TH:ArmorSpikes","floor":42},{"not_picked":["StuffTheSpire:Python+1","Dodge and Roll","Prepared+1","Flying Knee","Underhanded Strike+1"],"picked":"SKIP","floor":42},{"not_picked":["Blade Dance","hubris:SlightOfHand+1","Deadly Poison","Terror+1"],"picked":"MostiFishMod:WinterMarkForm+1","floor":44},{"not_picked":["TH:BikiniMail","TH:CopperCoins","TH:Mimic"],"picked":"TH:CursedSword","floor":45},{"not_picked":["conspire:DoublingDagger+1","MostiFishMod:ThornCasing+1","StuffTheSpire:Shiver+1","Choke+1","StuffTheSpire:ReptileScales"],"picked":"SKIP","floor":47},{"not_picked":["Dagger Spray","Flying Knee+1","Sucker Punch","ReplayTheSpireMod:Speed Training+1","StuffTheSpire:Python+1"],"picked":"SKIP","floor":50},{"not_picked":["TH:Mimic","TH:ArmorSpikes","TH:CopperCoins"],"picked":"TH:CursedSword","floor":56},{"not_picked":["Outmaneuver+1","ReplayTheSpireMod:Scrap Shanks+1","Sucker Punch+1","PiercingWail+1"],"picked":"Backflip","floor":56}],"player_experience":200893,"relics_obtained":[{"floor":1,"key":"SynthV:TestCard"},{"floor":6,"key":"StuffTheSpire:Gunfinga"},{"floor":13,"key":"Frozen Egg 2"},{"floor":16,"key":"TH:Anvil"},{"floor":17,"key":"Dota2Spire:MaskOfMadness"},{"floor":17,"key":"wanderingMiniBosses:Inkheart"},{"floor":25,"key":"DaCapo"},{"floor":28,"key":"conspire:InfiniteJournal"},{"floor":40,"key":"Dota2Spire:Dagon"},{"floor":42,"key":"hubris:TenFootPole"},{"floor":45,"key":"StuffTheSpire:Barrel"},{"floor":47,"key":"halation:EternalFortune"},{"floor":49,"key":"Ring of Peace"},{"floor":49,"key":"ReplayTheSpireMod:Ring of Addiction"},{"floor":49,"key":"White Beast Statue"},{"floor":49,"key":"hubris:EmptyBottle"},{"floor":56,"key":"hubris:MedicalManual"}],"event_choices":[{"damage_healed":70,"gold_gain":0,"player_choice":"Upgrade","damage_taken":14,"max_hp_gain":0,"max_hp_loss":70,"event_name":"betterThird:BetterShining","floor":3,"gold_loss":0,"cards_upgraded":["MostiFishMod:ScryFuture","Defend_G"]},{"damage_healed":0,"gold_gain":0,"player_choice":"Leave","damage_taken":0,"max_hp_gain":0,"max_hp_loss":0,"event_name":"conspire:Investor","floor":15,"gold_loss":0},{"cards_removed":["hubris:Counter"],"damage_healed":0,"gold_gain":0,"player_choice":"Purged","damage_taken":0,"max_hp_gain":0,"max_hp_loss":0,"event_name":"Purifier","floor":23,"gold_loss":0}],"is_beta":false,"boss_relics":[{"not_picked":["aspiration:RitualDagger","halation:Yufonium"],"picked":"FixedStarFall"},{"not_picked":["Runic Pyramid","energizedSpire:DeadBattery"],"picked":"DiscerningMonocle"}],"items_purged_floors":[22,24,26,46,48,55,55],"is_endless":false,"potions_floor_spawned":[2,4,6,12,16,18,20,27,29,38,44,47,50,56],"ascension_level":3}}