{"host":"mj19vc0tc3cyxsq4","time":1609686001,"event":{"mods":["BaseMod","Colored Powertips","Minty Spire (QoL Compilation)","StSLib","The Servant 0.9.4"],"gold_per_floor":[110,129,146,157,122,122,157,172,172,182,182,196,11,25,25,129,129,147,167,184,184,197,197,197],"floor_reached":23,"playtime":1736,"items_purged":[],"score":199,"play_id":"e136e3f3-e3f1-4387-ab35-912ce6979b1a","local_time":"20210103160001","is_ascension_mode":false,"campfire_choices":[{"data":"Halt","floor":6,"key":"SMITH"},{"floor":15,"key":"REST"}],"circlet_count":0,"master_deck":["Strike_P","Strike_P","Strike_P","Strike_P","Defend_P","Defend_P","Defend_P","Defend_P","Eruption","Vigilance","Omniscience","ReachHeaven","Prostrate","MentalFortress","Halt+1","Ragnarok","BattleHymn","CutThroughFate","EmptyFist","CutThroughFate","JustLucky","FollowUp","CutThroughFate","Consecrate","Judgement","SandsOfTime","FlyingSleeves+1","Meditate","Writhe","PathToVictory"],"relics":["PureWater","Happy Flower","Frozen Egg 2","The Courier","InkBottle"],"acts_visited":["Exordium","TheCity"],"potions_floor_usage":[10,12,16,20,22,23],"damage_taken":[{"damage":1,"enemies":"Cultist","floor":1,"turns":3},{"damage":2,"enemies":"Small Slimes","floor":2,"turns":3},{"damage":2,"enemies":"Jaw Worm","floor":3,"turns":3},{"damage":0,"enemies":"Large Slime","floor":4,"turns":3},{"damage":6,"enemies":"Lagavulin","floor":7,"turns":3},{"damage":0,"enemies":"Exordium Wildlife","floor":8,"turns":3},{"damage":2,"enemies":"Blue Slaver","floor":10,"turns":3},{"damage":1,"enemies":"3 Louse","floor":12,"turns":3},{"damage":5,"enemies":"Looter","floor":14,"turns":2},{"damage":41,"enemies":"Hexaghost","floor":16,"turns":6},{"damage":0,"enemies":"Spheric Guardian","floor":18,"turns":2},{"damage":0,"enemies":"3 Byrds","floor":19,"turns":5},{"damage":20,"enemies":"Snake Plant","floor":20,"turns":4},{"damage":51,"enemies":"Centurion and Healer","floor":22,"turns":5},{"damage":28,"enemies":"Slavers","floor":23,"turns":2}],"seed_played":"-6196860279654360879","potions_obtained":[{"floor":1,"key":"Fire Potion"},{"floor":2,"key":"FairyPotion"},{"floor":7,"key":"AttackPotion"},{"floor":19,"key":"DistilledChaos"},{"floor":20,"key":"EssenceOfSteel"},{"floor":22,"key":"EssenceOfSteel"}],"is_trial":false,"path_per_floor":["M","M","M","M","?","R","E","M","T","M","?","M","$","M","R","B",null,"M","M","M","?","M","E"],"character_chosen":"WATCHER","items_purchased":["CutThroughFate","JustLucky","FollowUp","CutThroughFate","Swift Potion"],"campfire_rested":1,"item_purchase_floors":[13,13,13,13,13],"current_hp_per_floor":[71,69,67,67,72,72,66,66,66,64,52,51,51,46,67,26,72,72,72,52,52,1,1,1],"gold":197,"neow_bonus":"ONE_RANDOM_RARE_CARD","is_daily":false,"chose_seed":false,"campfire_upgraded":1,"win_rate":0.0,"timestamp":1609686001,"path_taken":["M","M","M","M","?","R","E","M","T","M","?","?","$","M","R","BOSS","M","M","M","?","M","E"],"items_purchased_type":["Card","Card","Card","Card","Potion"],"build_version":"2020-12-22","purchased_purges":0,"victory":false,"max_hp_per_floor":[72,72,72,72,72,72,72,72,72,72,72,72,72,72,72,72,72,72,72,72,72,72,72,72],"card_choices":[{"not_picked":["TalkToTheHand","Crescendo"],"picked":"ReachHeaven","floor":1},{"not_picked":["Meditate","FlurryOfBlows"],"picked":"Prostrate","floor":2},{"not_picked":["ClearTheMind","ThirdEye"],"picked":"MentalFortress","floor":3},{"not_picked":["WheelKick","WindmillStrike"],"picked":"Halt","floor":4},{"not_picked":["WreathOfFlame","ThirdEye"],"picked":"Ragnarok","floor":7},{"not_picked":["Crescendo","SignatureMove"],"picked":"BattleHymn","floor":8},{"not_picked":["Study+1","EmptyBody"],"picked":"CutThroughFate","floor":10},{"not_picked":["JustLucky","Blasphemy"],"picked":"EmptyFist","floor":12},{"not_picked":["Protect","FearNoEvil"],"picked":"Consecrate","floor":14},{"not_picked":["Scrawl","Vault"],"picked":"Judgement","floor":16},{"not_picked":["Vengeance","Evaluate+1"],"picked":"SandsOfTime","floor":18},{"not_picked":["FlurryOfBlows","LikeWater+1"],"picked":"FlyingSleeves+1","floor":19},{"not_picked":["ThirdEye","EmptyFist"],"picked":"Meditate","floor":20},{"not_picked":["Evaluate","JustLucky"],"picked":"PathToVictory","floor":22}],"player_experience":220079,"relics_obtained":[{"floor":7,"key":"Happy Flower"},{"floor":9,"key":"Frozen Egg 2"}],"event_choices":[{"damage_healed":18,"gold_gain":0,"player_choice":"Healed","damage_taken":0,"max_hp_gain":0,"max_hp_loss":0,"event_name":"The Cleric","floor":5,"gold_loss":35},{"damage_healed":0,"gold_gain":0,"player_choice":"Success","damage_taken":12,"relics_obtained":["The Courier"],"max_hp_gain":0,"max_hp_loss":0,"event_name":"Scrap Ooze","floor":11,"gold_loss":0},{"damage_healed":0,"gold_gain":0,"player_choice":"Opened","damage_taken":0,"relics_obtained":["InkBottle"],"max_hp_gain":0,"max_hp_loss":0,"event_name":"The Mausoleum","floor":21,"gold_loss":0,"cards_obtained":["Writhe"]}],"is_beta":false,"boss_relics":[{"not_picked":["Cursed Key","Fusion Hammer","Coffee Dripper"]}],"items_purged_floors":[],"is_endless":false,"potions_floor_spawned":[1,2,7,8,19,20,22],"killed_by":"Slavers","ascension_level":0}}