{"host":"wgmbtq7u7cgqo6r7","time":1609652149,"event":{"mods":["BaseMod","Colored Powertips","Downfall","Minty Spire (QoL Compilation)","Rare Cards Sparkle","StSLib","everything is the same but u backflip on backflip"],"gold_per_floor":[99,99,99,99,117,127,152,152,171,190,290,304,322,342,353,353,353,353],"floor_reached":16,"playtime":1289,"items_purged":[],"score":96,"play_id":"e9cf691b-0b29-43ec-8262-795e56539b16","local_time":"20210103003549","is_ascension_mode":false,"campfire_choices":[{"floor":1,"key":"RECALL"}],"circlet_count":0,"master_deck":["hexamod:Strike","hexamod:Strike","hexamod:Strike","hexamod:Strike","hexamod:Defend","hexamod:Defend","hexamod:Defend","hexamod:Defend","hexamod:Sear","hexamod:Float","hexamod:EmpoweredFlame","hexamod:NightmareGuise","hexamod:BurningTouch","hexamod:GhostOfSpirePresent","Regret","hexamod:ExtraCrispy","hexamod:GhostflameBarrier","hexamod:TurnItUp","hexamod:ThermalTransfer","hexamod:GhostflameInferno","hexamod:ThermalTransfer"],"relics":["hexamod:SpiritBrand","downfall:HeartsMalice","hexamod:MatchstickCase","Ancient Tea Set"],"acts_visited":["Exordium"],"potions_floor_usage":[13,15,16],"damage_taken":[{"damage":0,"enemies":"Jaw Worm","floor":2,"turns":1},{"damage":0,"enemies":"Cultist","floor":3,"turns":1},{"damage":0,"enemies":"2 Louse","floor":4,"turns":1},{"damage":5,"enemies":"Red Slaver","floor":5,"turns":6},{"damage":0,"enemies":"3 Louse","floor":6,"turns":4},{"damage":12,"enemies":"Gremlin Gang","floor":9,"turns":6},{"damage":3,"enemies":"3 Louse","floor":10,"turns":5},{"damage":12,"enemies":"Large Slime","floor":12,"turns":7},{"damage":29,"enemies":"Gremlin Gang","floor":13,"turns":8},{"damage":5,"enemies":"2 Fungi Beasts","floor":14,"turns":4},{"damage":2,"enemies":"3 Louse","floor":15,"turns":3},{"damage":2,"enemies":"downfall:Watcher","floor":16,"turns":1}],"seed_played":"-8058097084888435313","potions_obtained":[{"floor":5,"key":"Block Potion"},{"floor":6,"key":"SteroidPotion"},{"floor":9,"key":"Dexterity Potion"},{"floor":10,"key":"Explosive Potion"},{"floor":13,"key":"SkillPotion"}],"is_trial":false,"path_per_floor":["R","M","M","M","M","M","T","?","M","M","?","M","M","M","M","B"],"character_chosen":"THE_SPIRIT","items_purchased":[],"campfire_rested":0,"item_purchase_floors":[],"current_hp_per_floor":[70,70,70,70,65,65,65,65,53,50,50,38,9,4,2,0,0,0],"gold":353,"neow_bonus":"THREE_ENEMY_KILL","is_daily":false,"chose_seed":false,"campfire_upgraded":0,"win_rate":0.0,"timestamp":1609652149,"path_taken":["R","M","M","M","M","M","T","?","M","M","?","?","M","M","M","BOSS"],"items_purchased_type":[],"build_version":"2020-12-22","purchased_purges":0,"victory":false,"max_hp_per_floor":[70,70,70,70,70,70,70,70,70,70,70,70,70,70,70,70,70,70],"card_choices":[{"not_picked":["hexamod:HauntingEcho","hexamod:GhostLash"],"picked":"hexamod:EmpoweredFlame","floor":2},{"not_picked":["hexamod:RetreatToShadows","hexamod:StepThrough"],"picked":"hexamod:NightmareGuise","floor":3},{"not_picked":["hexamod:BacktrackSmack","hexamod:ThirdSeal","hexamod:EtherealExpedition"],"picked":"SKIP","floor":4},{"not_picked":["hexamod:NecessarySacrifice","hexamod:RainOfEmbers"],"picked":"hexamod:BurningTouch","floor":5},{"not_picked":["hexamod:ShieldOfDarkness","hexamod:HeatShield"],"picked":"hexamod:GhostOfSpirePresent","floor":6},{"not_picked":["hexamod:BurningTouch","hexamod:Incineration"],"picked":"hexamod:ExtraCrispy","floor":9},{"not_picked":["hexamod:FastForward","hexamod:AdvancingGuard"],"picked":"hexamod:GhostflameBarrier","floor":10},{"not_picked":["hexamod:SpectersWail","hexamod:StepThrough"],"picked":"hexamod:TurnItUp","floor":12},{"not_picked":["hexamod:NightmareStrike","hexamod:SwordOfDarkness"],"picked":"hexamod:ThermalTransfer","floor":13},{"not_picked":["hexamod:NightmareStrike","hexamod:RecurringNightmare"],"picked":"hexamod:GhostflameInferno","floor":14},{"not_picked":["hexamod:FastForward","hexamod:FourthSeal"],"picked":"hexamod:ThermalTransfer","floor":15}],"player_experience":121398,"relics_obtained":[{"floor":7,"key":"hexamod:MatchstickCase"}],"event_choices":[{"damage_healed":0,"gold_gain":0,"player_choice":"Box","damage_taken":0,"relics_obtained":["Ancient Tea Set"],"max_hp_gain":0,"max_hp_loss":0,"event_name":"Big Fish","floor":8,"gold_loss":0,"cards_obtained":["Regret"]}],"is_beta":false,"boss_relics":[],"items_purged_floors":[],"is_endless":false,"potions_floor_spawned":[5,6,9,10,13],"killed_by":"downfall:Watcher","ascension_level":0}}