{"host":"1eo5f82aifdzd7pr","time":1609715963,"event":{"mods":["AchievementEnabler","BaseMod","Colored Map","Colored Powertips","DeckTracker","Marisa????????","Minty Spire (QoL Compilation)","StSLib","SuperFastMode"],"gold_per_floor":[17,30,48,65,81,112,112,125,152,172,172,201,212,230,230,335,335,346,346,346,357,375,375,387,398,398,423,423,436,436,450,450,554,554,571,231,231,247,267,267,282,293,317,331,331,347,365,395,395,395,395],"floor_reached":50,"playtime":3143,"items_purged":["Strike_B"],"score":568,"play_id":"0aab848a-cf53-4911-aa18-5889f692f805","local_time":"20210104011923","is_ascension_mode":false,"campfire_choices":[{"floor":7,"key":"REST"},{"data":"Zap","floor":11,"key":"SMITH"},{"floor":15,"key":"REST"},{"floor":23,"key":"REST"},{"floor":28,"key":"REST"},{"floor":32,"key":"REST"},{"data":"Hologram","floor":40,"key":"SMITH"},{"data":"Seek","floor":45,"key":"SMITH"},{"floor":49,"key":"REST"}],"circlet_count":0,"master_deck":["Strike_B","Strike_B","Strike_B+1","Defend_B","Defend_B","Defend_B","Defend_B","Zap+1","Dualcast+1","Secret Weapon","Ball Lightning","Coolheaded","Gash","Cold Snap","Seek+1","Gash","Hologram","Echo Form","Consume","Gash+1","Chill+1","Scrape+1","Seek+1","Hologram+1","Electrodynamics","Coolheaded+1","Hologram","Hologram+1","Defragment"],"relics":["Cracked Core","Singing Bowl","Omamori","Shovel","Sozu","Regal Pillow","Whetstone","Nuclear Battery","Membership Card","Bag of Preparation","Centennial Puzzle","War Paint"],"acts_visited":["Exordium","TheCity","TheBeyond"],"potions_floor_usage":[6,13,16,25],"damage_taken":[{"damage":1,"enemies":"Cultist","floor":1,"turns":4},{"damage":0,"enemies":"Small Slimes","floor":2,"turns":2},{"damage":0,"enemies":"2 Louse","floor":3,"turns":2},{"damage":14,"enemies":"Exordium Thugs","floor":4,"turns":5},{"damage":8,"enemies":"3 Louse","floor":5,"turns":3},{"damage":26,"enemies":"Lagavulin","floor":6,"turns":7},{"damage":8,"enemies":"Looter","floor":8,"turns":2},{"damage":9,"enemies":"2 Fungi Beasts","floor":10,"turns":2},{"damage":18,"enemies":"Gremlin Nob","floor":12,"turns":4},{"damage":5,"enemies":"Lots of Slimes","floor":13,"turns":3},{"damage":0,"enemies":"Large Slime","floor":14,"turns":3},{"damage":21,"enemies":"Slime Boss","floor":16,"turns":8},{"damage":13,"enemies":"Spheric Guardian","floor":18,"turns":4},{"damage":15,"enemies":"2 Thieves","floor":21,"turns":4},{"damage":39,"enemies":"Shelled Parasite and Fungi","floor":22,"turns":6},{"damage":6,"enemies":"Snecko","floor":24,"turns":5},{"damage":1,"enemies":"Cultist and Chosen","floor":25,"turns":6},{"damage":19,"enemies":"Gremlin Leader","floor":27,"turns":6},{"damage":8,"enemies":"Centurion and Healer","floor":29,"turns":5},{"damage":22,"enemies":"Snake Plant","floor":31,"turns":4},{"damage":64,"enemies":"Champ","floor":33,"turns":10},{"damage":9,"enemies":"Orb Walker","floor":35,"turns":4},{"damage":0,"enemies":"3 Shapes","floor":38,"turns":3},{"damage":0,"enemies":"Transient","floor":39,"turns":5},{"damage":6,"enemies":"Jaw Worm Horde","floor":41,"turns":2},{"damage":17,"enemies":"Writhing Mass","floor":42,"turns":5},{"damage":9,"enemies":"Maw","floor":44,"turns":6},{"damage":0,"enemies":"4 Shapes","floor":46,"turns":2},{"damage":14,"enemies":"Sphere and 2 Shapes","floor":47,"turns":6},{"damage":14,"enemies":"Giant Head","floor":48,"turns":8},{"damage":86,"enemies":"Time Eater","floor":50,"turns":5}],"seed_played":"3288653021485681761","potions_obtained":[{"floor":2,"key":"Ancient Potion"},{"floor":4,"key":"EssenceOfSteel"},{"floor":8,"key":"SteroidPotion"},{"floor":12,"key":"BlessingOfTheForge"},{"floor":16,"key":"Swift Potion"}],"is_trial":false,"path_per_floor":["M","M","M","M","M","E","R","M","T","M","R","E","M","M","R","B",null,"M","?","?","M","M","R","M","M","T","E","R","M","?","M","R","B",null,"M","$","?","M","M","R","M","M","T","M","R","M","M","E","R","B"],"character_chosen":"DEFECT","items_purchased":["Membership Card","Bag of Preparation","Centennial Puzzle"],"campfire_rested":6,"item_purchase_floors":[36,36,36],"current_hp_per_floor":[74,74,74,60,52,26,48,42,42,35,35,17,14,14,38,17,81,68,68,68,53,14,38,34,33,33,16,56,50,50,28,69,5,87,80,80,80,80,80,80,74,59,59,50,50,52,40,28,70,0,0],"gold":395,"neow_bonus":"RANDOM_COLORLESS_2","is_daily":false,"chose_seed":false,"campfire_upgraded":3,"win_rate":0.0,"timestamp":1609715963,"path_taken":["M","?","M","M","M","E","R","M","T","M","R","E","M","M","R","BOSS","M","?","?","M","?","R","M","M","T","E","R","M","?","M","R","BOSS","M","$","?","M","M","R","M","M","T","M","R","M","M","E","R","BOSS"],"items_purchased_type":["Relic","Relic","Relic"],"build_version":"2020-12-22","purchased_purges":1,"victory":false,"max_hp_per_floor":[75,75,75,75,75,75,75,77,77,79,79,79,81,81,81,81,81,81,81,81,81,81,81,83,83,83,85,85,87,87,87,87,87,87,89,89,85,85,85,85,85,87,87,87,87,89,91,93,93,93,93],"card_choices":[{"not_picked":["Magnetism","Thinking Ahead"],"picked":"Secret Weapon","floor":0},{"not_picked":["Sunder","Compile Driver","Darkness"],"picked":"SKIP","floor":1},{"not_picked":["Lockon","Leap"],"picked":"Ball Lightning","floor":2},{"not_picked":["Streamline","Steam"],"picked":"Coolheaded","floor":3},{"not_picked":["Compile Driver","Turbo"],"picked":"Gash","floor":4},{"not_picked":["Redo","Sweeping Beam"],"picked":"Cold Snap","floor":5},{"not_picked":["Storm","Beam Cell"],"picked":"Seek","floor":6},{"not_picked":["FTL","Leap","Tempest"],"picked":"Singing Bowl","floor":8},{"not_picked":["Static Discharge","Beam Cell","Aggregate"],"picked":"Singing Bowl","floor":10},{"not_picked":["Sweeping Beam","Chaos"],"picked":"Gash","floor":12},{"not_picked":["Steam","Cold Snap","Streamline"],"picked":"Singing Bowl","floor":13},{"not_picked":["Sunder","Recycle"],"picked":"Hologram","floor":14},{"not_picked":["Buffer","Fission"],"picked":"Echo Form","floor":16},{"not_picked":["Static Discharge+1","Coolheaded"],"picked":"Consume","floor":18},{"not_picked":["Go for the Eyes","Steam"],"picked":"Gash","floor":21},{"not_picked":["Doom and Gloom","Compile Driver"],"picked":"Chill+1","floor":22},{"not_picked":["Redo","Beam Cell+1","Sweeping Beam"],"picked":"Singing Bowl","floor":24},{"not_picked":["Rebound","Stack+1"],"picked":"Scrape+1","floor":25},{"not_picked":["Redo","Cold Snap","Consume"],"picked":"Singing Bowl","floor":27},{"not_picked":["Glacier","Loop","Consume+1"],"picked":"Singing Bowl","floor":29},{"not_picked":["Streamline","Storm"],"picked":"Hologram","floor":31},{"not_picked":["Meteor Strike","Creative AI"],"picked":"Electrodynamics","floor":33},{"not_picked":["Barrage+1","Leap","BootSequence"],"picked":"Singing Bowl","floor":35},{"not_picked":["Streamline+1","Aggregate"],"picked":"Coolheaded+1","floor":38},{"not_picked":["Rip and Tear+1","Fusion+1"],"picked":"Hologram","floor":39},{"not_picked":["White Noise+1","Melter+1"],"picked":"Hologram+1","floor":41},{"not_picked":["Aggregate","Compile Driver+1","Lockon+1"],"picked":"Singing Bowl","floor":42},{"not_picked":["Streamline+1","Cold Snap+1"],"picked":"Defragment","floor":44},{"not_picked":["Gash","Beam Cell","Leap+1"],"picked":"Singing Bowl","floor":46},{"not_picked":["Electrodynamics","FTL+1","Rip and Tear+1"],"picked":"Singing Bowl","floor":47},{"not_picked":["Barrage","Leap+1","Compile Driver"],"picked":"Singing Bowl","floor":48}],"player_experience":779859,"relics_obtained":[{"floor":6,"key":"Singing Bowl"},{"floor":9,"key":"Omamori"},{"floor":12,"key":"Shovel"},{"floor":26,"key":"Regal Pillow"},{"floor":27,"key":"Whetstone"},{"floor":48,"key":"War Paint"}],"event_choices":[{"damage_healed":0,"gold_gain":0,"player_choice":"Ignored","damage_taken":0,"max_hp_gain":0,"max_hp_loss":0,"event_name":"Ghosts","floor":19,"gold_loss":0},{"damage_healed":0,"gold_gain":0,"player_choice":"Ignored","damage_taken":0,"max_hp_gain":0,"max_hp_loss":0,"event_name":"NoteForYourself","floor":20,"gold_loss":0},{"damage_healed":0,"gold_gain":0,"player_choice":"Copied","damage_taken":0,"max_hp_gain":0,"max_hp_loss":0,"event_name":"Duplicator","floor":30,"gold_loss":0,"cards_obtained":["Seek"]},{"damage_healed":0,"gold_gain":0,"player_choice":"Max HP","damage_taken":0,"max_hp_gain":0,"max_hp_loss":4,"event_name":"Winding Halls","floor":37,"gold_loss":0}],"is_beta":false,"boss_relics":[{"not_picked":["Coffee Dripper","Runic Dome"],"picked":"Sozu"},{"not_picked":["Snecko Eye","Astrolabe"],"picked":"Nuclear Battery"}],"items_purged_floors":[36],"is_endless":false,"potions_floor_spawned":[2,4,8,12,16,21,24,25,33,35,39,44],"killed_by":"Time Eater","ascension_level":0}}