{"host":"tfp298o0a6uof1l0","time":1609671850,"event":{"mods":["Arknights The Spire","BaseMod","Colored Powertips","Friendly Minions","Lobotomy","Minty Spire (QoL Compilation)","StSLib"],"gold_per_floor":[213,230,230,37,37,37,54,88,112,132,132,202,218,251,251,350,350,369,369,113,132,145,160,185,205,205,219,236,236,236,265,265,362,362,380,178,228,247,260,292,310,310,310],"floor_reached":42,"playtime":2924,"items_purged":["ats:Strike C","ats:Strike S","ats:Defend"],"score":532,"play_id":"d6b395b0-9347-41b3-b7af-24602cf576d4","local_time":"20210103200410","is_ascension_mode":false,"campfire_choices":[{"data":"ats:Shadow Assault","floor":6.0,"key":"SMITH"},{"floor":11.0,"key":"REST"},{"data":"ats:Hammer On","floor":15.0,"key":"SMITH"},{"data":"ats:Shell Defense","floor":30.0,"key":"SMITH"},{"floor":32.0,"key":"REST"}],"circlet_count":0,"master_deck":["ats:Strike G","ats:Strike V","ats:Armor Crushing Shot","ats:Defend+1","ats:Defend+1","ats:Defend","ats:Emotion Absorption+1","ats:Explosion Area Strengthen","ats:Red Shift+1","ats:Shadow Assault+1","ats:Leaping Hammer+1","ats:Hammer On+1","ats:Cat Scratch","ats:Demon Strength","ats:Demon Strength","ats:Shadow Assault","ats:Blood Oath","ats:Wolf Pack","ats:Blood Oath+1","ats:Spore Proliferation","ats:Red Shift","ats:Leaping Hammer","ats:Childhood Dance+1","ats:Shell Defense+1","ats:Chain Hook","ats:Roar Of Ursus","ats:Counter Healing Mode","ats:Healing Drone+1","ats:Curse Doll+1"],"relics":["ats:Sanity","Orichalcum","ats:Originium","Blood Vial","Lantern","Whetstone","Sozu","Anchor","Gremlin Horn","Letter Opener","Bronze Scales","Busted Crown","Pocketwatch","War Paint"],"acts_visited":["Exordium","TheCity","TheBeyond"],"potions_floor_usage":[],"damage_taken":[{"damage":7.0,"enemies":"Cultist","floor":1.0,"turns":5.0},{"damage":14.0,"enemies":"Jaw Worm","floor":2.0,"turns":4.0},{"damage":0.0,"enemies":"Small Slimes","floor":7.0,"turns":2.0},{"damage":25.0,"enemies":"Lagavulin","floor":8.0,"turns":6.0},{"damage":6.0,"enemies":"Exordium Wildlife","floor":10.0,"turns":2.0},{"damage":5.0,"enemies":"Exordium Thugs","floor":13.0,"turns":3.0},{"damage":4.0,"enemies":"Gremlin Nob","floor":14.0,"turns":3.0},{"damage":0.0,"enemies":"Slime Boss","floor":16.0,"turns":4.0},{"damage":4.0,"enemies":"Chosen","floor":18.0,"turns":3.0},{"damage":10.0,"enemies":"2 Thieves","floor":21.0,"turns":2.0},{"damage":20.0,"enemies":"Snake Plant","floor":22.0,"turns":4.0},{"damage":9.0,"enemies":"Snecko","floor":23.0,"turns":3.0},{"damage":17.0,"enemies":"Gremlin Leader","floor":24.0,"turns":4.0},{"damage":5.0,"enemies":"Shelled Parasite and Fungi","floor":25.0,"turns":3.0},{"damage":4.0,"enemies":"Chosen and Byrds","floor":27.0,"turns":4.0},{"damage":9.0,"enemies":"Snake Plant","floor":28.0,"turns":3.0},{"damage":30.0,"enemies":"Book of Stabbing","floor":31.0,"turns":6.0},{"damage":40.0,"enemies":"Champ","floor":33.0,"turns":9.0},{"damage":2.0,"enemies":"Orb Walker","floor":35.0,"turns":4.0},{"damage":22,"enemies":"Mind Bloom Boss Battle","floor":37,"turns":5},{"damage":0,"enemies":"3 Shapes","floor":38,"turns":2},{"damage":18,"enemies":"Transient","floor":39,"turns":5},{"damage":75,"enemies":"Giant Head","floor":40,"turns":9},{"damage":4,"enemies":"Jaw Worm Horde","floor":41,"turns":3},{"damage":70,"enemies":"Nemesis","floor":42,"turns":4}],"seed_played":"-4068056799085078283","potions_obtained":[{"floor":7.0,"key":"DuplicationPotion"},{"floor":8.0,"key":"Explosive Potion"},{"floor":13.0,"key":"BlessingOfTheForge"}],"is_trial":false,"path_per_floor":["M","M","?","$","?","R","M","E","T","M","R","?","M","E","R","B",null,"M","?","$","M","M","M","E","M","T","M","M","?","R","E","R","B",null,"M","$","?","M","M","E","M","E"],"character_chosen":"DOCTOR_CLASS","items_purchased":["ats:Shadow Assault","ats:Leaping Hammer","Anchor","ats:Counter Healing Mode"],"campfire_rested":2,"item_purchase_floors":[4,4,20,36],"current_hp_per_floor":[65,51,48,48,48,48,48,23,23,19,40,40,37,35,35,37,72,68,68,68,60,50,51,44,44,44,47,45,45,45,28,49,27,72,72,72,57,67,62,13,24,0,0],"gold":310,"neow_bonus":"HUNDRED_GOLD","is_daily":false,"chose_seed":false,"campfire_upgraded":3,"win_rate":0.0,"timestamp":1609671850,"path_taken":["M","M","?","$","?","R","?","E","T","M","R","?","M","E","R","BOSS","M","?","$","M","M","M","E","M","T","?","M","?","R","E","R","BOSS","M","$","?","M","M","E","M","E"],"items_purchased_type":["Card","Card","Relic","Card"],"build_version":"2020-12-22","purchased_purges":3,"victory":false,"max_hp_per_floor":[72,72,72,72,72,72,72,72,72,72,72,72,72,72,72,72,72,72,72,72,72,72,72,72,72,72,72,72,72,72,72,72,72,72,72,72,72,72,72,72,72,72,72],"card_choices":[{"not_picked":["ats:Spore Proliferation","ats:Guardian Obelisk"],"picked":"ats:Explosion Area Strengthen","floor":1.0},{"not_picked":["ats:Curse Doll","ats:Childhood Dance"],"picked":"ats:Red Shift","floor":2.0},{"not_picked":["ats:Leaping Hammer","ats:Consecutive Shot Auto"],"picked":"ats:Hammer On","floor":7.0},{"not_picked":["ats:Childhood Dance","ats:Poison Spread","ats:Defend Order"],"picked":"SKIP","floor":8.0},{"not_picked":["ats:Mental Burst","ats:Powerful Strike"],"picked":"ats:Cat Scratch","floor":10.0},{"not_picked":["ats:Roar Of Ursus","ats:Soul Absorption"],"picked":"ats:Demon Strength","floor":13.0},{"not_picked":["ats:Apocalypse","ats:Thermite Blade"],"picked":"ats:Demon Strength","floor":14.0},{"not_picked":["ats:Ambush","ats:Durian"],"picked":"ats:Shadow Assault","floor":16.0},{"not_picked":["ats:Poison Spread+1","ats:Steam Pump"],"picked":"ats:Blood Oath","floor":18.0},{"not_picked":["ats:Steam Pump+1","ats:Rapid Magazine"],"picked":"ats:Blood Oath+1","floor":21.0},{"not_picked":["ats:Ignite","ats:Consecutive Shot Auto+1"],"picked":"ats:Spore Proliferation","floor":22.0},{"not_picked":["ats:Very Hot Blade","ats:Poison Spread"],"picked":"ats:Red Shift","floor":23.0},{"not_picked":["ats:Sword Rain","ats:Shadow Assault"],"picked":"ats:Leaping Hammer","floor":24.0},{"not_picked":["ats:Flame Of Heaven","ats:Apocalypse","ats:Encircling Forest"],"picked":"SKIP","floor":25.0},{"not_picked":["ats:Support Order","ats:Mental Burst"],"picked":"ats:Childhood Dance+1","floor":27.0},{"not_picked":["ats:Poison Spread","ats:Ignite"],"picked":"ats:Shell Defense","floor":28.0},{"not_picked":["ats:Hook Shot+1","ats:Hammer On"],"picked":"ats:Chain Hook","floor":31.0},{"not_picked":["ats:Ambush","ats:Disruption Kick"],"picked":"ats:Roar Of Ursus","floor":33.0},{"not_picked":["ats:Neurotoxin"],"picked":"SKIP","floor":35.0},{"not_picked":["ats:Flexible Camouflage"],"picked":"SKIP","floor":38},{"not_picked":[],"picked":"ats:Healing Drone+1","floor":39},{"not_picked":["ats:Soul Absorption"],"picked":"SKIP","floor":40},{"not_picked":[],"picked":"ats:Curse Doll+1","floor":41}],"player_experience":219629,"relics_obtained":[{"floor":8.0,"key":"ats:Originium"},{"floor":8.0,"key":"Blood Vial"},{"floor":9.0,"key":"Lantern"},{"floor":14.0,"key":"ats:Originium"},{"floor":14.0,"key":"Whetstone"},{"floor":24.0,"key":"ats:Originium"},{"floor":24.0,"key":"Gremlin Horn"},{"floor":26.0,"key":"Letter Opener"},{"floor":31.0,"key":"Bronze Scales"},{"floor":37,"key":"Pocketwatch"},{"floor":40,"key":"War Paint"}],"event_choices":[{"damage_healed":0.0,"max_hp_gain":0.0,"max_hp_loss":0.0,"gold_gain":0.0,"event_name":"Scrap Ooze","player_choice":"Success","floor":3.0,"gold_loss":0.0,"damage_taken":3.0,"relics_obtained":["Orichalcum"]},{"damage_healed":0.0,"max_hp_gain":0.0,"max_hp_loss":0.0,"gold_gain":0.0,"event_name":"Upgrade Shrine","player_choice":"Upgraded","floor":5.0,"gold_loss":0.0,"damage_taken":0.0,"cards_upgraded":["ats:Emotion Absorption"]},{"damage_healed":0.0,"max_hp_gain":0.0,"max_hp_loss":0.0,"gold_gain":70.0,"event_name":"Golden Wing","player_choice":"Gained Gold","floor":12.0,"gold_loss":0.0,"damage_taken":0.0},{"damage_healed":0.0,"max_hp_gain":0.0,"max_hp_loss":0.0,"gold_gain":0.0,"event_name":"Match and Keep!","player_choice":"1 cards matched","floor":19.0,"gold_loss":0.0,"damage_taken":0.0,"cards_obtained":["ats:Wolf Pack"]},{"damage_healed":0.0,"max_hp_gain":0.0,"max_hp_loss":0.0,"gold_gain":0.0,"event_name":"Vampires","player_choice":"Ignored","floor":29.0,"gold_loss":0.0,"damage_taken":0.0},{"damage_healed":0,"gold_gain":0,"player_choice":"Fight","damage_taken":0,"max_hp_gain":0,"max_hp_loss":0,"event_name":"MindBloom","floor":37,"gold_loss":0}],"is_beta":false,"boss_relics":[{"not_picked":["ats:Sanity Plus","Cursed Key"],"picked":"Sozu"},{"not_picked":["Calling Bell","Velvet Choker"],"picked":"Busted Crown"}],"items_purged_floors":[4,20,36],"is_endless":false,"potions_floor_spawned":[7,8,13,21,23,24,31,35,39],"killed_by":"Nemesis","ascension_level":0}}