{"host":"mruvby243fwgm3bp","time":1609707706,"event":{"mods":["AchievementEnabler","BaseMod","Colored Map","Colored Powertips","Minty Spire (QoL Compilation)","Permanent Neow","Random Character Button","StSLib"],"gold_per_floor":[110,124,124,49,69,69,99,114,140,169,169,179,136,152,152,152,152],"floor_reached":16,"playtime":726,"items_purged":["Strike_R"],"score":146,"play_id":"4d94fd63-e644-478c-988d-e087920480f7","local_time":"20210103130146","is_ascension_mode":true,"campfire_choices":[{"data":"Dark Embrace","floor":6,"key":"SMITH"},{"data":"Spot Weakness","floor":11,"key":"SMITH"},{"data":"Armaments","floor":15,"key":"SMITH"}],"circlet_count":0,"master_deck":["Strike_R","Strike_R","Strike_R","Defend_R","Defend_R","Defend_R","Defend_R","Bash+1","Dark Embrace+1","Cleave","Pummel","Pummel","Sentinel","Shockwave","Spot Weakness+1","Armaments+1","Dual Wield"],"relics":["Burning Blood","Centennial Puzzle","Akabeko","Bronze Scales"],"acts_visited":["Exordium"],"potions_floor_usage":[16,16],"damage_taken":[{"damage":14,"enemies":"Cultist","floor":1,"turns":5},{"damage":7,"enemies":"Jaw Worm","floor":2,"turns":3},{"damage":0,"enemies":"Small Slimes","floor":5,"turns":2},{"damage":36,"enemies":"Gremlin Nob","floor":7,"turns":5},{"damage":32,"enemies":"Exordium Thugs","floor":8,"turns":4},{"damage":10,"enemies":"Lagavulin","floor":10,"turns":4},{"damage":0,"enemies":"Exordium Wildlife","floor":12,"turns":3},{"damage":3,"enemies":"Looter","floor":14,"turns":2},{"damage":26,"enemies":"Slime Boss","floor":16,"turns":7}],"seed_played":"2476469192173826562","potions_obtained":[{"floor":2,"key":"ElixirPotion"},{"floor":10,"key":"DuplicationPotion"},{"floor":12,"key":"SpeedPotion"},{"floor":14,"key":"Ancient Potion"}],"is_trial":false,"path_per_floor":["M","M","?","$","M","R","E","M","T","E","R","M","?","M","R","B"],"character_chosen":"IRONCLAD","items_purchased":[],"campfire_rested":0,"item_purchase_floors":[],"current_hp_per_floor":[64,63,63,63,69,69,39,13,13,9,9,15,15,18,18,0,0],"gold":152,"neow_bonus":"TRANSFORM_CARD","is_daily":false,"chose_seed":false,"campfire_upgraded":3,"win_rate":0.0,"timestamp":1609707706,"path_taken":["M","M","?","$","?","R","E","M","T","E","R","M","?","M","R","BOSS"],"items_purchased_type":[],"build_version":"2020-12-22","purchased_purges":1,"victory":false,"max_hp_per_floor":[80,80,80,80,80,80,80,80,80,80,80,80,80,80,80,80,80],"card_choices":[{"not_picked":["Sword Boomerang","Havoc"],"picked":"Cleave","floor":1},{"not_picked":["Warcry","Cleave"],"picked":"Pummel","floor":2},{"not_picked":["Wild Strike","True Grit"],"picked":"Pummel","floor":5},{"not_picked":["Disarm","Uppercut"],"picked":"Sentinel","floor":7},{"not_picked":["Body Slam","Hemokinesis"],"picked":"Shockwave","floor":8},{"not_picked":["Combust","Feel No Pain"],"picked":"Spot Weakness","floor":10},{"not_picked":["Fire Breathing","Rupture"],"picked":"Armaments","floor":12},{"not_picked":["Pommel Strike","Clothesline"],"picked":"Dual Wield","floor":14}],"player_experience":367406,"relics_obtained":[{"floor":7,"key":"Centennial Puzzle"},{"floor":9,"key":"Akabeko"},{"floor":10,"key":"Bronze Scales"}],"event_choices":[{"damage_healed":0,"gold_gain":0,"player_choice":"Upgraded","damage_taken":0,"max_hp_gain":0,"max_hp_loss":0,"event_name":"Upgrade Shrine","floor":3,"gold_loss":0,"cards_upgraded":["Bash"]},{"damage_healed":0,"gold_gain":0,"player_choice":"Left Gold","damage_taken":0,"max_hp_gain":0,"max_hp_loss":0,"event_name":"World of Goop","floor":13,"gold_loss":43}],"is_beta":false,"boss_relics":[],"items_purged_floors":[4],"is_endless":false,"potions_floor_spawned":[2,10,12,14],"killed_by":"Slime Boss","ascension_level":6}}