{"host":"fmwbmnqnrup981we","time":1609707993,"event":{"mods":["AchievementEnabler","Act Like it!","BaseMod","Better Match","Better Note","Better Skull","Better Synergies","Better Third Choice","Better Vampires","Block Reminder","Curses Come First","Downfall","Duelist Mod","Elementarium","GungeonMod","HexUI Lib","HornydragonMod","Marked Mod","Minty Spire (QoL Compilation)","Pikachu Mod","Quick Restart","Relic Stats","SIMod","StSLib","The Bug Knight","The Death Knight","The Forsaken","The Marked","The Necromancer","The Runesmith","The Servant 0.9.4","The Wild Card","TheHero","TheVacant","TheVelvet","Transform Curses","Waifu the Spire","Yuri Mod","everything is the same but u backflip on backflip"],"gold_per_floor":[118,131,131,143,153,55,82,99,125,136,136,147,166,18,18,117,117,133,148,148,182,162,195,195,214,214,232,264,277,277,296,296,398,398,410,410,632,648,135,135,135,135],"floor_reached":41,"playtime":1425,"items_purged":["Strike_R","Regret","Bash"],"score":459,"play_id":"2954793d-b560-44a8-80bd-fd0bfd708ae6","local_time":"20210103210633","is_ascension_mode":true,"campfire_choices":[{"floor":15,"key":"RECALL"},{"floor":24,"key":"REST"},{"floor":32,"key":"REST"},{"floor":40,"key":"REST"}],"circlet_count":0,"master_deck":["Strike_R+1","Strike_R+1","Strike_R+1","Strike_R+1","Defend_R+1","Defend_R+1","Defend_R+1","Defend_R+1","Anger","Infernal Blade","Anger","Evolve","Thunderclap","Battle Trance","Inflame","Flex","Demon Form","Flex","Battle Trance+1","Inflame+1","Infernal Blade","Pummel+1","Anger+1","Shrug It Off+1","Flex+1","Barricade","expansioncontent:LastStand","Metamorphosis","Thunderclap"],"relics":["Burning Blood","Self Forming Clay","DemoMod:MonsterBlood","Mark of Pain","Red Mask","Runesmith:Nanobots","Lantern","Boot","betterThird:NestCultRelic","Black Star","Sling","Question Card"],"acts_visited":["Exordium","TheCity","TheBeyond"],"potions_floor_usage":[16,16,22,28,33,33,33,33,33,33,38],"damage_taken":[{"damage":11,"enemies":"Jaw Worm","floor":1,"turns":2},{"damage":5,"enemies":"Cultist","floor":2,"turns":3},{"damage":0,"enemies":"2 Louse","floor":4,"turns":2},{"damage":14,"enemies":"Exordium Wildlife","floor":5,"turns":6},{"damage":30,"enemies":"Gremlin Nob","floor":7,"turns":4},{"damage":5,"enemies":"Large Slime","floor":8,"turns":4},{"damage":5,"enemies":"Gremlin Gang","floor":10,"turns":4},{"damage":7,"enemies":"3 Louse","floor":12,"turns":2},{"damage":1,"enemies":"2 Fungi Beasts","floor":13,"turns":3},{"damage":7,"enemies":"Slime Boss","floor":16,"turns":6},{"damage":5,"enemies":"3 Byrds","floor":18,"turns":3},{"damage":15,"enemies":"Chosen","floor":19,"turns":5},{"damage":19,"enemies":"Masked Bandits","floor":21,"turns":4},{"damage":42,"enemies":"Book of Stabbing","floor":23,"turns":5},{"damage":13,"enemies":"Sentry and Sphere","floor":25,"turns":4},{"damage":3,"enemies":"Centurion and Healer","floor":27,"turns":3},{"damage":36,"enemies":"Gremlin Leader","floor":28,"turns":4},{"damage":12,"enemies":"Snake Plant","floor":29,"turns":3},{"damage":10,"enemies":"Snecko","floor":31,"turns":5},{"damage":46,"enemies":"Champ","floor":33,"turns":7},{"damage":42,"enemies":"3 Shapes","floor":35,"turns":6},{"damage":47,"enemies":"Orb Walker","floor":38,"turns":5},{"damage":56,"enemies":"Writhing Mass","floor":41,"turns":5}],"seed_played":"6025590035627044630","potions_obtained":[{"floor":1,"key":"EssenceOfSteel"},{"floor":8,"key":"Swift Potion"},{"floor":12,"key":"DemoMod:BlankPotion"},{"floor":19,"key":"sneckomod:MuddlingPotion"},{"floor":22,"key":"Fruit Juice"},{"floor":23,"key":"Energy Potion"},{"floor":25,"key":"Ancient Potion"},{"floor":27,"key":"EntropicBrew"},{"floor":31,"key":"BloodPotion"},{"floor":35,"key":"BloodPotion"}],"is_trial":false,"path_per_floor":["M","M","?","M","M","$","E","M","T","M","?","M","M","$","R","B",null,"M","M","?","?","?","E","R","M","T","M","E","M","?","M","R","B",null,"M","?","?","M","$","R","M"],"character_chosen":"IRONCLAD","items_purchased":["Anger","Flex","Sling","Question Card"],"campfire_rested":3,"item_purchase_floors":[6,14,39,39],"current_hp_per_floor":[75,76,80,80,72,72,48,49,49,50,57,56,61,61,61,60,87,87,78,78,65,70,34,61,54,54,57,27,21,21,17,44,22,92,56,51,51,28,28,55,0,0],"gold":135,"neow_bonus":"THREE_CARDS","is_daily":false,"chose_seed":false,"campfire_upgraded":0,"win_rate":0.0,"timestamp":1609707993,"path_taken":["M","M","?","M","M","?","E","M","T","M","?","M","M","$","R","BOSS","M","M","?","?","?","E","R","M","T","M","E","?","?","M","R","BOSS","M","?","?","M","$","R","M"],"items_purchased_type":["Card","Card","Relic","Relic"],"build_version":"2020-12-22","purchased_purges":3,"victory":false,"max_hp_per_floor":[80,80,80,80,80,80,80,80,80,80,87,87,87,87,87,87,87,87,87,87,87,92,92,92,92,92,92,92,92,92,92,92,92,92,92,92,92,92,92,92,92,92],"relic_stats":{"counters":[23,95],"Self Forming Clay":[189],"Black Star":0,"Boot":[20],"Question Card":1,"obtain_stats":[{"Runesmith:Nanobots":23,"Lantern":26,"Self Forming Clay":7,"DemoMod:GlassGuonStoneRelic":1,"betterThird:NestCultRelic":30,"Boot":28,"Sling":39,"Question Card":39,"Burning Blood":0,"DemoMod:MonsterBlood":11,"Mark of Pain":17,"Red Mask":21,"Black Star":34},{"Runesmith:Nanobots":14,"Lantern":15,"Self Forming Clay":5,"DemoMod:GlassGuonStoneRelic":1,"betterThird:NestCultRelic":18,"Boot":17,"Sling":22,"Question Card":22,"Burning Blood":0,"DemoMod:MonsterBlood":7,"Mark of Pain":10,"Red Mask":13,"Black Star":20},{"Runesmith:Nanobots":53,"Lantern":57,"Self Forming Clay":17,"DemoMod:GlassGuonStoneRelic":2,"betterThird:NestCultRelic":67,"Boot":64,"Sling":90,"Question Card":90,"Burning Blood":0,"DemoMod:MonsterBlood":25,"Mark of Pain":36,"Red Mask":48,"Black Star":79}],"Burning Blood":125},"card_choices":[{"not_picked":["Perfected Strike","Flex"],"picked":"Anger","floor":0},{"not_picked":["Shockwave","Bloodletting","Headbutt"],"picked":"SKIP","floor":1},{"not_picked":["Seeing Red","Reckless Charge"],"picked":"Evolve","floor":2},{"not_picked":["Iron Wave","Carnage"],"picked":"Infernal Blade","floor":4},{"not_picked":["Body Slam","True Grit","Blood for Blood"],"picked":"SKIP","floor":5},{"not_picked":["Feel No Pain","Power Through"],"picked":"Evolve","floor":7},{"not_picked":["Uppercut","Body Slam"],"picked":"Thunderclap","floor":8},{"not_picked":["Cleave","Reckless Charge"],"picked":"Battle Trance","floor":10},{"not_picked":["True Grit","Iron Wave","Headbutt"],"picked":"SKIP","floor":12},{"not_picked":["Flex","Heavy Blade"],"picked":"Inflame","floor":13},{"not_picked":["Fiend Fire","Feed"],"picked":"Demon Form","floor":16},{"not_picked":["Wild Strike+1","Body Slam","Warcry"],"picked":"SKIP","floor":18},{"not_picked":["Hemokinesis","Entrench"],"picked":"Flex","floor":19},{"not_picked":["Havoc+1","Sword Boomerang"],"picked":"Battle Trance+1","floor":21},{"not_picked":["Armaments","Searing Blow"],"picked":"Inflame+1","floor":23},{"not_picked":["Clash","Cleave"],"picked":"Infernal Blade","floor":25},{"not_picked":["Iron Wave","Headbutt"],"picked":"Pummel+1","floor":27},{"not_picked":["Heavy Blade","Cleave+1"],"picked":"Anger+1","floor":28},{"not_picked":["Sword Boomerang+1","Havoc"],"picked":"Shrug It Off+1","floor":29},{"not_picked":["Combust","Clothesline"],"picked":"Flex+1","floor":31},{"not_picked":["Corruption","Offering"],"picked":"Barricade","floor":33},{"not_picked":["Havoc+1","Body Slam","Iron Wave"],"picked":"SKIP","floor":35},{"not_picked":["expansioncontent:DarkVoid","expansioncontent:GoopSpray"],"picked":"expansioncontent:LastStand","floor":36},{"not_picked":["Secret Technique","expansioncontent:Corrupt"],"picked":"Metamorphosis","floor":36},{"not_picked":["Burning Pact","Armaments"],"picked":"Thunderclap","floor":38}],"player_experience":427853,"relics_obtained":[{"floor":7,"key":"Self Forming Clay"},{"floor":21,"key":"Red Mask"},{"floor":23,"key":"Runesmith:Nanobots"},{"floor":26,"key":"Lantern"},{"floor":28,"key":"Boot"}],"event_choices":[{"cards_removed":["Evolve"],"damage_healed":4,"gold_gain":0,"player_choice":"Offered Uncommon","damage_taken":0,"max_hp_gain":0,"max_hp_loss":0,"event_name":"Bonfire Elementals","floor":3,"gold_loss":0},{"damage_healed":0,"gold_gain":0,"player_choice":"Box","damage_taken":0,"relics_obtained":["DemoMod:MonsterBlood"],"max_hp_gain":0,"max_hp_loss":0,"event_name":"Big Fish","floor":11,"gold_loss":0,"cards_obtained":["Regret"]},{"damage_healed":0,"gold_gain":0,"player_choice":"Simplicity","damage_taken":0,"max_hp_gain":0,"max_hp_loss":8,"event_name":"betterThird:BetterWriting","floor":20,"gold_loss":0},{"damage_healed":0,"gold_gain":0,"player_choice":"Fought Bandits","damage_taken":0,"max_hp_gain":0,"max_hp_loss":0,"event_name":"Masked Bandits","floor":21,"gold_loss":0},{"damage_healed":0,"gold_gain":0,"player_choice":"Bought 1 Potion","damage_taken":0,"max_hp_gain":0,"max_hp_loss":0,"event_name":"The Woman in Blue","floor":22,"gold_loss":0},{"damage_healed":0,"gold_gain":0,"player_choice":"Madness","damage_taken":0,"relics_obtained":["betterThird:NestCultRelic"],"max_hp_gain":0,"max_hp_loss":0,"event_name":"betterThird:BetterNest","floor":30,"gold_loss":0},{"damage_healed":0,"gold_gain":0,"player_choice":"Memory 2","damage_taken":5,"max_hp_gain":0,"max_hp_loss":0,"event_name":"SensoryStone","floor":36,"gold_loss":0},{"damage_healed":0,"gold_gain":222,"player_choice":"Wore Mask","damage_taken":0,"max_hp_gain":0,"max_hp_loss":0,"event_name":"Tomb of Lord Red Mask","floor":37,"gold_loss":0}],"is_beta":false,"boss_relics":[{"not_picked":["Runic Cube","Philosopher\u0027s Stone"],"picked":"Mark of Pain"},{"not_picked":["Busted Crown","Pandora\u0027s Box"],"picked":"Black Star"}],"items_purged_floors":[6,14,39],"is_endless":false,"potions_floor_spawned":[1,8,12,13,19,23,25,27,31,35],"killed_by":"Writhing Mass","ascension_level":1}}