{"host":"rt0td7aa3g170xdl","time":1609663075,"event":{"mods":["2.2 Compatiblity","AchievementEnabler","BaseMod","Colored Map","DeckTracker","Keyboard Shortcuts","Minty Spire (QoL Compilation)","Permanent Neow","Quick Restart","SuperFastMode","everything is the same but u backflip on backflip"],"gold_per_floor":[360,380,399,416,431,431,431,464,464,483,483,252,252,264,264,264,264],"floor_reached":16,"playtime":567,"items_purged":["Strike_R"],"score":104,"play_id":"79afba96-1637-430c-9368-44c958da20e2","local_time":"20210103173755","is_ascension_mode":false,"campfire_choices":[{"data":"Uppercut","floor":6,"key":"SMITH"},{"data":"Evolve","floor":11,"key":"SMITH"},{"data":"Battle Trance","floor":13,"key":"SMITH"},{"data":"Bash","floor":15,"key":"SMITH"}],"circlet_count":0,"master_deck":["Strike_R","Strike_R","Strike_R","Defend_R","Defend_R","Defend_R","Defend_R","Bash+1","Uppercut+1","Battle Trance+1","Pommel Strike","Cleave","Evolve+1","Dropkick","Shrug It Off"],"relics":["Burning Blood","Magic Flower","Gremlin Horn","Omamori"],"acts_visited":["Exordium"],"potions_floor_usage":[16,16],"damage_taken":[{"damage":8,"enemies":"Small Slimes","floor":1,"turns":4},{"damage":0,"enemies":"Cultist","floor":2,"turns":3},{"damage":1,"enemies":"Jaw Worm","floor":3,"turns":4},{"damage":31,"enemies":"Lots of Slimes","floor":4,"turns":5},{"damage":4,"enemies":"Blue Slaver","floor":5,"turns":4},{"damage":21,"enemies":"3 Sentries","floor":8,"turns":7},{"damage":12,"enemies":"Exordium Thugs","floor":10,"turns":3},{"damage":11,"enemies":"Red Slaver","floor":14,"turns":3},{"damage":29,"enemies":"Hexaghost","floor":16,"turns":11}],"seed_played":"-6520604751359994779","potions_obtained":[{"floor":3,"key":"Energy Potion"},{"floor":5,"key":"SneckoOil"},{"floor":8,"key":"AttackPotion"},{"floor":14,"key":"BlessingOfTheForge"}],"is_trial":false,"path_per_floor":["M","M","M","M","M","R","?","E","T","M","R","$","R","M","R","B"],"character_chosen":"IRONCLAD","items_purchased":["Omamori"],"campfire_rested":0,"item_purchase_floors":[12],"current_hp_per_floor":[70,72,72,47,49,49,49,34,34,31,31,31,31,29,29,0,0],"gold":264,"neow_bonus":"TWO_FIFTY_GOLD","is_daily":false,"chose_seed":false,"campfire_upgraded":4,"win_rate":0.0,"timestamp":1609663075,"path_taken":["M","M","M","M","M","R","?","E","T","M","R","$","R","M","R","BOSS"],"items_purchased_type":["Relic"],"build_version":"2020-12-22","purchased_purges":1,"victory":false,"max_hp_per_floor":[72,72,72,72,72,72,72,72,72,72,72,72,72,72,72,72,72],"card_choices":[{"not_picked":["Pommel Strike","Iron Wave"],"picked":"Uppercut","floor":1},{"not_picked":["Pommel Strike","Reckless Charge"],"picked":"Battle Trance","floor":2},{"not_picked":["Burning Pact","Dual Wield"],"picked":"Pommel Strike","floor":3},{"not_picked":["Armaments","Cleave","Pommel Strike"],"picked":"SKIP","floor":4},{"not_picked":["Armaments","Pommel Strike"],"picked":"Cleave","floor":4},{"not_picked":["Corruption","Shrug It Off"],"picked":"Evolve","floor":5},{"not_picked":["Flex","Pommel Strike"],"picked":"Shrug It Off","floor":8},{"not_picked":["Headbutt","Sever Soul","Clash"],"picked":"SKIP","floor":10},{"not_picked":["Warcry","Uppercut","Dropkick"],"picked":"SKIP","floor":14}],"player_experience":320493,"relics_obtained":[{"floor":8,"key":"Magic Flower"},{"floor":9,"key":"Gremlin Horn"}],"event_choices":[{"damage_healed":0,"gold_gain":0,"cards_transformed":["Strike_R"],"player_choice":"Transformed","damage_taken":0,"max_hp_gain":0,"max_hp_loss":0,"event_name":"Transmorgrifier","floor":7,"gold_loss":0,"cards_obtained":["Dropkick"]}],"is_beta":false,"boss_relics":[],"items_purged_floors":[12],"is_endless":false,"potions_floor_spawned":[3,5,8,14],"killed_by":"Hexaghost","ascension_level":0}}