{"host":"j0vzbnzm6n2ctevn","time":1609663719,"event":{"mods":["AchievementEnabler","BaseMod","Minty Spire (QoL Compilation)","Quick Restart","Shop Mod","Spicy Shops","StSLib"],"gold_per_floor":[109,109,120,140,157,157,157,190,216,216,226,244,254,22,22,126,126,142,153,168,168,68,68,80,80,106,137,137,157,82,108,108,208,208,224,234,254,300,313,313,341,341,341,341,341,353,28,43,43,43,43],"floor_reached":50,"playtime":2082,"items_purged":["Strike_R","Strike_R"],"score":496,"play_id":"04ba1368-eb4e-4b57-8643-790c1447a6f7","local_time":"20210103164839","is_ascension_mode":false,"campfire_choices":[{"data":"Twin Strike","floor":6.0,"key":"SMITH"},{"data":"Inflame","floor":10.0,"key":"SMITH"},{"floor":15.0,"key":"RECALL"},{"floor":23.0,"key":"REST"},{"data":"Flex","floor":25.0,"key":"SMITH"},{"data":"Twin Strike","floor":28.0,"key":"SMITH"},{"data":"Hemokinesis","floor":32.0,"key":"SMITH"},{"floor":40.0,"key":"REST"},{"floor":44.0,"key":"REST"},{"data":"Demon Form","floor":49.0,"key":"SMITH"}],"circlet_count":0,"master_deck":["Defend_R","Defend_R","Defend_R","Defend_R","Inflame+1","Twin Strike+1","Thunderclap","Dark Embrace","Hemokinesis+1","Sword Boomerang","Twin Strike+1","Reaper","Flex+1","Headbutt","Burning Pact+1","Shrug It Off+1","Demon Form+1","Flex+1","Flex","Shrug It Off","Double Tap","Madness","Madness","Shrug It Off+1"],"relics":["Burning Blood","Anchor","Red Skull","Mark of Pain","Regal Pillow","Pen Nib","Potion Belt","Philosopher\u0027s Stone","Peace Pipe","Sundial","Molten Egg 2","PrismaticShard","Blue Candle"],"acts_visited":["Exordium","TheCity","TheBeyond"],"potions_floor_usage":[],"damage_taken":[{"damage":11.0,"enemies":"Jaw Worm","floor":1.0,"turns":2.0},{"damage":1.0,"enemies":"2 Louse","floor":3.0,"turns":2.0},{"damage":6.0,"enemies":"Cultist","floor":4.0,"turns":4.0},{"damage":8.0,"enemies":"2 Fungi Beasts","floor":5.0,"turns":4.0},{"damage":26.0,"enemies":"3 Sentries","floor":8.0,"turns":7.0},{"damage":0.0,"enemies":"Looter","floor":11.0,"turns":2.0},{"damage":4.0,"enemies":"Blue Slaver","floor":12.0,"turns":3.0},{"damage":2.0,"enemies":"Large Slime","floor":13.0,"turns":2.0},{"damage":40.0,"enemies":"The Guardian","floor":16.0,"turns":9.0},{"damage":27.0,"enemies":"Spheric Guardian","floor":18.0,"turns":4.0},{"damage":36.0,"enemies":"3 Byrds","floor":19.0,"turns":5.0},{"damage":45.0,"enemies":"3 Cultists","floor":20.0,"turns":5.0},{"damage":26.0,"enemies":"Sentry and Sphere","floor":24.0,"turns":4.0},{"damage":26.0,"enemies":"Gremlin Leader","floor":27.0,"turns":4.0},{"damage":5.0,"enemies":"Centurion and Healer","floor":29.0,"turns":3.0},{"damage":26.0,"enemies":"Champ","floor":33.0,"turns":9.0},{"damage":26.0,"enemies":"3 Darklings","floor":35.0,"turns":3.0},{"damage":12.0,"enemies":"3 Shapes","floor":36.0,"turns":4.0},{"damage":21.0,"enemies":"Transient","floor":37.0,"turns":5.0},{"damage":65.0,"enemies":"2 Orb Walkers","floor":38.0,"turns":5.0},{"damage":8.0,"enemies":"4 Shapes","floor":39.0,"turns":3.0},{"damage":81.0,"enemies":"Giant Head","floor":41.0,"turns":8.0},{"damage":21.0,"enemies":"Spire Growth","floor":46.0,"turns":4.0},{"damage":2.0,"enemies":"Transient","floor":48.0,"turns":5.0},{"damage":106,"enemies":"Donu and Deca","floor":50,"turns":6}],"seed_played":"-3377365064712905449","potions_obtained":[{"floor":1.0,"key":"Fire Potion"},{"floor":4.0,"key":"SteroidPotion"},{"floor":11.0,"key":"EssenceOfSteel"},{"floor":12.0,"key":"BlessingOfTheForge"},{"floor":13.0,"key":"SpeedPotion"},{"floor":19.0,"key":"Energy Potion"},{"floor":20.0,"key":"LiquidBronze"},{"floor":29.0,"key":"BlessingOfTheForge"},{"floor":35.0,"key":"SpeedPotion"},{"floor":37.0,"key":"FearPotion"},{"floor":38.0,"key":"SpeedPotion"},{"floor":48.0,"key":"SpeedPotion"}],"is_trial":false,"path_per_floor":["M","?","M","M","M","R","?","E","T","R","M","M","M","$","R","B",null,"M","M","M","?","$","R","M","R","T","E","R","M","?","T","R","B",null,"M","M","M","?","M","R","E","?","T","R","?","M","$","M","R","B"],"character_chosen":"IRONCLAD","items_purchased":["Red Skull","PrismaticShard","Blue Candle"],"campfire_rested":3,"item_purchase_floors":[14,47,47],"current_hp_per_floor":[75,68,73,73,71,71,90,70,70,70,76,78,82,82,82,48,90,69,51,24,24,24,51,38,38,38,44,44,55,55,55,55,35,90,72,78,84,38,36,78,16,16,16,58,47,39,39,66,66,0,0],"gold":43,"neow_bonus":"REMOVE_CARD","is_daily":false,"chose_seed":false,"campfire_upgraded":6,"win_rate":0.0,"timestamp":1609663719,"path_taken":["M","?","M","M","M","R","?","E","T","R","M","M","M","$","R","BOSS","M","?","M","?","$","R","M","R","T","E","R","M","?","?","R","BOSS","M","M","M","?","M","R","E","?","T","R","?","?","$","M","R","BOSS"],"items_purchased_type":["Relic","Relic","Relic"],"build_version":"2020-12-22","purchased_purges":2,"victory":false,"max_hp_per_floor":[80,80,80,80,80,80,90,90,90,90,90,90,90,90,90,90,90,90,90,90,90,90,90,90,90,90,90,90,90,90,90,90,90,90,90,90,90,90,90,90,90,90,90,90,90,90,90,90,90,90,90],"card_choices":[{"not_picked":["Shockwave","Pummel"],"picked":"Inflame","floor":1.0},{"not_picked":["Sentinel","Clothesline"],"picked":"Twin Strike","floor":3.0},{"not_picked":["Pommel Strike","Blood for Blood"],"picked":"Thunderclap","floor":4.0},{"not_picked":["Anger","Sentinel"],"picked":"Juggernaut","floor":5.0},{"not_picked":["Clash","Burning Pact"],"picked":"Dark Embrace","floor":8.0},{"not_picked":["Cleave","Havoc"],"picked":"Hemokinesis","floor":11.0},{"not_picked":["Heavy Blade","Perfected Strike"],"picked":"Sword Boomerang","floor":12.0},{"not_picked":["Sword Boomerang","Clothesline"],"picked":"Twin Strike","floor":13.0},{"not_picked":["Bludgeon","Feed"],"picked":"Reaper","floor":16.0},{"not_picked":["Pommel Strike","Carnage"],"picked":"Flex","floor":18.0},{"not_picked":["Blood for Blood","Fire Breathing"],"picked":"Headbutt","floor":19.0},{"not_picked":["Armaments","Rampage","Warcry"],"picked":"SKIP","floor":20.0},{"not_picked":["True Grit","Pommel Strike"],"picked":"Burning Pact+1","floor":24.0},{"not_picked":["Rampage+1","Anger"],"picked":"Shrug It Off+1","floor":27.0},{"not_picked":["Havoc","Anger+1","Thunderclap"],"picked":"SKIP","floor":29.0},{"not_picked":["Barricade","Juggernaut"],"picked":"Demon Form","floor":33.0},{"not_picked":["Perfected Strike+1","Shrug It Off"],"picked":"Flex+1","floor":35.0},{"not_picked":["Thunderclap","Reckless Charge","True Grit"],"picked":"SKIP","floor":36.0},{"not_picked":["Havoc+1","Thunderclap"],"picked":"Flex","floor":37.0},{"not_picked":["Iron Wave+1","Combust+1"],"picked":"Shrug It Off","floor":38.0},{"not_picked":["Body Slam+1","Pommel Strike+1","Clash"],"picked":"SKIP","floor":39.0},{"not_picked":["Wild Strike","Evolve+1"],"picked":"Double Tap","floor":41.0},{"not_picked":["Perfected Strike+1","Havoc+1"],"picked":"Shrug It Off+1","floor":46.0},{"not_picked":["Sweeping Beam+1","Acrobatics","FlyingSleeves+1"],"picked":"SKIP","floor":48.0}],"player_experience":104657,"relics_obtained":[{"floor":8.0,"key":"Anchor"},{"floor":26.0,"key":"Regal Pillow"},{"floor":27.0,"key":"Pen Nib"},{"floor":31.0,"key":"Potion Belt"},{"floor":38.0,"key":"Peace Pipe"},{"floor":41.0,"key":"Sundial"},{"floor":43.0,"key":"Molten Egg 2"}],"event_choices":[{"cards_removed":["Strike_R"],"damage_healed":0.0,"max_hp_gain":0.0,"max_hp_loss":0.0,"gold_gain":0.0,"event_name":"Golden Wing","player_choice":"Card Removal","floor":2.0,"gold_loss":0.0,"damage_taken":7.0},{"cards_removed":["Juggernaut"],"damage_healed":9.0,"max_hp_gain":10.0,"max_hp_loss":0.0,"gold_gain":0.0,"event_name":"Bonfire Elementals","player_choice":"Offered Rare","floor":7.0,"gold_loss":0.0,"damage_taken":0.0},{"cards_removed":["Strike_R"],"damage_healed":0.0,"max_hp_gain":0.0,"max_hp_loss":0.0,"gold_gain":0.0,"event_name":"Back to Basics","player_choice":"Elegance","floor":21.0,"gold_loss":0.0,"damage_taken":0.0},{"cards_removed":["Bash"],"damage_healed":0.0,"max_hp_gain":0.0,"max_hp_loss":0.0,"gold_gain":0.0,"event_name":"Beggar","player_choice":"Gave Gold","floor":30.0,"gold_loss":75.0,"damage_taken":0.0},{"damage_healed":0.0,"max_hp_gain":0.0,"max_hp_loss":0.0,"gold_gain":0.0,"event_name":"Mysterious Sphere","player_choice":"Fight","floor":38.0,"gold_loss":0.0,"damage_taken":0.0},{"damage_healed":0.0,"max_hp_gain":0.0,"max_hp_loss":0.0,"gold_gain":0.0,"event_name":"Tomb of Lord Red Mask","player_choice":"Ignored","floor":42.0,"gold_loss":0.0,"damage_taken":0.0},{"damage_healed":0.0,"max_hp_gain":0.0,"max_hp_loss":0.0,"gold_gain":0.0,"event_name":"Winding Halls","player_choice":"Embrace Madness","floor":45.0,"gold_loss":0.0,"damage_taken":11.0,"cards_obtained":["Madness","Madness"]}],"is_beta":false,"boss_relics":[{"not_picked":["Calling Bell","Black Star"],"picked":"Mark of Pain"},{"not_picked":["Runic Dome","Tiny House"],"picked":"Philosopher\u0027s Stone"}],"items_purged_floors":[14,22],"is_endless":false,"potions_floor_spawned":[1,4,11,12,13,19,20,29,35,37,38,48],"killed_by":"Donu and Deca","ascension_level":0}}