{"host":"qwttrqaysb380yri","time":1609699473,"event":{"mods":["BaseMod","Custom Start","Minty Spire (QoL Compilation)","Permanent Neow","Puzzle Mod","Relic Stats","StSLib","The Hierophant"],"gold_per_floor":[119,119,129,141,154,189,189,223,223,223,234,234,234,51,51,126,126,141,141,141,156,169,169,181,209,256,256,286,17,33,33,33,106,106,116,41,41,55,55,87,100,132,181,181,196,196,226,239,239,239],"floor_reached":51,"playtime":2205,"items_purged":["Parasite"],"score":1493,"play_id":"cd76f631-9d46-4a3b-9076-d9f6a09b769b","local_time":"20210103194433","is_ascension_mode":true,"campfire_choices":[{"data":"Bash","floor":7.0,"key":"SMITH"},{"floor":10.0,"key":"REST"},{"data":"Disarm","floor":12.0,"key":"SMITH"},{"data":"Uppercut","floor":15.0,"key":"SMITH"},{"data":"Intimidate","floor":23.0,"key":"SMITH"},{"data":"Limit Break","floor":27.0,"key":"SMITH"},{"data":"Burning Pact","floor":32,"key":"SMITH"},{"data":"Evolve","floor":44,"key":"SMITH"},{"data":"Feel No Pain","floor":46,"key":"SMITH"},{"data":"Disarm","floor":49,"key":"SMITH"}],"circlet_count":0,"master_deck":["AscendersBane","Strike_R+1","Strike_R+1","Strike_R+1","Strike_R+1","Strike_R+1","Defend_R+1","Defend_R+1","Defend_R+1","Defend_R+1","Bash","Feel No Pain+1","Sword Boomerang","Bash+1","Cleave","Spot Weakness+1","Pommel Strike","Reaper","Power Through","Disarm+1","Flame Barrier","Uppercut+1","Limit Break+1","Flex+1","Intimidate+1","Burning Pact+1","True Grit+1","Evolve+1","Shrug It Off","Dropkick","Offering","Headbutt","Havoc","Disarm+1","Flame Barrier"],"relics":["Burning Blood","Ancient Tea Set","Pen Nib","Gremlin Horn","Cursed Key","FossilizedHelix","Omamori","Akabeko","Toolbox","Paper Frog","Snecko Eye","Kunai","Vajra","Blood Vial","Oddly Smooth Stone"],"acts_visited":["Exordium","TheCity","TheBeyond"],"potions_floor_usage":[42,50],"damage_taken":[{"damage":13.0,"enemies":"Small Slimes","floor":1.0,"turns":4.0},{"damage":6.0,"enemies":"Cultist","floor":3.0,"turns":3.0},{"damage":8.0,"enemies":"2 Louse","floor":4.0,"turns":2.0},{"damage":5.0,"enemies":"Large Slime","floor":5.0,"turns":7.0},{"damage":36.0,"enemies":"Gremlin Nob","floor":6.0,"turns":4.0},{"damage":32.0,"enemies":"Lagavulin","floor":8.0,"turns":5.0},{"damage":0.0,"enemies":"Gremlin Gang","floor":11.0,"turns":2.0},{"damage":11.0,"enemies":"Hexaghost","floor":16.0,"turns":8.0},{"damage":2.0,"enemies":"Spheric Guardian","floor":18.0,"turns":4.0},{"damage":4.0,"enemies":"Chosen","floor":21.0,"turns":3.0},{"damage":18.0,"enemies":"Centurion and Healer","floor":22.0,"turns":9.0},{"damage":16.0,"enemies":"Snake Plant","floor":24.0,"turns":4.0},{"damage":21.0,"enemies":"Book of Stabbing","floor":25.0,"turns":4.0},{"damage":45.0,"enemies":"Slavers","floor":28.0,"turns":6.0},{"damage":6,"enemies":"Cultist and Chosen","floor":30,"turns":6},{"damage":61,"enemies":"Automaton","floor":33,"turns":10},{"damage":43,"enemies":"3 Shapes","floor":35,"turns":3},{"damage":1,"enemies":"3 Darklings","floor":38,"turns":3},{"damage":0,"enemies":"Giant Head","floor":40,"turns":5},{"damage":68,"enemies":"Spire Growth","floor":41,"turns":7},{"damage":16,"enemies":"Reptomancer","floor":42,"turns":7},{"damage":24,"enemies":"Sphere and 2 Shapes","floor":45,"turns":4},{"damage":0,"enemies":"Giant Head","floor":47,"turns":8},{"damage":8,"enemies":"Maw","floor":48,"turns":7},{"damage":42,"enemies":"Awakened One","floor":50,"turns":7}],"seed_played":"-7925660625432531978","potions_obtained":[{"floor":1.0,"key":"Block Potion"},{"floor":4.0,"key":"Swift Potion"},{"floor":11.0,"key":"Block Potion"},{"floor":16.0,"key":"PowerPotion"},{"floor":18.0,"key":"EntropicBrew"},{"floor":24.0,"key":"LiquidMemories"},{"floor":25.0,"key":"DuplicationPotion"},{"floor":42,"key":"Weak Potion"}],"is_trial":false,"path_per_floor":["M","?","M","M","M","E","R","E","T","R","M","R","?","$","R","B",null,"M","?","?","M","M","R","M","E","T","R","E","$","M","?","R","B",null,"M","$","?","M","?","E","M","E","T","R","M","R","E","M","R","B",null],"character_chosen":"IRONCLAD","items_purchased":["Flame Barrier","Regen Potion","Uppercut","FairyPotion","Shrug It Off","Toolbox"],"campfire_rested":1,"item_purchase_floors":[14,14,14,29,29,29],"current_hp_per_floor":[61,61,61,59,60,30,30,14,14,36,42,42,19,19,19,44,67,71,71,71,73,75,75,69,75,75,75,48,48,72,72,72,46,68,35,35,35,72,62,72,24,49,49,49,43,43,64,72,72,66],"gold":239,"neow_bonus":"THREE_CARDS","is_daily":false,"chose_seed":false,"campfire_upgraded":9,"win_rate":0.0,"timestamp":1609699473,"path_taken":["M","?","M","M","?","E","R","E","T","R","M","R","?","$","R","BOSS","M","?","?","M","M","R","?","E","T","R","E","$","M","?","R","BOSS","M","?","?","?","?","E","M","E","T","R","M","R","E","M","R","BOSS"],"items_purchased_type":["Card","Potion","Card","Potion","Card","Relic"],"build_version":"2020-12-22","purchased_purges":1,"victory":true,"max_hp_per_floor":[75,75,75,75,75,75,75,75,75,75,75,75,75,75,75,75,75,75,75,75,75,75,75,75,75,75,75,75,75,75,75,75,75,75,75,72,72,72,72,72,72,72,72,72,72,72,72,72,72,72],"relic_stats":{"Blood Vial":6,"Gremlin Horn":[21,21],"counters":[25,132],"Snecko Eye":[106,134,92,103],"Pen Nib":[19],"Kunai":[12],"Cursed Key":2,"obtain_stats":[{"Gremlin Horn":9,"Vajra":42,"Oddly Smooth Stone":47,"Pen Nib":8,"Omamori":26,"Ancient Tea Set":6,"Cursed Key":17,"Burning Blood":0,"Akabeko":28,"Blood Vial":43,"Toolbox":29,"Snecko Eye":34,"Kunai":40,"FossilizedHelix":25,"Paper Frog":31},{"Gremlin Horn":6,"Vajra":21,"Oddly Smooth Stone":23,"Pen Nib":6,"Omamori":13,"Ancient Tea Set":5,"Cursed Key":8,"Burning Blood":0,"Akabeko":14,"Blood Vial":21,"Toolbox":14,"Snecko Eye":16,"Kunai":19,"FossilizedHelix":13,"Paper Frog":15},{"Gremlin Horn":25,"Vajra":106,"Oddly Smooth Stone":118,"Pen Nib":25,"Omamori":59,"Ancient Tea Set":20,"Cursed Key":35,"Burning Blood":0,"Akabeko":65,"Blood Vial":106,"Toolbox":65,"Snecko Eye":81,"Kunai":92,"FossilizedHelix":59,"Paper Frog":71}],"Burning Blood":120},"card_choices":[{"not_picked":["Infernal Blade","Rampage"],"picked":"Feel No Pain","floor":0.0},{"not_picked":["Intimidate","Shrug It Off"],"picked":"Sword Boomerang","floor":1.0},{"not_picked":["Heavy Blade","Warcry"],"picked":"Cleave","floor":3.0},{"not_picked":["Searing Blow","Pommel Strike"],"picked":"Spot Weakness","floor":4.0},{"not_picked":["Body Slam","Sentinel"],"picked":"Pommel Strike","floor":5.0},{"not_picked":["True Grit","Rampage"],"picked":"Reaper","floor":6.0},{"not_picked":["Heavy Blade","Whirlwind"],"picked":"Power Through","floor":8.0},{"not_picked":["Heavy Blade","Pommel Strike"],"picked":"Disarm","floor":11.0},{"not_picked":["Exhume","Juggernaut"],"picked":"Limit Break","floor":16.0},{"not_picked":["Body Slam+1","Headbutt"],"picked":"Flex+1","floor":18.0},{"not_picked":["Seeing Red","Uppercut"],"picked":"Intimidate","floor":21.0},{"not_picked":["Flex","Sentinel"],"picked":"Burning Pact","floor":22.0},{"not_picked":["Iron Wave","Feel No Pain"],"picked":"True Grit+1","floor":24.0},{"not_picked":["Dual Wield","Headbutt"],"picked":"Evolve","floor":25.0},{"not_picked":["Uppercut","Cleave","Demon Form"],"picked":"SKIP","floor":28.0},{"not_picked":["Headbutt","Evolve"],"picked":"Dropkick","floor":30},{"not_picked":["Corruption","Impervious"],"picked":"Offering","floor":33},{"not_picked":["Rampage","Wild Strike+1","Iron Wave+1"],"picked":"SKIP","floor":35},{"not_picked":["Uppercut","Pommel Strike","Carnage"],"picked":"SKIP","floor":38},{"not_picked":["Uppercut+1","Clothesline"],"picked":"Headbutt","floor":40},{"not_picked":["Rage+1","Battle Trance+1"],"picked":"Havoc","floor":41},{"not_picked":["Anger+1","Wild Strike"],"picked":"Disarm","floor":42},{"not_picked":["Hemokinesis","Disarm","Intimidate"],"picked":"SKIP","floor":45},{"not_picked":["Sentinel","Havoc+1"],"picked":"Flame Barrier","floor":47},{"not_picked":["Havoc+1","True Grit","Combust"],"picked":"SKIP","floor":48}],"player_experience":1999719,"relics_obtained":[{"floor":6.0,"key":"Ancient Tea Set"},{"floor":8.0,"key":"Pen Nib"},{"floor":9.0,"key":"Gremlin Horn"},{"floor":25.0,"key":"FossilizedHelix"},{"floor":26.0,"key":"Omamori"},{"floor":28.0,"key":"Akabeko"},{"floor":31,"key":"Paper Frog"},{"floor":40,"key":"Kunai"},{"floor":42,"key":"Vajra"},{"floor":43,"key":"Blood Vial"},{"floor":47,"key":"Oddly Smooth Stone"}],"event_choices":[{"damage_healed":0.0,"max_hp_gain":0.0,"max_hp_loss":0.0,"gold_gain":0.0,"event_name":"Match and Keep!","player_choice":"1 cards matched","floor":2.0,"gold_loss":0.0,"damage_taken":0.0,"cards_obtained":["Bash"]},{"damage_healed":0.0,"max_hp_gain":0.0,"max_hp_loss":0.0,"gold_gain":0.0,"event_name":"Shining Light","player_choice":"Entered Light","floor":13.0,"gold_loss":0.0,"damage_taken":23.0,"cards_upgraded":["Strike_R","Defend_R"]},{"damage_healed":0.0,"max_hp_gain":0.0,"max_hp_loss":0.0,"gold_gain":0.0,"event_name":"Back to Basics","player_choice":"Simplicity","floor":19.0,"gold_loss":0.0,"damage_taken":0.0,"cards_upgraded":["Strike_R","Strike_R","Strike_R","Strike_R","Defend_R","Defend_R","Defend_R"]},{"damage_healed":0.0,"max_hp_gain":0.0,"max_hp_loss":0.0,"gold_gain":0.0,"event_name":"Upgrade Shrine","player_choice":"Upgraded","floor":20.0,"gold_loss":0.0,"damage_taken":0.0,"cards_upgraded":["Spot Weakness"]},{"damage_healed":0,"gold_gain":0,"player_choice":"Relic","damage_taken":0,"max_hp_gain":0,"max_hp_loss":0,"event_name":"Wheel of Change","floor":31,"gold_loss":0},{"damage_healed":0,"gold_gain":0,"player_choice":"Ignored","damage_taken":0,"max_hp_gain":0,"max_hp_loss":0,"event_name":"SecretPortal","floor":37,"gold_loss":0},{"damage_healed":0,"gold_gain":0,"player_choice":"Damaged","damage_taken":10,"max_hp_gain":0,"max_hp_loss":0,"event_name":"Wheel of Change","floor":39,"gold_loss":0}],"is_beta":false,"boss_relics":[{"not_picked":["Velvet Choker","Ectoplasm"],"picked":"Cursed Key"},{"not_picked":["SlaversCollar","Philosopher\u0027s Stone"],"picked":"Snecko Eye"}],"items_purged_floors":[36],"is_endless":false,"potions_floor_spawned":[1,4,11,16,18,24,25,35,38,42,45,48],"ascension_level":15}}