{"host":"cyiefo55v5hz1ih5","time":1609635788,"event":{"mods":["2.2 Compatiblity","AchievementEnabler","BaseMod","GifTheSpireLib","Hubris","Minty Spire (QoL Compilation)","Replay The Spire","Spicy Shops","StSLib","The Animator"],"gold_per_floor":[116,41,71,71,71,71,146,146,223,223,173,200,211,211,211,309,309,338,48,48,48,66,66,66],"floor_reached":23,"playtime":1639,"items_purged":["animator:Strike","animator:Strike_MadokaMagica"],"score":186,"play_id":"c6a25b14-d6b5-4a34-ae59-b4eb050369c4","local_time":"20210102200308","is_ascension_mode":true,"campfire_choices":[{"floor":6,"key":"RECALL"},{"floor":10,"key":"REST"},{"data":"animator:Sloth","floor":15,"key":"SMITH"}],"circlet_count":0,"master_deck":["animator:Defend_MadokaMagica","animator:Defend","animator:Defend","animator:IrohaTamaki","animator:YuiTsuruno","animator:Vesta+1","animator:RoyMustang","animator:ElricAlphonse","animator:Sloth+1","animator:Greed","animator:NagisaMomoe+1","animator:Hibiki+1"],"relics":["animator:LivingPicture","animator:TheMissingPiece","hubris:Towel","Prayer Wheel","animator:OldCoffin","animator:HolyGrailRelic"],"acts_visited":["Exordium","TheCity"],"potions_floor_usage":[16,18,22],"damage_taken":[{"damage":1,"enemies":"Cultist","floor":1,"turns":4},{"damage":2,"enemies":"2 Louse","floor":3,"turns":5},{"damage":9,"enemies":"Small Slimes","floor":12,"turns":3},{"damage":2,"enemies":"3 Louse","floor":13,"turns":3},{"damage":26,"enemies":"The Guardian","floor":16,"turns":12},{"damage":13,"enemies":"2 Thieves","floor":18,"turns":4},{"damage":14,"enemies":"3 Byrds","floor":22,"turns":5},{"damage":30,"enemies":"Book of Stabbing","floor":23,"turns":5}],"seed_played":"2097117729832777801","potions_obtained":[{"floor":13,"key":"LifebloodPotion"},{"floor":16,"key":"PowerPotion"},{"floor":18,"key":"Adrenaline Potion"}],"is_trial":false,"path_per_floor":["M","$","M","$","?","R","?","?","T","R","?","M","M","T","R","B",null,"M","$","?","?","M","E"],"character_chosen":"THE_ANIMATOR","items_purchased":["animator:Hibiki"],"campfire_rested":1,"item_purchase_floors":[19],"current_hp_per_floor":[59,59,57,57,57,57,46,46,46,60,60,52,50,50,50,25,70,57,57,57,57,45,15,15],"gold":66,"neow_bonus":"REMOVE_TWO","is_daily":false,"chose_seed":false,"campfire_upgraded":1,"win_rate":0.0,"timestamp":1609635788,"path_taken":["M","?","M","$","?","R","?","?","T","R","?","M","M","?","R","BOSS","M","$","?","?","?","E"],"items_purchased_type":["Card"],"build_version":"2020-12-22","purchased_purges":2,"victory":false,"max_hp_per_floor":[60,60,60,60,60,60,60,60,60,60,60,61,61,61,61,62,70,67,67,67,67,69,66,66],"card_choices":[{"not_picked":["animator:Priestess","animator:MumenRider"],"picked":"animator:Vesta","floor":1},{"not_picked":["animator:Tatsumaki","animator:DwarfShaman"],"picked":"animator:RoyMustang","floor":3},{"not_picked":["animator:Alexander","animator:CowGirl"],"picked":"animator:ElricAlphonse","floor":12},{"not_picked":["animator:GuildGirl","animator:SakuraMatou"],"picked":"animator:Sloth","floor":12},{"not_picked":["animator:OrikoMikuni","animator:GazelDwargon","animator:YuiTsuruno"],"picked":"SKIP","floor":13},{"not_picked":["animator:Shion","animator:NarberalGamma","animator:GuildGirl"],"picked":"SKIP","floor":13},{"not_picked":["animator:Saitama","animator:Rimuru"],"picked":"animator:Greed","floor":16},{"not_picked":["animator:Alexander+1","animator:Sloth+1"],"picked":"animator:NagisaMomoe","floor":18},{"not_picked":["animator:Shuna","animator:Spearman+1","animator:Witch"],"picked":"SKIP","floor":18},{"not_picked":["animator:Millim","animator:Vesta","animator:Saitama"],"picked":"SKIP","floor":22},{"not_picked":["animator:EmiyaShirou","animator:YuiTsuruno","animator:NagisaMomoe"],"picked":"SKIP","floor":22}],"player_experience":675775,"relics_obtained":[{"floor":9,"key":"Prayer Wheel"},{"floor":14,"key":"animator:OldCoffin"}],"event_choices":[{"damage_healed":0,"gold_gain":0,"player_choice":"Grow","damage_taken":0,"max_hp_gain":0,"max_hp_loss":0,"event_name":"Living Wall","floor":5,"gold_loss":0,"cards_upgraded":["animator:Vesta"]},{"damage_healed":0,"gold_gain":75,"player_choice":"Gather Gold","damage_taken":11,"max_hp_gain":0,"max_hp_loss":0,"event_name":"World of Goop","floor":7,"gold_loss":0},{"cards_removed":["animator:Defend"],"damage_healed":0,"gold_gain":0,"player_choice":"Card Removal","damage_taken":0,"max_hp_gain":0,"max_hp_loss":0,"event_name":"The Cleric","floor":11,"gold_loss":50},{"damage_healed":0,"gold_gain":0,"player_choice":"Forge","damage_taken":0,"max_hp_gain":0,"max_hp_loss":0,"event_name":"Accursed Blacksmith","floor":21,"gold_loss":0,"cards_upgraded":["animator:Hibiki"]}],"is_beta":false,"boss_relics":[{"not_picked":["hubris:VirtuousBlindfold","hubris:HollowSoul"],"picked":"animator:HolyGrailRelic"}],"items_purged_floors":[2,19],"is_endless":false,"potions_floor_spawned":[13,16,18],"killed_by":"Book of Stabbing","ascension_level":1}}