{"host":"kiauivt48syq9iz6","time":1609682711,"event":{"mods":["A Magickal Journey","BaseMod","Conspire","Downfall","Hermit","Minty Spire (QoL Compilation)","Replay The Spire","SIMod","Somnambulant","StSLib","The Animator","The Construct","The Cursed","The Disciple","The Forsaken","The Judge","The Marked","The Runesmith","The Servant 0.9.4","The Spell Scribe"],"gold_per_floor":[114,10,23,23,38,38,65,65,365,107,107,120,120,135,135,239,239,220,236,16,26,26,26,26],"floor_reached":23,"playtime":749,"items_purged":["Regret"],"score":191,"play_id":"87461728-0a31-4923-8202-eeeccb49c548","local_time":"20210103070510","is_ascension_mode":false,"campfire_choices":[{"data":"Beam Cell","floor":6,"key":"SMITH"},{"data":"Defragment","floor":11,"key":"SMITH"},{"floor":13,"key":"REST"},{"data":"White Noise","floor":15,"key":"SMITH"}],"circlet_count":0,"master_deck":["Strike_B","Strike_B+1","Strike_B","Strike_B+1","Defend_B","Defend_B","Defend_B","Defend_B","Zap","Dualcast","Beam Cell+1","Coolheaded","Conserve Battery","Streamline","Defragment+1","White Noise+1","Cold Snap","Genetic Algorithm","Sweeping Beam","Creative AI","Conserve Battery","Compile Driver+1","Creative AI","Glacier","Barrage+1","Hallucinations"],"relics":["Cracked Core","Counterbalance","Whetstone","Old Coin","Inserter","Ring of Shattering"],"acts_visited":["Exordium","TheCity"],"potions_floor_usage":[2,18,21,23],"damage_taken":[{"damage":0,"enemies":"2 Louse","floor":1,"turns":2},{"damage":1,"enemies":"Jaw Worm","floor":3,"turns":2},{"damage":2,"enemies":"Cultist","floor":5,"turns":3},{"damage":12,"enemies":"Gremlin Nob","floor":7,"turns":4},{"damage":2,"enemies":"2 Fungi Beasts","floor":12,"turns":3},{"damage":13,"enemies":"Exordium Wildlife","floor":14,"turns":4},{"damage":26,"enemies":"Slime Boss","floor":16,"turns":5},{"damage":18,"enemies":"2 Thieves","floor":18,"turns":4},{"damage":50,"enemies":"3 Byrds","floor":19,"turns":6},{"damage":8,"enemies":"Cultist and Chosen","floor":21,"turns":8},{"damage":11,"enemies":"Gremlin Leader","floor":23,"turns":7}],"seed_played":"-1206496996360393749","potions_obtained":[{"floor":5,"key":"Flashbang"},{"floor":7,"key":"BlessingOfTheForge"},{"floor":16,"key":"hexamod:EctoCoolerPotion"},{"floor":19,"key":"BlessingOfTheForge"}],"is_trial":false,"path_per_floor":["M","$","M","?","M","R","E","$","T","$","R","M","R","M","R","B",null,"M","M","$","M","?","E"],"character_chosen":"DEFECT","items_purchased":["Fruit Juice","Defragment","White Noise","Cold Snap","Creative AI","Glacier"],"campfire_rested":1,"item_purchase_floors":[2,10,10,10,20,20],"current_hp_per_floor":[82,87,86,86,84,84,72,72,72,72,72,70,87,74,74,48,87,69,19,19,11,11,0,0],"gold":26,"neow_bonus":"TEN_PERCENT_HP_BONUS","is_daily":false,"chose_seed":false,"campfire_upgraded":3,"win_rate":0.0,"timestamp":1609682710,"path_taken":["M","$","M","?","M","R","E","?","T","$","R","?","R","M","R","BOSS","M","?","$","M","?","E"],"items_purchased_type":["Potion","Card","Card","Card","Card","Card"],"build_version":"2020-12-22","purchased_purges":1,"victory":false,"max_hp_per_floor":[82,87,87,87,87,87,87,87,87,87,87,87,87,87,87,87,87,87,87,87,87,87,87,87],"card_choices":[{"not_picked":["Barrage","Ball Lightning"],"picked":"Beam Cell","floor":1},{"not_picked":["Conserve Battery","Fusion"],"picked":"Coolheaded","floor":3},{"not_picked":["conspire:SharedLibrary","Redo"],"picked":"Conserve Battery","floor":5},{"not_picked":["Coolheaded","Panic Button"],"picked":"Streamline","floor":7},{"not_picked":["Redo","Steam"],"picked":"Genetic Algorithm","floor":12},{"not_picked":["ReplayTheSpireMod:Repulse","Go for the Eyes"],"picked":"Sweeping Beam","floor":14},{"not_picked":["Rainbow","All For One"],"picked":"Creative AI","floor":16},{"not_picked":["Sweeping Beam","Gash+1"],"picked":"Conserve Battery","floor":18},{"not_picked":["Ball Lightning+1","FTL"],"picked":"Compile Driver+1","floor":19},{"not_picked":["Conserve Battery","Panic Button"],"picked":"Barrage+1","floor":21}],"player_experience":145622,"relics_obtained":[{"floor":7,"key":"Whetstone"},{"floor":9,"key":"Old Coin"},{"floor":22,"key":"Ring of Shattering"}],"event_choices":[{"damage_healed":0,"gold_gain":0,"player_choice":"Box","damage_taken":0,"relics_obtained":["Counterbalance"],"max_hp_gain":0,"max_hp_loss":0,"event_name":"Big Fish","floor":4,"gold_loss":0,"cards_obtained":["Regret"]}],"is_beta":false,"boss_relics":[{"not_picked":["Replay:Wanted Poster","conspire:SeveredTorchhead"],"picked":"Inserter"}],"items_purged_floors":[10],"is_endless":false,"potions_floor_spawned":[5,7,16,19],"killed_by":"Gremlin Leader","ascension_level":0}}