{"host":"dpbezu80jg8zk7un","time":1609707340,"event":{"mods":["BaseMod","Colored Map","Colored Powertips","Custom Start","DeckTracker","Minty Spire (QoL Compilation)","Quick Restart","StSLib","SuperFastMode"],"gold_per_floor":[17,17,27,27,47,47,67,100,100,114,114,114],"floor_reached":11,"playtime":287,"items_purged":[],"score":175,"play_id":"27897b5b-c521-4105-8688-6b39a3e0af8b","local_time":"20210104055540","is_ascension_mode":true,"campfire_choices":[{"data":"Eruption","floor":6.0,"key":"SMITH"}],"circlet_count":0,"master_deck":["AscendersBane","Strike_P","Strike_P","Strike_P","Defend_P","Defend_P","Defend_P","Eruption+1","Vigilance","MentalFortress","FlyingSleeves","FollowUp"],"relics":["PureWater","Pear","Mango","CaptainsWheel"],"acts_visited":["Exordium"],"potions_floor_usage":[],"damage_taken":[{"damage":7.0,"enemies":"Jaw Worm","floor":1.0,"turns":3.0},{"damage":4.0,"enemies":"Cultist","floor":3.0,"turns":5.0},{"damage":3.0,"enemies":"2 Louse","floor":5.0,"turns":3.0},{"damage":8.0,"enemies":"Blue Slaver","floor":7.0,"turns":5.0},{"damage":16.0,"enemies":"3 Sentries","floor":8.0,"turns":10.0},{"damage":17,"enemies":"3 Louse","floor":10,"turns":6},{"damage":38,"enemies":"Gremlin Nob","floor":11,"turns":3}],"seed_played":"7948527641510305316","potions_obtained":[{"floor":1.0,"key":"LiquidMemories"},{"floor":7.0,"key":"BlessingOfTheForge"}],"is_trial":false,"path_per_floor":["M","?","M","$","M","R","M","E","T","M","E"],"character_chosen":"WATCHER","items_purchased":[],"campfire_rested":0,"item_purchase_floors":[],"current_hp_per_floor":[54,64,60,60,57,57,49,47,47,30,0,0],"gold":114,"neow_bonus":"REMOVE_TWO","is_daily":false,"chose_seed":false,"campfire_upgraded":1,"win_rate":0.0,"timestamp":1609707340,"path_taken":["M","?","M","?","M","R","M","E","T","M","E"],"items_purchased_type":[],"build_version":"2020-12-22","purchased_purges":0,"victory":false,"max_hp_per_floor":[68,78,78,78,78,78,78,92,92,92,92,92],"card_choices":[{"not_picked":["Prostrate","ClearTheMind"],"picked":"EmptyMind","floor":1.0},{"not_picked":["Consecrate","Halt","ClearTheMind"],"picked":"SKIP","floor":3.0},{"not_picked":["Protect","FollowUp"],"picked":"MentalFortress","floor":5.0},{"not_picked":["JustLucky","WreathOfFlame"],"picked":"FlyingSleeves","floor":7.0},{"not_picked":["Evaluate","Halt","FlyingSleeves"],"picked":"SKIP","floor":8.0},{"not_picked":["Weave","ClearTheMind"],"picked":"FollowUp","floor":10}],"player_experience":2821242,"relics_obtained":[{"floor":8.0,"key":"Mango"},{"floor":9.0,"key":"CaptainsWheel"}],"event_choices":[{"cards_removed":["EmptyMind"],"damage_healed":0.0,"max_hp_gain":0.0,"max_hp_loss":0.0,"gold_gain":0.0,"event_name":"WeMeetAgain","player_choice":"Gave Card","floor":2.0,"gold_loss":0.0,"damage_taken":0.0,"relics_obtained":["Pear"]}],"is_beta":false,"boss_relics":[],"items_purged_floors":[],"is_endless":false,"potions_floor_spawned":[1,7],"killed_by":"Gremlin Nob","ascension_level":20}}