{"host":"x3lqeik2a5qeoft8","time":1609635485,"event":{"mods":["AchievementEnabler","BaseMod","Minty Spire (QoL Compilation)","SuperFastMode"],"gold_per_floor":[113,113,127,147,163,189,205,235,235,235,262,537,75,86,86,187,187,204,233,305,318,119,150,163,183,183,183,183],"floor_reached":27,"playtime":1332,"items_purged":["Regret"],"score":336,"play_id":"4aa6bd1d-dd07-42cf-9ea2-339486c3cf46","local_time":"20210103015805","is_ascension_mode":true,"campfire_choices":[{"floor":10,"key":"REST"},{"floor":15,"key":"RECALL"}],"circlet_count":0,"master_deck":["Strike_G","Strike_G","Defend_G","Defend_G","Defend_G","Defend_G","Defend_G","Survivor","Neutralize","Flying Knee+1","Flying Knee+1","Dagger Throw","Bouncing Flask","Dagger Spray","Catalyst","Footwork","Burst+1","Noxious Fumes","Phantasmal Killer+1","After Image","Bouncing Flask+1","Flying Knee","Bane+1","Bane+1","Catalyst+1"],"relics":["Astrolabe","Pocketwatch","Centennial Puzzle","Toxic Egg 2","Gremlin Horn","Bottled Tornado","Shuriken","Black Star","Red Mask","ClockworkSouvenir","Vajra","Mercury Hourglass","Bird Faced Urn"],"acts_visited":["Exordium","TheCity"],"potions_floor_usage":[8,11,16,19,19,23],"damage_taken":[{"damage":0,"enemies":"2 Louse","floor":1,"turns":1},{"damage":0,"enemies":"Cultist","floor":3,"turns":3},{"damage":2,"enemies":"Jaw Worm","floor":4,"turns":3},{"damage":4,"enemies":"Lots of Slimes","floor":5,"turns":2},{"damage":18,"enemies":"Gremlin Nob","floor":6,"turns":4},{"damage":4,"enemies":"Looter","floor":7,"turns":3},{"damage":1,"enemies":"Lagavulin","floor":8,"turns":6},{"damage":13,"enemies":"3 Sentries","floor":11,"turns":6},{"damage":8,"enemies":"Blue Slaver","floor":14,"turns":4},{"damage":0,"enemies":"Slime Boss","floor":16,"turns":4},{"damage":30,"enemies":"3 Byrds","floor":18,"turns":4},{"damage":4,"enemies":"Masked Bandits","floor":19,"turns":2},{"damage":9,"enemies":"2 Thieves","floor":21,"turns":3},{"damage":4,"enemies":"Slavers","floor":23,"turns":2},{"damage":4,"enemies":"Snake Plant","floor":24,"turns":3},{"damage":15,"enemies":"Snecko","floor":25,"turns":3},{"damage":11,"enemies":"Book of Stabbing","floor":27,"turns":4}],"seed_played":"8322560872567665168","potions_obtained":[{"floor":7,"key":"FearPotion"},{"floor":8,"key":"LiquidBronze"},{"floor":11,"key":"PowerPotion"},{"floor":14,"key":"AttackPotion"},{"floor":16,"key":"AttackPotion"},{"floor":21,"key":"DistilledChaos"}],"is_trial":false,"path_per_floor":["M","?","M","M","M","E","M","E","T","R","E","?","$","M","R","B",null,"M","?","T","M","$","E","M","M","T","E"],"character_chosen":"THE_SILENT","items_purchased":["Shuriken","Phantasmal Killer+1","ClockworkSouvenir","Flying Knee"],"campfire_rested":1,"item_purchase_floors":[13,13,22,22],"current_hp_per_floor":[70,70,70,68,64,46,42,41,41,62,49,49,49,41,41,41,70,40,36,36,27,27,23,19,4,4,0,0],"gold":183,"neow_bonus":"BOSS_RELIC","is_daily":false,"chose_seed":false,"campfire_upgraded":0,"win_rate":0.0,"timestamp":1609635485,"path_taken":["M","?","?","M","M","E","M","E","T","R","E","?","$","M","R","BOSS","M","?","?","M","$","E","M","?","T","E"],"items_purchased_type":["Relic","Card","Relic","Card"],"build_version":"2020-12-22","purchased_purges":1,"victory":false,"max_hp_per_floor":[70,70,70,70,70,70,70,70,70,70,70,70,70,70,70,70,70,70,70,70,70,70,70,70,70,70,70,70],"card_choices":[{"not_picked":["Underhanded Strike","Outmaneuver"],"picked":"Dagger Throw","floor":1},{"not_picked":["Sucker Punch","Infinite Blades"],"picked":"Bouncing Flask","floor":3},{"not_picked":["Flying Knee","Dagger Throw"],"picked":"Dagger Spray","floor":4},{"not_picked":["Terror","Dodge and Roll"],"picked":"Catalyst","floor":5},{"not_picked":["Tactician","Caltrops"],"picked":"Footwork","floor":6},{"not_picked":["Heel Hook","Cloak And Dagger","Deflect"],"picked":"SKIP","floor":7},{"not_picked":["Acrobatics+1","Blur+1"],"picked":"Burst+1","floor":8},{"not_picked":["Acrobatics+1","Masterful Stab"],"picked":"Noxious Fumes","floor":11},{"not_picked":["Calculated Gamble+1","Dagger Spray","Eviscerate"],"picked":"SKIP","floor":14},{"not_picked":["Burst+1","Night Terror+1"],"picked":"After Image","floor":16},{"not_picked":["Dodge and Roll+1","Reflex+1","Eviscerate+1"],"picked":"SKIP","floor":18},{"not_picked":["PiercingWail+1","Deflect+1"],"picked":"Bouncing Flask+1","floor":21},{"not_picked":["A Thousand Cuts","Bouncing Flask+1"],"picked":"Bane+1","floor":23},{"not_picked":["Accuracy+1","Flying Knee+1"],"picked":"Bane+1","floor":24},{"not_picked":["Endless Agony","Doppelganger+1"],"picked":"Catalyst+1","floor":25}],"player_experience":92334,"relics_obtained":[{"floor":6,"key":"Centennial Puzzle"},{"floor":8,"key":"Toxic Egg 2"},{"floor":9,"key":"Gremlin Horn"},{"floor":11,"key":"Bottled Tornado"},{"floor":19,"key":"Red Mask"},{"floor":23,"key":"Vajra"},{"floor":23,"key":"Mercury Hourglass"},{"floor":26,"key":"Bird Faced Urn"}],"event_choices":[{"cards_removed":["Cloak And Dagger"],"damage_healed":0,"gold_gain":0,"player_choice":"Gave Card","damage_taken":0,"relics_obtained":["Pocketwatch"],"max_hp_gain":0,"max_hp_loss":0,"event_name":"WeMeetAgain","floor":2,"gold_loss":0},{"damage_healed":0,"gold_gain":275,"player_choice":"Desecrate","damage_taken":0,"max_hp_gain":0,"max_hp_loss":0,"event_name":"Golden Shrine","floor":12,"gold_loss":0,"cards_obtained":["Regret"]},{"damage_healed":0,"gold_gain":0,"player_choice":"Fought Bandits","damage_taken":0,"max_hp_gain":0,"max_hp_loss":0,"event_name":"Masked Bandits","floor":19,"gold_loss":0}],"is_beta":false,"boss_relics":[{"not_picked":["Runic Pyramid","Empty Cage"],"picked":"Black Star"}],"items_purged_floors":[13],"is_endless":false,"potions_floor_spawned":[7,8,11,14,16,21],"killed_by":"Book of Stabbing","ascension_level":2}}