{"host":"nsxzlb359hv0da5z","time":1609664525,"event":{"mods":["BaseMod","Bestiary","Colored Map","Minty Spire (QoL Compilation)","Permanent Neow","Relic Stats","Slay the Relics Exporter","ojb\u0027s Info Mod"],"gold_per_floor":[109,127,146,47,47,47,58,86,86,119,119,139,153,188,188,279,279,292,292,310,310,310,344,344,383,383,383,406,458,373,397,397,497,497,521,552,584,617,220,270,270,294,321,321,370,370,386,195,195,195,195,195,195,30,77,77],"floor_reached":57,"playtime":10878,"items_purged":["Strike_P+1","Strike_P+1"],"score":2805,"play_id":"24e6c183-6299-4481-a2e3-6242d42a8abf","local_time":"20210103010205","is_ascension_mode":true,"campfire_choices":[{"data":"EmptyFist","floor":6.0,"key":"SMITH"},{"data":"TalkToTheHand","floor":15.0,"key":"SMITH"},{"floor":24.0,"key":"REST"},{"floor":27.0,"key":"REST"},{"floor":32.0,"key":"REST"},{"floor":41.0,"key":"RECALL"},{"floor":44.0,"key":"REST"},{"floor":49.0,"key":"REST"},{"floor":53,"key":"REST"}],"circlet_count":0,"master_deck":["AscendersBane","Strike_P+1","Defend_P+1","Defend_P+1","Defend_P+1","Eruption","Vigilance","EmptyFist+1","BowlingBash","EmptyBody","SandsOfTime","Halt","Crescendo","TalkToTheHand+1","DevaForm","DeceiveReality","TalkToTheHand","Scrawl","CutThroughFate+1","Meditate","Tantrum","Adaptation","MentalFortress","FollowUp+1","Protect","FlurryOfBlows","Vault","WaveOfTheHand","CrushJoints+1","WheelKick+1","Sanctity","CutThroughFate+1","TalkToTheHand+1","Wallop+1","CutThroughFate+1","Omniscience","Fasting2","Wireheading"],"relics":["Empty Cage","Pantograph","Question Card","Mummified Hand","Golden Idol","White Beast Statue","Philosopher\u0027s Stone","Lantern","Strawberry","Mercury Hourglass","CeramicFish","Gambling Chip","Fusion Hammer","Unceasing Top","Membership Card","Molten Egg 2","Du-Vu Doll","Akabeko","Shuriken","ClockworkSouvenir","Bag of Marbles"],"acts_visited":["Exordium","TheCity","TheBeyond","TheEnding"],"potions_floor_usage":[50,51,55,55,56,56],"damage_taken":[{"damage":0.0,"enemies":"Cultist","floor":1.0,"turns":4.0},{"damage":2.0,"enemies":"2 Louse","floor":2.0,"turns":2.0},{"damage":7.0,"enemies":"Jaw Worm","floor":3.0,"turns":3.0},{"damage":12.0,"enemies":"3 Louse","floor":7.0,"turns":3.0},{"damage":0.0,"enemies":"Gremlin Nob","floor":8.0,"turns":3.0},{"damage":4.0,"enemies":"Lagavulin","floor":10.0,"turns":6.0},{"damage":7.0,"enemies":"2 Fungi Beasts","floor":12.0,"turns":4.0},{"damage":7.0,"enemies":"Exordium Thugs","floor":13.0,"turns":4.0},{"damage":0.0,"enemies":"Gremlin Nob","floor":14.0,"turns":3.0},{"damage":35.0,"enemies":"The Guardian","floor":16.0,"turns":11.0},{"damage":0.0,"enemies":"Chosen","floor":18.0,"turns":3.0},{"damage":34.0,"enemies":"3 Byrds","floor":20.0,"turns":4.0},{"damage":13.0,"enemies":"Book of Stabbing","floor":23.0,"turns":4.0},{"damage":24.0,"enemies":"Gremlin Leader","floor":25.0,"turns":3.0},{"damage":15.0,"enemies":"Snake Plant","floor":28.0,"turns":4.0},{"damage":1.0,"enemies":"Slavers","floor":29.0,"turns":5.0},{"damage":4.0,"enemies":"3 Cultists","floor":31.0,"turns":4.0},{"damage":9.0,"enemies":"Champ","floor":33.0,"turns":10.0},{"damage":0.0,"enemies":"3 Shapes","floor":35.0,"turns":4.0},{"damage":0.0,"enemies":"Mind Bloom Boss Battle","floor":36.0,"turns":4.0},{"damage":1.0,"enemies":"3 Darklings","floor":37.0,"turns":5.0},{"damage":2.0,"enemies":"Writhing Mass","floor":38.0,"turns":7.0},{"damage":11.0,"enemies":"Nemesis","floor":40.0,"turns":5.0},{"damage":7.0,"enemies":"Spire Growth","floor":42.0,"turns":4.0},{"damage":32.0,"enemies":"Reptomancer","floor":45.0,"turns":7.0},{"damage":28.0,"enemies":"3 Darklings","floor":47.0,"turns":4.0},{"damage":26,"enemies":"Awakened One","floor":50,"turns":10},{"damage":39,"enemies":"Donu and Deca","floor":51,"turns":7},{"damage":10,"enemies":"Shield and Spear","floor":55,"turns":7},{"damage":49,"enemies":"The Heart","floor":56,"turns":7}],"seed_played":"-9151816597724871944","potions_obtained":[{"floor":2.0,"key":"AttackPotion"},{"floor":8.0,"key":"Strength Potion"},{"floor":12.0,"key":"Energy Potion"},{"floor":13.0,"key":"SteroidPotion"},{"floor":16.0,"key":"DuplicationPotion"},{"floor":20.0,"key":"Block Potion"},{"floor":23.0,"key":"AttackPotion"},{"floor":25.0,"key":"FearPotion"},{"floor":28.0,"key":"SteroidPotion"},{"floor":29.0,"key":"FairyPotion"},{"floor":31.0,"key":"Dexterity Potion"},{"floor":33.0,"key":"PowerPotion"},{"floor":35.0,"key":"BlessingOfTheForge"},{"floor":37.0,"key":"BottledMiracle"},{"floor":38.0,"key":"SpeedPotion"},{"floor":45.0,"key":"Dexterity Potion"},{"floor":47.0,"key":"CultistPotion"},{"floor":55,"key":"Energy Potion"}],"is_trial":false,"path_per_floor":["M","M","M","$","?","R","M","E","T","E","?","M","M","E","R","B",null,"M","?","M","?","?","E","R","E","T","R","M","E","?","M","R","B",null,"M","?","M","M","$","E","R","M","T","R","E","?","M","$","R","B","B",null,"R","$","E","B",null],"character_chosen":"WATCHER","items_purchased":["SandsOfTime","Halt","Membership Card","Molten Egg 2","Sanctity","CutThroughFate+1","TalkToTheHand+1","Shuriken","Fasting2","ClockworkSouvenir","EntropicBrew"],"campfire_rested":6,"item_purchase_floors":[4,4,39,39,39,39,39,48,54,54,54],"current_hp_per_floor":[61,59,52,52,57,57,45,45,45,41,41,34,27,27,27,17,54,54,54,20,20,20,7,26,9,9,30,15,14,14,10,31,47,67,67,73,72,70,70,59,59,52,52,73,41,41,13,13,33,32,18,56,69,69,59,20],"gold":77,"neow_bonus":"BOSS_RELIC","is_daily":false,"chose_seed":false,"campfire_upgraded":2,"win_rate":0.0,"timestamp":1609664525,"path_taken":["M","M","M","?","?","R","M","E","T","E","?","M","M","E","R","BOSS","M","?","M","?","?","E","R","E","T","R","M","E","?","?","R","BOSS","M","?","M","M","$","E","R","M","T","R","E","?","M","$","R","BOSS","BOSS","R","$","E","BOSS"],"items_purchased_type":["Card","Card","Relic","Relic","Card","Card","Card","Relic","Card","Relic","Potion"],"build_version":"2020-12-22","purchased_purges":2,"victory":true,"max_hp_per_floor":[68,68,68,68,73,73,73,73,73,73,66,66,66,66,66,66,66,66,66,66,66,66,66,66,73,73,73,73,73,73,73,73,73,73,73,73,73,73,73,73,73,73,73,73,73,69,69,69,69,69,69,69,69,69,69,69],"relic_stats":{"counters":[30,151],"Mummified Hand":[65],"Golden Idol":196,"Shuriken":[23],"Pantograph":116,"CeramicFish":126,"Gambling Chip":[35],"Question Card":22,"obtain_stats":[{"Lantern":23,"Golden Idol":11,"CeramicFish":29,"Empty Cage":0,"Question Card":9,"White Beast Statue":14,"Akabeko":45,"Mercury Hourglass":26,"ClockworkSouvenir":54,"Du-Vu Doll":40,"Mummified Hand":10,"Shuriken":48,"Pantograph":8,"Strawberry":25,"Gambling Chip":30,"Philosopher\u0027s Stone":17,"Molten Egg 2":39,"Fusion Hammer":34,"Bag of Marbles":55,"Membership Card":39,"PureWater":0,"Unceasing Top":36},{"Lantern":13,"Golden Idol":6,"CeramicFish":16,"Empty Cage":0,"Question Card":5,"White Beast Statue":9,"Akabeko":25,"Mercury Hourglass":14,"ClockworkSouvenir":28,"Du-Vu Doll":23,"Mummified Hand":6,"Shuriken":26,"Pantograph":5,"Strawberry":14,"Gambling Chip":16,"Philosopher\u0027s Stone":10,"Molten Egg 2":22,"Fusion Hammer":18,"Bag of Marbles":29,"Membership Card":22,"PureWater":0,"Unceasing Top":20},{"Lantern":54,"Golden Idol":21,"CeramicFish":66,"Empty Cage":0,"Question Card":15,"White Beast Statue":32,"Akabeko":116,"Mercury Hourglass":57,"ClockworkSouvenir":137,"Du-Vu Doll":105,"Mummified Hand":21,"Shuriken":120,"Pantograph":15,"Strawberry":57,"Gambling Chip":66,"Philosopher\u0027s Stone":43,"Molten Egg 2":100,"Fusion Hammer":80,"Bag of Marbles":144,"Membership Card":100,"PureWater":0,"Unceasing Top":88}],"Unceasing Top":[3],"Mercury Hourglass":[338]},"card_choices":[{"not_picked":["Prostrate","ThirdEye"],"picked":"EmptyFist","floor":1.0},{"not_picked":["Vengeance","Perseverance"],"picked":"BowlingBash","floor":2.0},{"not_picked":["Collect","EmptyMind"],"picked":"EmptyBody","floor":3.0},{"not_picked":["Evaluate","Sanctity","Crescendo"],"picked":"SKIP","floor":7.0},{"not_picked":["Evaluate","Sanctity"],"picked":"Crescendo","floor":7.0},{"not_picked":["DeceiveReality","Nirvana"],"picked":"TalkToTheHand","floor":8.0},{"not_picked":["FlurryOfBlows","JustLucky","CrushJoints"],"picked":"DevaForm","floor":10.0},{"not_picked":["FlurryOfBlows","SignatureMove","Study"],"picked":"DeceiveReality","floor":12.0},{"not_picked":["Crescendo","FlyingSleeves","EmptyMind","JustLucky"],"picked":"SKIP","floor":13.0},{"not_picked":["JustLucky","Consecrate","EmptyFist"],"picked":"TalkToTheHand","floor":14.0},{"not_picked":["Blasphemy","ConjureBlade","Judgement"],"picked":"Scrawl","floor":16.0},{"not_picked":["ThirdEye","Protect","Crescendo+1"],"picked":"CutThroughFate+1","floor":18.0},{"not_picked":["FlurryOfBlows","Meditate","Protect"],"picked":"Tantrum","floor":20.0},{"not_picked":["ForeignInfluence","DeusExMachina","Crescendo"],"picked":"Adaptation","floor":23.0},{"not_picked":["Pray","Indignation","CutThroughFate"],"picked":"MentalFortress","floor":25.0},{"not_picked":["WindmillStrike+1","ReachHeaven","TalkToTheHand"],"picked":"FollowUp+1","floor":28.0},{"not_picked":["EmptyBody","FlyingSleeves","Swivel"],"picked":"Protect","floor":29.0},{"not_picked":["FollowUp+1","CrushJoints","ThirdEye"],"picked":"FlurryOfBlows","floor":31.0},{"not_picked":["Blasphemy","Brilliance","DeusExMachina"],"picked":"Vault","floor":33.0},{"not_picked":["Consecrate","CrushJoints+1","EmptyFist"],"picked":"WaveOfTheHand","floor":35.0},{"not_picked":["SashWhip+1","Collect","Swivel"],"picked":"CrushJoints+1","floor":37.0},{"not_picked":["EmptyMind","LikeWater","FlurryOfBlows"],"picked":"WheelKick+1","floor":38.0},{"not_picked":["ForeignInfluence+1","EmptyMind","PathToVictory"],"picked":"Wallop+1","floor":40.0},{"not_picked":["JustLucky+1","Vault","Collect"],"picked":"CutThroughFate+1","floor":42.0},{"not_picked":["Perseverance","Evaluate","BowlingBash+1"],"picked":"Omniscience","floor":45.0},{"not_picked":["CarveReality+1","SandsOfTime+1","LikeWater","InnerPeace"],"picked":"SKIP","floor":47.0},{"not_picked":["Establishment","EmptyFist+1","InnerPeace"],"picked":"Wireheading","floor":55}],"player_experience":1915270,"relics_obtained":[{"floor":8.0,"key":"Pantograph"},{"floor":9.0,"key":"Question Card"},{"floor":10.0,"key":"Mummified Hand"},{"floor":14.0,"key":"White Beast Statue"},{"floor":23.0,"key":"Lantern"},{"floor":25.0,"key":"Strawberry"},{"floor":26.0,"key":"Mercury Hourglass"},{"floor":29.0,"key":"CeramicFish"},{"floor":36.0,"key":"Unceasing Top"},{"floor":40.0,"key":"Du-Vu Doll"},{"floor":45.0,"key":"Akabeko"},{"floor":55,"key":"Bag of Marbles"}],"event_choices":[{"damage_healed":0.0,"max_hp_gain":5.0,"max_hp_loss":0.0,"gold_gain":0.0,"event_name":"Big Fish","player_choice":"Donut","floor":5.0,"gold_loss":0.0,"damage_taken":0.0},{"damage_healed":0.0,"max_hp_gain":0.0,"max_hp_loss":7.0,"gold_gain":0.0,"event_name":"Golden Idol","player_choice":"Lose Max HP","floor":11.0,"gold_loss":0.0,"damage_taken":0.0,"relics_obtained":["Golden Idol"]},{"damage_healed":0.0,"max_hp_gain":0.0,"max_hp_loss":0.0,"gold_gain":0.0,"event_name":"The Library","player_choice":"Read","floor":19.0,"gold_loss":0.0,"damage_taken":0.0,"cards_obtained":["Meditate"]},{"damage_healed":0.0,"max_hp_gain":0.0,"max_hp_loss":0.0,"gold_gain":0.0,"event_name":"Cursed Tome","player_choice":"Ignored","floor":21.0,"gold_loss":0.0,"damage_taken":0.0},{"damage_healed":0.0,"max_hp_gain":0.0,"max_hp_loss":0.0,"gold_gain":0.0,"event_name":"Back to Basics","player_choice":"Simplicity","floor":22.0,"gold_loss":0.0,"damage_taken":0.0,"cards_upgraded":["Strike_P","Strike_P","Strike_P","Defend_P","Defend_P","Defend_P"]},{"damage_healed":0.0,"max_hp_gain":0.0,"max_hp_loss":0.0,"gold_gain":0.0,"event_name":"Addict","player_choice":"Obtained Relic","floor":30.0,"gold_loss":85.0,"damage_taken":0.0,"relics_obtained":["Gambling Chip"]},{"damage_healed":0.0,"max_hp_gain":0.0,"max_hp_loss":0.0,"gold_gain":0.0,"event_name":"MindBloom","player_choice":"Fight","floor":36.0,"gold_loss":0.0,"damage_taken":0.0},{"damage_healed":0.0,"max_hp_gain":0.0,"max_hp_loss":4.0,"gold_gain":0.0,"event_name":"Winding Halls","player_choice":"Max HP","floor":46.0,"gold_loss":0.0,"damage_taken":0.0}],"is_beta":false,"boss_relics":[{"not_picked":["Pandora\u0027s Box","Astrolabe"],"picked":"Philosopher\u0027s Stone"},{"not_picked":["Sozu","Calling Bell"],"picked":"Fusion Hammer"}],"items_purged_floors":[39,48],"is_endless":false,"potions_floor_spawned":[2,8,12,13,16,18,20,23,25,28,29,31,33,35,36,37,38,40,42,45,47,55],"ascension_level":20}}