{"host":"oy4pyvr762z5n0bb","time":1609695911,"event":{"mods":["AchievementEnabler","BaseMod","Colored Map","Colored Powertips","Googly Eyes","Key Reminder","Minty Spire (QoL Compilation)","Quick Restart","Relic Sorter","StSLib","SuperFastMode","Unceasing Turn Reminder","slay the spire mod where everything is the same but ironclad has a cowboy hat"],"gold_per_floor":[109,129,31,50,20,20,38,38,38,38,49,83,83,111,111,216,216,232,247,82,82,82],"floor_reached":21,"playtime":612,"items_purged":["Strike_P"],"score":217,"play_id":"b6b284ec-4ec7-4862-b9f0-8a3848198346","local_time":"20210103094511","is_ascension_mode":true,"campfire_choices":[{"data":"Establishment","floor":6,"key":"SMITH"},{"floor":13,"key":"REST"},{"floor":15,"key":"REST"}],"circlet_count":0,"master_deck":["Strike_P+1","Strike_P","Strike_P","Defend_P","Defend_P","Defend_P","Defend_P","Eruption","Vigilance","Establishment+1","FlyingSleeves","JustLucky+1","Consecrate","SashWhip","WindmillStrike","CutThroughFate","Weave","Evaluate","InnerPeace","SpiritShield","CrushJoints","Tantrum","SandsOfTime","Evaluate"],"relics":["PureWater","Kunai","Frozen Egg 2","Bronze Scales","keyreminder:keyreminder","InkBottle","Black Star"],"acts_visited":["Exordium","TheCity"],"potions_floor_usage":[11,12,16,19],"damage_taken":[{"damage":6,"enemies":"2 Louse","floor":1,"turns":4},{"damage":1,"enemies":"Cultist","floor":2,"turns":4},{"damage":0,"enemies":"Small Slimes","floor":4,"turns":3},{"damage":11,"enemies":"Blue Slaver","floor":7,"turns":3},{"damage":10,"enemies":"Exordium Thugs","floor":11,"turns":4},{"damage":24,"enemies":"Lagavulin","floor":12,"turns":9},{"damage":25,"enemies":"3 Sentries","floor":14,"turns":6},{"damage":9,"enemies":"Slime Boss","floor":16,"turns":5},{"damage":12,"enemies":"Shell Parasite","floor":18,"turns":7},{"damage":40,"enemies":"2 Thieves","floor":19,"turns":4},{"damage":26,"enemies":"Centurion and Healer","floor":21,"turns":2}],"seed_played":"-9080194061177836454","potions_obtained":[{"floor":4,"key":"Energy Potion"},{"floor":5,"key":"Swift Potion"},{"floor":5,"key":"Ambrosia"},{"floor":11,"key":"GamblersBrew"},{"floor":12,"key":"Ancient Potion"},{"floor":18,"key":"StancePotion"}],"is_trial":false,"path_per_floor":["M","M","$","M","?","R","M","?","T","?","M","E","R","E","R","B",null,"M","M","$","M"],"character_chosen":"WATCHER","items_purchased":["Consecrate","SashWhip","SandsOfTime","Evaluate"],"campfire_rested":2,"item_purchase_floors":[3,3,20,20],"current_hp_per_floor":[66,65,65,65,65,65,54,40,40,40,30,6,27,2,23,14,72,60,20,20,0,0],"gold":82,"neow_bonus":"ONE_RANDOM_RARE_CARD","is_daily":false,"chose_seed":false,"campfire_upgraded":1,"win_rate":0.0,"timestamp":1609695911,"path_taken":["M","M","$","M","?","R","?","?","T","?","M","E","R","E","R","BOSS","M","M","$","M"],"items_purchased_type":["Card","Card","Card","Card"],"build_version":"2020-12-22","purchased_purges":1,"victory":false,"max_hp_per_floor":[72,72,72,72,72,72,72,72,72,72,72,72,72,72,72,72,72,72,72,72,72,72],"card_choices":[{"not_picked":["Nirvana","ClearTheMind"],"picked":"FlyingSleeves","floor":1},{"not_picked":["PathToVictory","Crescendo"],"picked":"JustLucky","floor":2},{"not_picked":["FlyingSleeves","Protect"],"picked":"WindmillStrike","floor":4},{"not_picked":["Swivel","Halt"],"picked":"CutThroughFate","floor":7},{"not_picked":["ThirdEye","EmptyBody"],"picked":"Weave","floor":11},{"not_picked":["Crescendo","Prostrate"],"picked":"Evaluate","floor":12},{"not_picked":["Consecrate","Establishment+1"],"picked":"InnerPeace","floor":14},{"not_picked":["DevaForm+1","Alpha"],"picked":"SpiritShield","floor":16},{"not_picked":["EmptyFist","EmptyBody+1"],"picked":"CrushJoints","floor":18},{"not_picked":["Adaptation+1","SashWhip"],"picked":"Tantrum","floor":19}],"player_experience":629603,"relics_obtained":[{"floor":9,"key":"Kunai"},{"floor":12,"key":"Bronze Scales"},{"floor":14,"key":"InkBottle"}],"event_choices":[{"damage_healed":0,"gold_gain":0,"player_choice":"Bought 2 Potions","damage_taken":0,"max_hp_gain":0,"max_hp_loss":0,"event_name":"The Woman in Blue","floor":5,"gold_loss":0},{"damage_healed":0,"gold_gain":0,"player_choice":"Entered Light","damage_taken":14,"max_hp_gain":0,"max_hp_loss":0,"event_name":"Shining Light","floor":8,"gold_loss":0,"cards_upgraded":["JustLucky","Strike_P"]},{"damage_healed":0,"gold_gain":0,"player_choice":"Gave Potion","damage_taken":0,"relics_obtained":["Frozen Egg 2"],"max_hp_gain":0,"max_hp_loss":0,"event_name":"WeMeetAgain","floor":10,"gold_loss":0}],"is_beta":false,"boss_relics":[{"not_picked":["SacredBark","Pandora\u0027s Box"],"picked":"Black Star"}],"items_purged_floors":[20],"is_endless":false,"potions_floor_spawned":[4,11,12,18],"killed_by":"Centurion and Healer","ascension_level":3}}