{"host":"0azimyi6n3ugndj4","time":1609697438,"event":{"mods":["2.2 Compatiblity","BaseMod","Bestiary","Conspire","Curses Come First","Defuse TimeMaze Blight","Downfall","Hermit","Hyrulean Relics","Infinite Spire","Minty Spire (QoL Compilation)","Relic Filter","Relic Stats","Replay The Spire","StSLib","SuperFastMode","The Cursed","Uncapped","¡¼?Úª?ø«¡½REMEMod"],"gold_per_floor":[129,129,129,129,228,330,330,372,372,372,372,372,16,65,65,319,319,378,117,106,106,106,106,106,106,179,8,115,115,115],"floor_reached":29,"playtime":853,"items_purged":["octo:OctoDefense","octo:OctoDefense"],"score":735,"play_id":"59b88cba-f13c-417b-8991-fe2ca44922b7","local_time":"20210104031038","daily_mods":["SealedDeck","Hoarder","Insanity","Chimera","Specialized","Vintage","ControlledChaos","Allstar","Diverse","Heirloom","Time Dilation","Flight","downfall:Jewelcrafting","downfall:Improvised","downfall:Lament","Elite Swarm","Lethality","Midas","downfall:WorldOfGoo","downfall:Enraging","Binary"],"is_ascension_mode":true,"campfire_choices":[{"floor":7,"key":"REST"},{"floor":23,"key":"REST"}],"circlet_count":0,"master_deck":["Demon Form","Wraith Form v2","Echo Form","DevaForm","Guardian:ConstructionForm","hexamod:ParanormalForm","Slimebound:DuplicatedForm+1","sneckomod:SerpentMind","AscendersBane","Bash","Survivor","Zap","Strike_R","Strike_G","Strike_B","Defend_R","Defend_G","Defend_P","Replay:ManipulateFuture","hexamod:GhostLash","Slimebound:SplitAcid","TheCursedMod:Stigma","REME_Repentance","champ:Control","TheCursedMod:Obscuration","Ball Lightning","EmptyFist","Guardian:PrimingBeam","Wild Strike","TheCursedMod:SaltUponWound","Armaments","hermit:Determination","Tactician","Guardian:Reroute","Hidden Blade","Dagger Throw","FIFO Queue","TheCursedMod:BlessingInDisguise","sneckomod:DiceBlock","hermit:Coalescence","hermit:Snipe","hexamod:SoulSteal","Leap","Ball Lightning","TheCursedMod:SpitefulStrike","sneckomod:Unknown1Cost","TheCursedMod:ReleasedStrength","Slimebound:Repurpose","hermit:Dive","Guardian:SentryBeam","champ:CalledShot","hexamod:BurningTouch","sneckomod:UnknownClassBLUE","Replay:AtTheReady","Guardian:RollAttack","Slimebound:SpikyOuterGoop","Reprogram","ReplayTheSpireMod:GoodbyeWorld","Bloodletting","Slimebound:LeechEnergy","ReplayTheSpireMod:Corrosion Curse","champ:RisingSlash","Capacitor","Guardian:DecasProtection","hermit:Spite","Slimebound:SlimeBarrage","Dagger Throw","Guardian:ExploitGems","Guardian:ExploitGems+1","sneckomod:UnknownCommonAttack","sneckomod:UnknownCommonAttack","sneckomod:UnknownCommonAttack","sneckomod:UnknownCommonSkill","sneckomod:UnknownCommonSkill","sneckomod:UnknownCommonSkill","sneckomod:UnknownUncommonAttack","sneckomod:UnknownUncommonSkill","sneckomod:UnknownUncommonPower","sneckomod:Unknown","Slimebound:ItLooksTasty","Slimebound:ItLooksTasty","Slimebound:ItLooksTasty","Slimebound:ItLooksTasty","Slimebound:ItLooksTasty","Slimebound:ItLooksTasty","Slimebound:ItLooksTasty","Slimebound:ItLooksTasty","Slimebound:ItLooksTasty","Slimebound:ItLooksTasty","Slimebound:ItLooksTasty","Slimebound:ItLooksTasty","Slimebound:ItLooksTasty","Slimebound:ItLooksTasty","Slimebound:ItLooksTasty","Compile Driver","Compile Driver","Compile Driver","Slimebound:SplitLeeching","Slimebound:SplitLeeching","Slimebound:SplitLeeching","Consume","Consume","Consume","Replay:Undeath\u0027s Touch","Replay:Undeath\u0027s Touch","Replay:Undeath\u0027s Touch","Bloodletting","Bloodletting","Bloodletting","conspire:Charge","conspire:Charge","conspire:Charge","Consume","Consume","Consume","champ:EnGarde","champ:EnGarde","champ:EnGarde","Terror","Terror","Terror","Bane","Bane","Bane","Guardian:FierceBash","Guardian:FierceBash","Guardian:FierceBash","Slimebound:Prepare","Slimebound:Prepare","Slimebound:Prepare","infinitespire:Starlight","infinitespire:Starlight","infinitespire:Starlight","Guardian:Gem_Purple","Guardian:Gem_Fragmented","Guardian:Gem_Fragmented","Guardian:Gem_Fragmented","Guardian:Gem_Green","Guardian:Gem_Green","Guardian:Gem_Green","Hallucinations","Hallucinations","Hallucinations"],"relics":["Replay:M_StaffOfTheSnake","Frozen Eye","Busted Crown","REME_ComplimentaryCards","Guardian:PickAxe","NeowsBlessing","Durian","Lantern","infinitespire:Cubic Diamond","Divine Protection","zeldaRelics:CourageTriforce","Ornamental Fan","Golden Idol","Replay:Baseball","Garlic","hexamod:BolsterEngine","conspire:RoyalGoblet","Pen Nib","Anchor","Iron Hammer","Nilry\u0027s Codex","infinitespire:FocusingShard","Guide Book","zeldaRelics:WisdomPiece"],"acts_visited":["Exordium","TheCity"],"potions_floor_usage":[16,25,29,29],"damage_taken":[{"damage":0,"enemies":"2 Louse","floor":1,"turns":1},{"damage":0,"enemies":"conspire:MimicChest","floor":5,"turns":1},{"damage":0,"enemies":"Lagavulin","floor":6,"turns":1},{"damage":0,"enemies":"Jaw Worm","floor":8,"turns":3},{"damage":0,"enemies":"Small Slimes","floor":14,"turns":5},{"damage":65,"enemies":"Hexaghost","floor":16,"turns":10},{"damage":29,"enemies":"Shell Parasite","floor":18,"turns":3},{"damage":35,"enemies":"2 Thieves","floor":20,"turns":5},{"damage":11,"enemies":"Gremlin Leader","floor":25,"turns":4},{"damage":0,"enemies":"Book of Stabbing","floor":28,"turns":4},{"damage":43,"enemies":"Snecko","floor":29,"turns":6}],"seed_played":"-7467463719190624541","potions_obtained":[{"floor":8,"key":"hexamod:EctoCoolerPotion"},{"floor":14,"key":"Dexterity Potion"},{"floor":16,"key":"SmokeBomb"},{"floor":20,"key":"Explosive Potion"},{"floor":28,"key":"SteroidPotion"}],"is_trial":true,"path_per_floor":["M","?","?","?","?","E","R","M","T","R","?","?","$","M","R","B",null,"M","$","M","$","?","R","?","E","T","$","E","M"],"character_chosen":"THE_SILENT","items_purchased":["Garlic","Anchor","Guide Book"],"campfire_rested":2,"item_purchase_floors":[13,19,27],"current_hp_per_floor":[64,64,64,47,47,47,68,68,68,68,44,44,44,64,64,36,62,48,48,28,28,7,28,28,36,36,36,36,0,0],"gold":115,"neow_bonus":"","is_daily":false,"chose_seed":false,"campfire_upgraded":0,"win_rate":0.0,"timestamp":1609697438,"path_taken":["M","?","?","?","?","E","R","?","T","R","?","?","?","M","R","BOSS","M","?","?","$","?","R","?","E","T","?","E","?"],"items_purchased_type":["Relic","Relic","Relic"],"build_version":"2020-12-22","purchased_purges":2,"victory":false,"max_hp_per_floor":[71,71,71,71,71,71,71,71,71,71,71,71,71,71,71,71,71,71,71,71,71,71,71,71,71,71,71,71,71,71],"relic_stats":{"Busted Crown":14,"counters":[11,43],"Ornamental Fan":[40],"Golden Idol":47,"Pen Nib":[2],"obtain_stats":[{"Divine Protection":5,"Lantern":1,"conspire:RoyalGoblet":17,"Nilry\u0027s Codex":22,"infinitespire:Cubic Diamond":2,"Guardian:PickAxe":0,"Frozen Eye":0,"Iron Hammer":20,"zeldaRelics:CouragePiece":6,"Ring of the Snake":0,"zeldaRelics:WisdomPiece":28,"Replay:M_StaffOfTheSnake":2,"NeowsBlessing":0,"Golden Idol":11,"Guide Book":27,"Pen Nib":18,"infinitespire:FocusingShard":24,"zeldaRelics:CourageTriforce":26,"Replay:Baseball":12,"Anchor":19,"Busted Crown":0,"Ornamental Fan":8,"Durian":0,"Garlic":13,"hexamod:BolsterEngine":14,"REME_ComplimentaryCards":0},{"Divine Protection":2,"Lantern":1,"conspire:RoyalGoblet":6,"Nilry\u0027s Codex":8,"infinitespire:Cubic Diamond":1,"Guardian:PickAxe":0,"Frozen Eye":0,"Iron Hammer":8,"zeldaRelics:CouragePiece":3,"Ring of the Snake":0,"zeldaRelics:WisdomPiece":10,"Replay:M_StaffOfTheSnake":1,"NeowsBlessing":0,"Golden Idol":4,"Guide Book":9,"Pen Nib":7,"infinitespire:FocusingShard":8,"zeldaRelics:CourageTriforce":9,"Replay:Baseball":4,"Anchor":7,"Busted Crown":0,"Ornamental Fan":4,"Durian":0,"Garlic":4,"hexamod:BolsterEngine":5,"REME_ComplimentaryCards":0},{"Divine Protection":2,"Lantern":1,"conspire:RoyalGoblet":21,"Nilry\u0027s Codex":29,"infinitespire:Cubic Diamond":1,"Guardian:PickAxe":0,"Frozen Eye":0,"Iron Hammer":29,"zeldaRelics:CouragePiece":3,"Ring of the Snake":0,"zeldaRelics:WisdomPiece":37,"Replay:M_StaffOfTheSnake":1,"NeowsBlessing":0,"Golden Idol":6,"Guide Book":33,"Pen Nib":24,"infinitespire:FocusingShard":29,"zeldaRelics:CourageTriforce":33,"Replay:Baseball":6,"Anchor":24,"Busted Crown":0,"Ornamental Fan":6,"Durian":0,"Garlic":6,"hexamod:BolsterEngine":11,"REME_ComplimentaryCards":0}]},"card_choices":[{"not_picked":["infinitespire:Collect","infinitespire:Fortify"],"picked":"infinitespire:Starlight","floor":4}],"player_experience":1520128,"relics_obtained":[{"floor":1,"key":"Lantern"},{"floor":5,"key":"Divine Protection"},{"floor":6,"key":"zeldaRelics:CouragePiece"},{"floor":8,"key":"Ornamental Fan"},{"floor":9,"key":"zeldaRelics:CouragePiece"},{"floor":12,"key":"Replay:Baseball"},{"floor":14,"key":"hexamod:BolsterEngine"},{"floor":18,"key":"Pen Nib"},{"floor":20,"key":"Iron Hammer"},{"floor":22,"key":"Nilry\u0027s Codex"},{"floor":26,"key":"zeldaRelics:CouragePiece"},{"floor":28,"key":"zeldaRelics:WisdomPiece"}],"event_choices":[{"damage_healed":0,"gold_gain":0,"cards_transformed":["Eruption"],"player_choice":"Change","damage_taken":0,"max_hp_gain":0,"max_hp_loss":0,"event_name":"Living Wall","floor":3,"gold_loss":0,"cards_obtained":["Slimebound:Prepare"]},{"damage_healed":0,"gold_gain":0,"player_choice":"Take Damage","damage_taken":24,"relics_obtained":["Golden Idol"],"max_hp_gain":0,"max_hp_loss":0,"event_name":"Golden Idol","floor":11,"gold_loss":0},{"damage_healed":0,"gold_gain":0,"player_choice":"Obtained Book","damage_taken":21,"max_hp_gain":0,"max_hp_loss":0,"event_name":"Cursed Tome","floor":22,"gold_loss":0}],"is_beta":false,"boss_relics":[{"not_picked":["Sozu","Replay:Wanted Poster"],"picked":"conspire:RoyalGoblet"}],"items_purged_floors":[13,19],"is_endless":false,"potions_floor_spawned":[8,14,16,20,28],"killed_by":"Snecko","ascension_level":20}}