{"host":"yoibuf8dtscl5joe","time":1609691122,"event":{"mods":["BaseMod","Better Third Choice","Downfall","Marisa????????","Minty Spire (QoL Compilation)","Replay The Spire","StSLib","The Construct","The Cursed","The Servant 0.9.4"],"gold_per_floor":[112,131,146,86,98,133,133,148,148,160,175,175,175,188,188,291,291,307,326,341,35,35,35,35,35,111,121,121,121],"floor_reached":28,"playtime":2464,"items_purged":["Regret","Strike_R"],"score":224,"play_id":"14076aa7-7e2a-4d16-926f-6ec8c28908ec","local_time":"20210103182522","is_ascension_mode":false,"campfire_choices":[{"data":"Bash","floor":12,"key":"SMITH"},{"data":"Armaments","floor":15,"key":"SMITH"},{"floor":23,"key":"REST"},{"data":"Iron Wave","floor":25,"key":"SMITH"}],"circlet_count":0,"master_deck":["Strike_R","Strike_R","Strike_R","Defend_R","Defend_R","Defend_R","Defend_R","Bash+1","Pommel Strike","Searing Blow","Armaments+1","Iron Wave+1","Dropkick","Inflame+1","Brutality+1","Life Link+1","Rupture+1","Metallicize+1","ReplayTheSpireMod:Stacked","Shrug It Off"],"relics":["Burning Blood","The Courier","Potion Belt","Frozen Egg 2","FossilizedHelix","Black Star","Bag of Preparation","Sundial"],"acts_visited":["Exordium","TheCity"],"potions_floor_usage":[6,20,20,27,27,28],"damage_taken":[{"damage":4,"enemies":"Cultist","floor":1,"turns":3},{"damage":20,"enemies":"Jaw Worm","floor":2,"turns":4},{"damage":4,"enemies":"2 Louse","floor":3,"turns":3},{"damage":11,"enemies":"Blue Slaver","floor":5,"turns":4},{"damage":3,"enemies":"Gremlin Nob","floor":6,"turns":3},{"damage":5,"enemies":"Large Slime","floor":8,"turns":8},{"damage":3,"enemies":"2 Fungi Beasts","floor":10,"turns":3},{"damage":12,"enemies":"Exordium Thugs","floor":11,"turns":6},{"damage":0,"enemies":"Red Slaver","floor":14,"turns":2},{"damage":67,"enemies":"Fading Forest","floor":16,"turns":11},{"damage":26,"enemies":"Spheric Guardian","floor":18,"turns":7},{"damage":28,"enemies":"Shell Parasite","floor":19,"turns":7},{"damage":6,"enemies":"Snecko","floor":20,"turns":3},{"damage":37,"enemies":"Cultist and Chosen","floor":27,"turns":9},{"damage":40,"enemies":"Replay:Snechameleon","floor":28,"turns":3}],"seed_played":"7623069469511757946","potions_obtained":[{"floor":1,"key":"DistilledChaos"},{"floor":8,"key":"PowerPotion"},{"floor":11,"key":"SkillPotion"},{"floor":14,"key":"champ:CounterPotion"},{"floor":16,"key":"Fire Potion"},{"floor":20,"key":"BloodPotion"},{"floor":27,"key":"Energy Potion"}],"is_trial":false,"path_per_floor":["M","M","M","$","M","E","?","M","T","M","M","R","?","M","R","B",null,"M","M","M","$","?","R","?","R","T","M","E"],"character_chosen":"IRONCLAD","items_purchased":["Bag of Preparation","ReplayTheSpireMod:Stacked","Shrug It Off"],"campfire_rested":1,"item_purchase_floors":[21,21,21],"current_hp_per_floor":[80,66,68,68,63,66,66,67,67,70,64,64,64,70,70,19,80,60,38,38,38,38,62,47,47,47,33,0,0],"gold":121,"neow_bonus":"RANDOM_EVENT","is_daily":false,"chose_seed":false,"campfire_upgraded":3,"win_rate":0.0,"timestamp":1609691122,"path_taken":["M","M","?","$","M","E","?","M","T","M","M","R","?","?","R","BOSS","M","?","M","$","?","R","?","R","T","M","E"],"items_purchased_type":["Relic","Card","Card"],"build_version":"2020-12-22","purchased_purges":2,"victory":false,"max_hp_per_floor":[80,80,80,80,80,80,80,80,80,80,80,80,80,80,80,80,80,80,80,80,80,80,80,85,85,85,85,85,85],"card_choices":[{"not_picked":["Entrench","Heavy Blade","Battle Trance"],"picked":"SKIP","floor":1},{"not_picked":["ReplayTheSpireMod:Strike From Hell","Replay:Undeath\u0027s Touch"],"picked":"Pommel Strike","floor":2},{"not_picked":["Flex","Anger","True Grit"],"picked":"SKIP","floor":3},{"not_picked":["Iron Wave","Clash"],"picked":"Searing Blow","floor":5},{"not_picked":["Replay:Many Hands","Twin Strike"],"picked":"Armaments","floor":6},{"not_picked":["ReplayTheSpireMod:Strike From Hell","Warcry","Evolve"],"picked":"SKIP","floor":8},{"not_picked":["Anger","Sever Soul"],"picked":"Iron Wave","floor":10},{"not_picked":["Wild Strike","Clothesline"],"picked":"Dropkick","floor":11},{"not_picked":["Body Slam","Headbutt"],"picked":"Inflame+1","floor":14},{"not_picked":["Demonic Infusion","Immolate"],"picked":"Brutality+1","floor":16},{"not_picked":["Uppercut+1","Armaments"],"picked":"Life Link+1","floor":18},{"not_picked":["Twin Strike","Cleave"],"picked":"Rupture+1","floor":19},{"not_picked":["Flex","Run Through"],"picked":"Metallicize+1","floor":20},{"not_picked":["ReplayTheSpireMod:Corrosion Curse+1","Shrug It Off","Warcry"],"picked":"SKIP","floor":27}],"player_experience":389394,"relics_obtained":[{"floor":6,"key":"Potion Belt"},{"floor":9,"key":"Frozen Egg 2"},{"floor":26,"key":"Sundial"}],"event_choices":[{"damage_healed":0,"gold_gain":0,"player_choice":"Box","damage_taken":0,"relics_obtained":["The Courier"],"max_hp_gain":0,"max_hp_loss":0,"event_name":"Big Fish","floor":0,"gold_loss":0,"cards_obtained":["Regret"]},{"damage_healed":0,"gold_gain":0,"player_choice":"Gave Potion","damage_taken":0,"relics_obtained":["FossilizedHelix"],"max_hp_gain":0,"max_hp_loss":0,"event_name":"WeMeetAgain","floor":13,"gold_loss":0},{"damage_healed":0,"gold_gain":0,"player_choice":"Ignored","damage_taken":0,"max_hp_gain":0,"max_hp_loss":0,"event_name":"Ghosts","floor":22,"gold_loss":0},{"damage_healed":0,"gold_gain":0,"player_choice":"Shed Blood","damage_taken":20,"max_hp_gain":5,"max_hp_loss":0,"event_name":"Forgotten Altar","floor":24,"gold_loss":0}],"is_beta":false,"boss_relics":[{"not_picked":["Replay:Wanted Poster","Pandora\u0027s Box"],"picked":"Black Star"}],"items_purged_floors":[4,21],"is_endless":false,"potions_floor_spawned":[1,8,11,14,16,20,27],"killed_by":"Replay:Snechameleon","ascension_level":0}}