{"host":"x3lqeik2a5qeoft8","time":1609712660,"event":{"mods":["AchievementEnabler","BaseMod","Minty Spire (QoL Compilation)","SuperFastMode"],"gold_per_floor":[116,130,141,156,176,207,222,191,240,240,240,96,114,130,130,228,228,228,3,3,3,3,3,3,3,3,3,3,3,3,3,3,3,3,3,3,3,3,3,3,3,3],"floor_reached":41,"playtime":2723,"items_purged":[],"score":465,"play_id":"e9b0e4bd-afc2-4305-a54c-6292b55e75f6","local_time":"20210103232420","is_ascension_mode":true,"campfire_choices":[{"floor":10.0,"key":"REST"},{"floor":15.0,"key":"REST"},{"floor":24,"key":"RECALL"},{"floor":27,"key":"REST"},{"data":"Vault","floor":29,"key":"SMITH"},{"floor":32,"key":"REST"},{"floor":40,"key":"REST"}],"circlet_count":0,"master_deck":["Strike_P","Defend_P","Defend_P","Defend_P","Defend_P","Eruption","Vigilance","Scrawl+1","BowlingBash+1","WindmillStrike","Halt","FollowUp","Pray","SandsOfTime","DevaForm","DeceiveReality","Wireheading","Vault+1","Indignation+1","Pray","CarveReality","FlurryOfBlows+1","Consecrate","DeusExMachina","FollowUp","WindmillStrike","FlurryOfBlows","ClearTheMind","Devotion+1","Prostrate+1","EmptyFist+1","Wish"],"relics":["Astrolabe","Pocketwatch","Art of War","Ectoplasm","ClockworkSouvenir","InkBottle","Kunai","Snecko Eye"],"acts_visited":["Exordium","TheCity","TheBeyond"],"potions_floor_usage":[23,25,33,35,39],"damage_taken":[{"damage":0.0,"enemies":"Cultist","floor":1.0,"turns":2.0},{"damage":0.0,"enemies":"Small Slimes","floor":2.0,"turns":3.0},{"damage":3.0,"enemies":"Jaw Worm","floor":3.0,"turns":4.0},{"damage":15.0,"enemies":"Lots of Slimes","floor":4.0,"turns":4.0},{"damage":19.0,"enemies":"3 Louse","floor":5.0,"turns":3.0},{"damage":15.0,"enemies":"3 Sentries","floor":6.0,"turns":6.0},{"damage":8.0,"enemies":"Looter","floor":7.0,"turns":3.0},{"damage":0.0,"enemies":"Blue Slaver","floor":13.0,"turns":2.0},{"damage":30.0,"enemies":"Lots of Slimes","floor":14.0,"turns":6.0},{"damage":21.0,"enemies":"The Guardian","floor":16.0,"turns":6.0},{"damage":0,"enemies":"Shell Parasite","floor":18,"turns":4},{"damage":0,"enemies":"Chosen","floor":20,"turns":4},{"damage":18,"enemies":"Centurion and Healer","floor":21,"turns":4},{"damage":0,"enemies":"Snecko","floor":22,"turns":4},{"damage":10,"enemies":"Book of Stabbing","floor":23,"turns":4},{"damage":15,"enemies":"Snake Plant","floor":25,"turns":4},{"damage":7,"enemies":"Chosen and Byrds","floor":28,"turns":3},{"damage":13,"enemies":"Snecko","floor":31,"turns":4},{"damage":26,"enemies":"Champ","floor":33,"turns":9},{"damage":25,"enemies":"3 Darklings","floor":35,"turns":4},{"damage":0,"enemies":"3 Shapes","floor":36,"turns":1},{"damage":27,"enemies":"Jaw Worm Horde","floor":37,"turns":6},{"damage":0,"enemies":"Spire Growth","floor":39,"turns":3},{"damage":58,"enemies":"Nemesis","floor":41,"turns":2}],"seed_played":"6569558987876951081","potions_obtained":[{"floor":2.0,"key":"SpeedPotion"},{"floor":3.0,"key":"Strength Potion"},{"floor":5.0,"key":"CultistPotion"},{"floor":6.0,"key":"SkillPotion"},{"floor":14.0,"key":"Ambrosia"},{"floor":18,"key":"EssenceOfSteel"},{"floor":20,"key":"BlessingOfTheForge"},{"floor":22,"key":"Ancient Potion"},{"floor":33,"key":"Weak Potion"},{"floor":35,"key":"DuplicationPotion"},{"floor":39,"key":"StancePotion"}],"is_trial":false,"path_per_floor":["M","M","M","M","M","E","M","?","T","R","?","$","M","M","R","B",null,"M","$","M","M","M","E","R","M","T","R","M","R","?","M","R","B",null,"M","M","M","?","M","R","E"],"character_chosen":"WATCHER","items_purchased":["Art of War","ClockworkSouvenir","Pray"],"campfire_rested":5,"item_purchase_floors":[12,19,19],"current_hp_per_floor":[72,72,69,54,35,20,12,12,12,33,33,33,33,3,24,3,72,72,72,72,54,54,44,44,29,29,50,43,43,43,30,51,25,72,47,47,20,20,20,41,0,0],"gold":3,"neow_bonus":"BOSS_RELIC","is_daily":false,"chose_seed":false,"campfire_upgraded":1,"win_rate":0.0,"timestamp":1609712660,"path_taken":["M","M","?","M","M","E","M","?","T","R","?","$","M","M","R","BOSS","M","$","M","M","M","E","R","?","T","R","M","R","?","M","R","BOSS","M","M","M","?","M","R","E"],"items_purchased_type":["Relic","Relic","Card"],"build_version":"2020-12-22","purchased_purges":0,"victory":false,"max_hp_per_floor":[72,72,72,72,72,72,72,72,72,72,72,72,72,72,72,72,72,72,72,72,72,72,72,72,72,72,72,72,72,72,72,72,72,72,72,72,72,72,72,72,72,72],"card_choices":[{"not_picked":["Consecrate","SashWhip"],"picked":"WindmillStrike","floor":1.0},{"not_picked":["InnerPeace","Protect"],"picked":"Halt","floor":2.0},{"not_picked":["Evaluate","Halt"],"picked":"FollowUp","floor":3.0},{"not_picked":["TalkToTheHand","ClearTheMind"],"picked":"Pray","floor":4.0},{"not_picked":["SashWhip","FlyingSleeves"],"picked":"SandsOfTime","floor":5.0},{"not_picked":["Crescendo","SandsOfTime"],"picked":"DevaForm","floor":6.0},{"not_picked":["ForeignInfluence","Meditate","WaveOfTheHand"],"picked":"SKIP","floor":7.0},{"not_picked":["CarveReality","Meditate"],"picked":"DeceiveReality","floor":13.0},{"not_picked":["Evaluate","PathToVictory"],"picked":"Wireheading","floor":14.0},{"not_picked":["Judgement","DeusExMachina"],"picked":"Vault","floor":16.0},{"not_picked":["Protect","ThirdEye"],"picked":"Indignation+1","floor":18},{"not_picked":["DeceiveReality+1","Worship"],"picked":"CarveReality","floor":20},{"not_picked":["SashWhip","ClearTheMind"],"picked":"FlurryOfBlows+1","floor":21},{"not_picked":["Prostrate","ForeignInfluence"],"picked":"Consecrate","floor":22},{"not_picked":["EmptyFist+1","Tantrum+1"],"picked":"DeusExMachina","floor":23},{"not_picked":["BowlingBash+1","EmptyFist+1"],"picked":"FollowUp","floor":25},{"not_picked":["SignatureMove","FlyingSleeves"],"picked":"WindmillStrike","floor":28},{"not_picked":["WheelKick","LikeWater"],"picked":"ClearTheMind","floor":31},{"not_picked":["SpiritShield","MasterReality"],"picked":"Devotion","floor":33},{"not_picked":["Protect","FlurryOfBlows"],"picked":"Prostrate+1","floor":35},{"not_picked":["Prostrate","WindmillStrike"],"picked":"EmptyFist+1","floor":36},{"not_picked":["BowlingBash","EmptyFist","PathToVictory"],"picked":"SKIP","floor":37},{"not_picked":["Weave","FlurryOfBlows"],"picked":"Wish","floor":39}],"player_experience":101520,"relics_obtained":[{"floor":6.0,"key":"Pocketwatch"},{"floor":23,"key":"InkBottle"},{"floor":26,"key":"Kunai"}],"event_choices":[{"damage_healed":0.0,"max_hp_gain":0.0,"max_hp_loss":0.0,"gold_gain":0.0,"event_name":"World of Goop","player_choice":"Left Gold","floor":8.0,"gold_loss":31.0,"damage_taken":0.0},{"cards_removed":["Fasting2"],"damage_healed":0.0,"max_hp_gain":0.0,"max_hp_loss":0.0,"gold_gain":0.0,"event_name":"Purifier","player_choice":"Purged","floor":11.0,"gold_loss":0.0,"damage_taken":0.0},{"damage_healed":0,"gold_gain":0,"player_choice":"Read","damage_taken":0,"max_hp_gain":0,"max_hp_loss":0,"event_name":"The Library","floor":30,"gold_loss":0,"cards_obtained":["FlurryOfBlows"]},{"damage_healed":0,"gold_gain":0,"player_choice":"Upgraded","damage_taken":0,"max_hp_gain":0,"max_hp_loss":0,"event_name":"Upgrade Shrine","floor":38,"gold_loss":0,"cards_upgraded":["Devotion"]}],"is_beta":false,"boss_relics":[{"not_picked":["SlaversCollar","Cursed Key"],"picked":"Ectoplasm"},{"not_picked":["Pandora\u0027s Box","VioletLotus"],"picked":"Snecko Eye"}],"items_purged_floors":[],"is_endless":false,"potions_floor_spawned":[2,3,5,6,14,18,20,22,33,35,39],"killed_by":"Nemesis","ascension_level":2}}