{"host":"q5gyi9x7ayauaq2y","time":1609712715,"event":{"mods":["AchievementEnabler","BaseMod","BetterRewards","Colored Map","Colored Powertips","Downfall","GifTheSpireLib","Hero for Fun","Minty Spire (QoL Compilation)","Permanent Neow","Replay The Spire","StSLib","The Bug Knight","The Construct","The Cursed","The Hierophant"],"gold_per_floor":[99,119,119,138,155,171,196,211,241,257,275,311,311,326,340,340,340,340],"floor_reached":16,"playtime":1014,"items_purged":[],"score":118,"play_id":"6752df9d-84a6-44a3-84fb-2d25e6df6fc7","local_time":"20210103222515","is_ascension_mode":false,"campfire_choices":[{"data":"hexamod:Defend","floor":1,"key":"PURGE"}],"circlet_count":0,"master_deck":["hexamod:Strike","hexamod:Strike","hexamod:Strike","hexamod:Strike","hexamod:Defend","hexamod:Defend","hexamod:Defend","hexamod:Sear","hexamod:Float","hexamod:FirstSeal","hexamod:PhantomFireball","hexamod:Firestarter","hexamod:BurningTouch","hexamod:Firestarter","hexamod:HeatCrush","hexamod:RainOfEmbers","hexamod:SecondSeal","hexamod:ThirdSeal","hexamod:SoulSteal","hexamod:PhantomCloak","hexamod:Firestarter"],"relics":["hexamod:SpiritBrand","Bronze Scales","Torii","downfall:BrokenWingStatue"],"acts_visited":["Exordium"],"potions_floor_usage":[8,9,12,16],"damage_taken":[{"damage":0,"enemies":"Cultist","floor":2,"turns":3},{"damage":2,"enemies":"Small Slimes","floor":4,"turns":3},{"damage":0,"enemies":"2 Louse","floor":5,"turns":2},{"damage":9,"enemies":"3 Louse","floor":6,"turns":4},{"damage":2,"enemies":"Blue Slaver","floor":8,"turns":3},{"damage":16,"enemies":"Gremlin Nob","floor":9,"turns":4},{"damage":17,"enemies":"Lots of Slimes","floor":10,"turns":4},{"damage":18,"enemies":"3 Louse","floor":11,"turns":3},{"damage":15,"enemies":"HollowMod:MossKnight","floor":12,"turns":6},{"damage":11,"enemies":"Exordium Thugs","floor":14,"turns":4},{"damage":16,"enemies":"Large Slime","floor":15,"turns":3},{"damage":9,"enemies":"downfall:Defect","floor":16,"turns":4}],"seed_played":"7743025977671353690","potions_obtained":[{"floor":4,"key":"Swift Potion"},{"floor":5,"key":"hexamod:InfernoChargePotion"},{"floor":6,"key":"sneckomod:MuddlingPotion"},{"floor":11,"key":"LiquidMemories"},{"floor":12,"key":"LiquidBronze"}],"is_trial":false,"path_per_floor":["R_BF","M","?","M","M","M","T","M","E","M","M","E","?","M","M","B"],"character_chosen":"THE_SPIRIT","items_purchased":[],"campfire_rested":0,"item_purchase_floors":[],"current_hp_per_floor":[70,70,70,70,70,68,68,70,61,51,33,25,25,21,5,0,0,0],"gold":340,"neow_bonus":"THREE_CARDS","is_daily":false,"chose_seed":false,"campfire_upgraded":0,"win_rate":0.0,"timestamp":1609712715,"path_taken":["R_BF","M","?","M","M","?","T","M","E","M","M","E","?","M","M","BOSS"],"items_purchased_type":[],"build_version":"2020-12-22","purchased_purges":0,"victory":false,"max_hp_per_floor":[70,70,70,70,70,70,70,70,70,70,70,70,70,70,70,70,70,70],"card_choices":[{"not_picked":["hexamod:NightmareGuise","hexamod:ExtraCrispy"],"picked":"hexamod:FirstSeal","floor":0},{"not_picked":["hexamod:NightmareStrike","hexamod:NecessarySacrifice"],"picked":"hexamod:PhantomFireball","floor":2},{"not_picked":["hexamod:RainOfEmbers","hexamod:NightmareGuise"],"picked":"hexamod:Firestarter","floor":4},{"not_picked":["hexamod:EmpoweredFlame","hexamod:GhostOfSpireFuture"],"picked":"hexamod:BurningTouch","floor":5},{"not_picked":["hexamod:NightmareGuise","hexamod:HeatCrush"],"picked":"hexamod:Firestarter","floor":6},{"not_picked":["hexamod:FastForward","hexamod:SpectersWail"],"picked":"hexamod:HeatCrush","floor":8},{"not_picked":["hexamod:EmpoweredFlame","hexamod:CatchUp"],"picked":"hexamod:RainOfEmbers","floor":9},{"not_picked":["hexamod:ExtraCrispy","hexamod:NightmareStrike"],"picked":"hexamod:SecondSeal","floor":10},{"not_picked":["hexamod:RadiantFlame","hexamod:ThermalTransfer"],"picked":"hexamod:ThirdSeal","floor":11},{"not_picked":["hexamod:InspiringFlames","hexamod:FastForward","hexamod:ParanormalForm"],"picked":"SKIP","floor":12},{"not_picked":["hexamod:InspiringFlames","hexamod:SpectersWail"],"picked":"hexamod:SoulSteal","floor":14},{"not_picked":["hexamod:FlamesFromBeyond","hexamod:GhostLash"],"picked":"hexamod:PhantomCloak","floor":14},{"not_picked":["hexamod:HauntingEcho","hexamod:SpectralAdrenaline"],"picked":"hexamod:Firestarter","floor":15}],"player_experience":152941,"relics_obtained":[{"floor":9,"key":"Bronze Scales"},{"floor":12,"key":"Torii"}],"event_choices":[{"damage_healed":0,"gold_gain":0,"player_choice":"Ignored","damage_taken":0,"max_hp_gain":0,"max_hp_loss":0,"event_name":"NoteForYourself","floor":3,"gold_loss":0}],"is_beta":false,"boss_relics":[],"items_purged_floors":[],"is_endless":false,"potions_floor_spawned":[4,5,6,11,12],"killed_by":"downfall:Defect","ascension_level":0}}