{"host":"h5acbxt0wmjo1kpm","time":1609658636,"event":{"mods":["2.2 Compatiblity","Act Like it!","AlwaysNeverKeys","Aspiration","Bard","Bartender","BaseMod","Better Third Choice","Colored Map","Elementarium","Gensokyo","GifTheSpireLib","Hallownest","Marisa????????","Menagerie","Minty Spire (QoL Compilation)","Permanent Neow","Potionbrewer","Relic Filter","Replay The Spire","Robot Space Explorer","RumiaBox-????????","Shade Mod","Spicy Shops","StSLib","Strawberry Spire","The Blackbeard","The Dragon Tamer","The Forsaken","The Gatherer","The Problem Sleuth","The Servant 0.9.4","Wandering Minibosses","vexMod"],"gold_per_floor":[112,129,148,148,163,163,179,179,202,219,219,254,254,268,268,370,370,384,240,240,257,268,299,312,340,340,357,388,5,5,22,22,127,127,167,185,204,119,119,119,146,163,163,317,331,331,148,162,162,162,162,162,11,42,42],"floor_reached":56,"playtime":5724,"items_purged":["bard:Strike"],"score":1913,"play_id":"38aef634-a352-41ac-b749-e6110401c365","local_time":"20210102232356","is_ascension_mode":true,"campfire_choices":[{"data":"bard:DiscordantVoice","floor":6.0,"key":"SMITH"},{"data":"bard:FalseLife","floor":8.0,"key":"SMITH"},{"data":"bard:PrismaticSpray","floor":11.0,"key":"SMITH"},{"data":"bard:Heroism","floor":15.0,"key":"SMITH"},{"data":"bard:FingerOfDeath","floor":30.0,"key":"SMITH"},{"data":"bard:SplendidForm","floor":32.0,"key":"SMITH"},{"data":"bard:Wish","floor":40.0,"key":"SMITH"},{"floor":46.0,"key":"RECALL"},{"data":"Midas Touch","floor":49.0,"key":"SMITH"},{"data":"bard:Sift","floor":52.0,"key":"SMITH"}],"circlet_count":0,"master_deck":["bard:Riposte","bard:Inspire","bard:Flourish","bard:FalseLife+1","bard:DiscordantVoice+1","bard:FingerOfDeath+1","bard:PrismaticSpray+1","bard:Heroism+1","bard:SplendidForm+1","bard:FalseLife","bard:OffKey","bard:PhantasmalForce+1","bard:Fermata+1","bard:Thunderwave","bard:CovetousAura","bard:Sift+1","bard:ViciousMockery","bard:Invisibility","bard:Balestra","bard:Encore","bard:Silence+1","bard:Doot","bard:LingeringPerformance","bard:SixFourTime+1","bard:Sift+1","bard:HarmoniousVoice+1","bard:Shout","bard:Sift","wanderingMiniBosses:FinaleOfPromise","bard:HideousLaughter+1","Hallownest:skillKingdomsEdgeMap","bard:Fermata+1","bard:Sift+1","Midas Touch+1","bard:Sift","bard:QuickSong"],"relics":["bard:PitchPipe","bard:BagPipes","aspiration:DSix","theForsaken:Kindling","vexMod:InvisibilityCloak","Strawberry","ReplayTheSpireMod:TigerMarble","vexMod:MysteryBossChallenge","bard:DeepVero","Red Mask","strawberrySpire:TinySteamboat","bard:EchoChamber","Gambling Chip","Divine Protection","Pandora\u0027s Box","wanderingMiniBosses:Blackblade","Mango","Replay:WaspNest","strawberrySpire:StillNotAdequateHouse","Oddly Smooth Stone","aspiration:ChemicalBlood"],"acts_visited":["Exordium","Hallownest:CityofTears","Hallownest:KingdomsEdge","TheEnding"],"potions_floor_usage":[55],"damage_taken":[{"damage":1.0,"enemies":"Cultist","floor":1.0,"turns":4.0},{"damage":6.0,"enemies":"2 Louse","floor":2.0,"turns":2.0},{"damage":8.0,"enemies":"Jaw Worm","floor":3.0,"turns":10.0},{"damage":0.0,"enemies":"Exordium Thugs","floor":5.0,"turns":5.0},{"damage":5.0,"enemies":"Lots of Slimes","floor":7.0,"turns":3.0},{"damage":8.0,"enemies":"3 Louse","floor":10.0,"turns":7.0},{"damage":0.0,"enemies":"3 Sentries","floor":12.0,"turns":5.0},{"damage":5.0,"enemies":"Looter","floor":14.0,"turns":2.0},{"damage":0.0,"enemies":"The Guardian","floor":16.0,"turns":7.0},{"damage":0.0,"enemies":"Hallownest:2_Mistakes","floor":18.0,"turns":7.0},{"damage":0.0,"enemies":"Hallownest:Flukemon_and_Top","floor":21.0,"turns":6.0},{"damage":0.0,"enemies":"Hallownest:Master_and_Novice","floor":22.0,"turns":8.0},{"damage":0.0,"enemies":"Hallownest:eliteWatcherKnight","floor":23.0,"turns":16.0},{"damage":0.0,"enemies":"Hallownest:2_Husk_Sentries","floor":24.0,"turns":4.0},{"damage":0.0,"enemies":"Hallownest:Nosk","floor":25.0,"turns":8.0},{"damage":0.0,"enemies":"Hallownest:monsterShrumalOgre","floor":27.0,"turns":4.0},{"damage":0.0,"enemies":"Hallownest:eliteWatcherKnight","floor":28.0,"turns":10.0},{"damage":0.0,"enemies":"Hallownest:2_Flukemon","floor":31.0,"turns":5.0},{"damage":0.0,"enemies":"Hallownest:BossSoulMaster","floor":33.0,"turns":7.0},{"damage":30.0,"enemies":"Hallownest:2_Littles","floor":35.0,"turns":8.0},{"damage":2.0,"enemies":"Hallownest:3_Siblings","floor":36.0,"turns":5.0},{"damage":0.0,"enemies":"Hallownest:monsterPrimalAspid","floor":37.0,"turns":2.0},{"damage":0.0,"enemies":"Hallownest:eliteCollector","floor":41.0,"turns":5.0},{"damage":0.0,"enemies":"Hallownest:Xero_Hu_Marmu","floor":42.0,"turns":4.0},{"damage":5.0,"enemies":"Hallownest:2_Primals","floor":44.0,"turns":5.0},{"damage":0.0,"enemies":"Hallownest:2_Soldiers_and_1_Guardian","floor":45.0,"turns":3.0},{"damage":0.0,"enemies":"Hallownest:Slobbering_and_Violent","floor":48.0,"turns":5.0},{"damage":0.0,"enemies":"Hallownest:BossHollowKnight","floor":50.0,"turns":12.0},{"damage":6,"enemies":"Shield and Spear","floor":54,"turns":6},{"damage":20,"enemies":"The Heart","floor":55,"turns":9}],"seed_played":"7894412274962636671","potions_obtained":[{"floor":1.0,"key":"potionbrewer:StunPotion"},{"floor":3.0,"key":"PowerPotion"},{"floor":7.0,"key":"Elixir"},{"floor":14.0,"key":"Elixir"},{"floor":16.0,"key":"LiquidMemories"},{"floor":18.0,"key":"PowerPotion"},{"floor":25.0,"key":"potionbrewer:AcidPotion"},{"floor":28.0,"key":"Milkshake"},{"floor":35.0,"key":"potionbrewer:AcidPotion"},{"floor":41.0,"key":"LiquidMemories"},{"floor":42.0,"key":"bard:InspiredBrew"},{"floor":44.0,"key":"potionbrewer:InfectionPotion"},{"floor":54,"key":"potionbrewer:CleansingPotion"}],"is_trial":false,"path_per_floor":["M","M","M","T","M","R","M","R","T","M","R","E","?","M","R","B",null,"M","$","?","M","M","E","M","E","T","M","E","$","R","M","R","B",null,"M","M","M","?","?","R","E","M","T","?","M","R","$","M","R","B",null,"R","$","E","B",null],"character_chosen":"BARD","items_purchased":["bard:OffKey","Divine Protection","bard:Invisibility","Midas Touch","Oddly Smooth Stone"],"campfire_rested":0,"item_purchase_floors":[19,29,29,47,53],"current_hp_per_floor":[69,63,55,55,55,55,50,50,57,49,49,49,49,44,44,48,70,74,74,74,74,74,74,74,74,74,74,74,74,74,74,74,74,76,46,44,44,44,59,59,73,73,73,74,74,74,74,74,74,74,91,91,91,85,65],"gold":42,"neow_bonus":"DSIX","is_daily":false,"chose_seed":false,"campfire_upgraded":9,"win_rate":0.0,"timestamp":1609658636,"path_taken":["M","M","M","?","?","R","M","R","T","M","R","E","?","M","R","BOSS","M","$","?","M","M","E","M","E","T","M","E","?","R","M","R","BOSS","M","?","M","?","?","R","E","M","T","?","?","R","$","M","R","BOSS","R","$","E","BOSS"],"items_purchased_type":["Card","Relic","Card","Card","Relic"],"build_version":"2020-12-22","purchased_purges":1,"victory":true,"max_hp_per_floor":[70,70,70,70,70,70,70,70,77,77,77,77,77,77,77,77,77,77,77,77,77,77,77,77,77,77,77,77,77,77,77,77,77,77,77,77,77,77,77,77,91,91,91,97,97,97,97,97,97,97,97,97,97,97,97],"card_choices":[{"not_picked":["bard:LingeringEcho","bard:Thunderwave"],"picked":"bard:Flourish","floor":1.0},{"not_picked":["bard:Fermata","bard:TinyHut"],"picked":"bard:FalseLife","floor":2.0},{"not_picked":["bard:SongBolt","bard:BestowCurse","bard:ViciousMockery"],"picked":"SKIP","floor":3.0},{"not_picked":["bard:DervishDance","bard:LifeDrain"],"picked":"bard:DiscordantVoice","floor":5.0},{"not_picked":["bard:FirstStrike","bard:HideousLaughter"],"picked":"bard:FingerOfDeath","floor":7.0},{"not_picked":["bard:BucklerBash","bard:SongBolt"],"picked":"bard:PrismaticSpray","floor":10.0},{"not_picked":["bard:FeastOnFear","bard:InspiringSong"],"picked":"bard:Heroism","floor":12.0},{"not_picked":["bard:OffKey","bard:Gamble","bard:CuttingWords"],"picked":"SKIP","floor":14.0},{"not_picked":["bard:Focused","bard:Encore"],"picked":"bard:SplendidForm","floor":16.0},{"not_picked":["bard:FeastOnFear","bard:Sift"],"picked":"bard:FalseLife","floor":18.0},{"not_picked":["bard:InspiringSong","bard:Flourish+1"],"picked":"bard:PhantasmalForce","floor":21.0},{"not_picked":["bard:Gamble","bard:Greatness+1","bard:PhantasmalForce"],"picked":"SKIP","floor":22.0},{"not_picked":["bard:GlyphOfWarding","bard:Blink"],"picked":"bard:Fermata+1","floor":23.0},{"not_picked":["bard:CuttingWords","bard:Parry"],"picked":"bard:Thunderwave","floor":24.0},{"not_picked":["bard:Sift","bard:SixFourTime"],"picked":"bard:CovetousAura","floor":25.0},{"not_picked":["bard:EchoEcho","bard:OffKey"],"picked":"bard:Sift+1","floor":27.0},{"not_picked":["bard:StudiedStrike","bard:PhantasmalForce+1"],"picked":"bard:ViciousMockery","floor":28.0},{"not_picked":["bard:InspiringSong","bard:Gamble"],"picked":"bard:Balestra","floor":31.0},{"not_picked":["bard:Focused","bard:CovetousAura"],"picked":"bard:Encore","floor":33.0},{"not_picked":["bard:Thunderwave","bard:Parry"],"picked":"bard:Sift","floor":35.0},{"not_picked":[],"picked":"wanderingMiniBosses:FinaleOfPromise","floor":36.0},{"not_picked":["bard:FeastOnFear+1","bard:StudiedStrike","bard:LingeringEcho+1"],"picked":"SKIP","floor":36.0},{"not_picked":["bard:InspiringSong+1","bard:OffKey+1"],"picked":"bard:HideousLaughter+1","floor":37.0},{"not_picked":["bard:TinyHut","bard:ViciousMockery"],"picked":"bard:Fermata+1","floor":41.0},{"not_picked":["bard:LingeringPerformance","bard:SongBolt+1","bard:ThickOfTheFight"],"picked":"SKIP","floor":42.0},{"not_picked":["bard:LingeringEcho+1","bard:Greatness"],"picked":"bard:Sift+1","floor":45.0},{"not_picked":["bard:StudiedStrike+1","bard:PhantasmalForce"],"picked":"bard:Sift","floor":48.0},{"not_picked":["bard:BucklerBash+1","bard:Doot"],"picked":"bard:QuickSong","floor":54}],"player_experience":2020636,"relics_obtained":[{"floor":1.0,"key":"theForsaken:Kindling"},{"floor":1.0,"key":"vexMod:InvisibilityCloak"},{"floor":9.0,"key":"Strawberry"},{"floor":12.0,"key":"ReplayTheSpireMod:TigerMarble"},{"floor":23.0,"key":"strawberrySpire:TinySteamboat"},{"floor":25.0,"key":"bard:EchoChamber"},{"floor":28.0,"key":"Gambling Chip"},{"floor":36.0,"key":"wanderingMiniBosses:Blackblade"},{"floor":41.0,"key":"Mango"},{"floor":43.0,"key":"Replay:WaspNest"},{"floor":44.0,"key":"strawberrySpire:StillNotAdequateHouse"},{"floor":54,"key":"aspiration:ChemicalBlood"}],"event_choices":[],"is_beta":false,"boss_relics":[{"not_picked":["ReplayTheSpireMod:DimensionalGlitch","Empty Cage"],"picked":"vexMod:MysteryBossChallenge"},{"not_picked":["vexMod:BigBerry","Cursed Key"],"picked":"Pandora\u0027s Box"}],"items_purged_floors":[19],"is_endless":false,"potions_floor_spawned":[1,3,7,14,16,18,23,25,28,35,41,42,44,54],"ascension_level":5}}