{"host":"qm4rv4rkpk76sbxu","time":1609700981,"event":{"mods":["BaseMod","Bestiary","Block Reminder","Filter the Spire","Keyboard Shortcuts","Minty Spire (QoL Compilation)","MonsterHotkey","Potion Indicator Mod","Quick Restart","Relic Stats","Slay-I","StSLib","ojb\u0027s Better Paths Mod"],"gold_per_floor":[114,133,5,5,16,16,16,50,50,50,70,87,118,137,137,209,209,223,239,274,274,285,285,319,319,319,350,368,33,50,83,83,155,155,167,180,16,32,57,101,124,124,124,162,162,171,214,15,15,15,15,15,15,15,53,53],"floor_reached":57,"playtime":3604,"items_purged":["Doubt"],"score":2845,"play_id":"2d678083-7075-42b4-8f52-1e2f0c9d3665","local_time":"20210103200941","is_ascension_mode":true,"campfire_choices":[{"data":"Compile Driver","floor":6.0,"key":"SMITH"},{"floor":10.0,"key":"REST"},{"data":"Zap","floor":15.0,"key":"SMITH"},{"data":"Genetic Algorithm","floor":23.0,"key":"SMITH"},{"floor":25.0,"key":"REST"},{"floor":32.0,"key":"REST"},{"floor":42.0,"key":"RECALL"},{"floor":46.0,"key":"REST"},{"data":"Defragment","floor":49.0,"key":"SMITH"},{"data":"Capacitor","floor":53.0,"key":"SMITH"}],"circlet_count":0,"master_deck":["AscendersBane","Strike_B+1","Strike_B+1","Strike_B+1","Strike_B+1","Defend_B+1","Defend_B+1","Defend_B+1","Defend_B+1","Zap+1","Dualcast","Compile Driver+1","Undo","FTL+1","Thunder Strike+1","Self Repair","Cold Snap+1","Beam Cell+1","Hyperbeam+1","Genetic Algorithm+1","Beam Cell+1","Go for the Eyes+1","Double Energy+1","Ball Lightning+1","Compile Driver+1","Beam Cell+1","BootSequence+1","Echo Form","Compile Driver+1","Ball Lightning+1","Turbo+1","Echo Form","Hologram","Conserve Battery","Conserve Battery","Capacitor+1","Meteor Strike+1","Defragment+1","Core Surge+1"],"relics":["Cracked Core","TungstenRod","Unceasing Top","Pear","Lantern","Molten Egg 2","StrikeDummy","Black Star","Red Mask","Ice Cream","Shuriken","Nunchaku","Akabeko","ClockworkSouvenir","Calipers","Ancient Tea Set","Runic Pyramid","OrangePellets","CaptainsWheel","Dream Catcher","CeramicFish","Bottled Lightning","HornCleat","Darkstone Periapt","Bronze Scales","PreservedInsect","Bag of Marbles","Ornamental Fan","Whetstone"],"acts_visited":["Exordium","TheCity","TheBeyond","TheEnding"],"potions_floor_usage":[56,56],"damage_taken":[{"damage":10.0,"enemies":"Small Slimes","floor":1.0,"turns":4.0},{"damage":1.0,"enemies":"Jaw Worm","floor":2.0,"turns":3.0},{"damage":0.0,"enemies":"Cultist","floor":5.0,"turns":3.0},{"damage":39.0,"enemies":"3 Sentries","floor":8.0,"turns":11.0},{"damage":0.0,"enemies":"Looter","floor":11.0,"turns":3.0},{"damage":2.0,"enemies":"3 Louse","floor":12.0,"turns":3.0},{"damage":15.0,"enemies":"Lagavulin","floor":13.0,"turns":7.0},{"damage":0.0,"enemies":"2 Fungi Beasts","floor":14.0,"turns":4.0},{"damage":13.0,"enemies":"Hexaghost","floor":16.0,"turns":8.0},{"damage":19.0,"enemies":"2 Thieves","floor":18.0,"turns":4.0},{"damage":12.0,"enemies":"3 Byrds","floor":19.0,"turns":5.0},{"damage":0.0,"enemies":"Masked Bandits","floor":20.0,"turns":2.0},{"damage":13.0,"enemies":"Sentry and Sphere","floor":22.0,"turns":4.0},{"damage":27.0,"enemies":"Slavers","floor":24.0,"turns":8.0},{"damage":25.0,"enemies":"Gremlin Leader","floor":27.0,"turns":6.0},{"damage":21.0,"enemies":"Chosen and Byrds","floor":28.0,"turns":4.0},{"damage":8.0,"enemies":"Cultist and Chosen","floor":30.0,"turns":4.0},{"damage":7.0,"enemies":"Slavers","floor":31.0,"turns":3.0},{"damage":30.0,"enemies":"Automaton","floor":33.0,"turns":8.0},{"damage":0.0,"enemies":"3 Darklings","floor":35.0,"turns":4.0},{"damage":5.0,"enemies":"Orb Walker","floor":36.0,"turns":4.0},{"damage":11.0,"enemies":"3 Darklings","floor":38.0,"turns":3.0},{"damage":0.0,"enemies":"Mind Bloom Boss Battle","floor":39.0,"turns":5.0},{"damage":8.0,"enemies":"Giant Head","floor":40.0,"turns":5.0},{"damage":0.0,"enemies":"Transient","floor":41.0,"turns":6.0},{"damage":0.0,"enemies":"Nemesis","floor":44.0,"turns":5.0},{"damage":12.0,"enemies":"Reptomancer","floor":47.0,"turns":4.0},{"damage":16.0,"enemies":"Awakened One","floor":50.0,"turns":9.0},{"damage":22.0,"enemies":"Donu and Deca","floor":51.0,"turns":7.0},{"damage":1.0,"enemies":"Shield and Spear","floor":55.0,"turns":5.0},{"damage":70,"enemies":"The Heart","floor":56,"turns":10}],"seed_played":"-1683617770935284325","potions_obtained":[{"floor":8.0,"key":"ColorlessPotion"},{"floor":11.0,"key":"Strength Potion"},{"floor":12.0,"key":"BlessingOfTheForge"},{"floor":13.0,"key":"DistilledChaos"},{"floor":19.0,"key":"Dexterity Potion"},{"floor":20.0,"key":"Fire Potion"},{"floor":28.0,"key":"DuplicationPotion"},{"floor":31.0,"key":"Energy Potion"},{"floor":35.0,"key":"PowerPotion"},{"floor":39.0,"key":"Fruit Juice"},{"floor":40.0,"key":"GamblersBrew"},{"floor":44.0,"key":"SpeedPotion"}],"is_trial":false,"path_per_floor":["M","M","$","?","M","R","T","E","T","R","M","M","E","M","R","B",null,"M","M","?","?","M","R","E","R","T","E","M","$","M","E","R","B",null,"M","M","$","M","?","E","M","R","T","E","?","R","E","$","R","B","B",null,"R","$","E","B",null],"character_chosen":"DEFECT","items_purchased":["AttackPotion","Ball Lightning+1","ClockworkSouvenir","Compile Driver+1","Energy Potion","OrangePellets","Defragment","Bag of Marbles"],"campfire_rested":4,"item_purchase_floors":[3,29,29,29,29,37,48,48],"current_hp_per_floor":[54,53,53,31,31,31,41,2,2,26,26,24,16,23,23,17,65,53,48,55,55,49,49,22,46,46,28,14,14,13,13,37,14,64,78,73,73,69,76,80,86,86,86,86,86,86,86,86,86,77,62,80,80,80,86,23],"gold":53,"neow_bonus":"ONE_RARE_RELIC","is_daily":false,"chose_seed":false,"campfire_upgraded":5,"win_rate":0.0,"timestamp":1609700981,"path_taken":["M","M","$","?","M","R","?","E","T","R","?","M","E","M","R","BOSS","M","M","?","?","M","R","E","R","T","E","M","$","M","E","R","BOSS","M","M","$","M","?","E","M","R","T","E","?","R","E","$","R","BOSS","BOSS","R","$","E","BOSS"],"items_purchased_type":["Potion","Card","Relic","Card","Potion","Relic","Card","Relic"],"build_version":"2020-12-22","purchased_purges":1,"victory":true,"max_hp_per_floor":[71,71,71,71,71,71,81,81,81,81,81,81,81,81,81,81,81,81,81,81,81,81,81,81,81,81,81,81,81,81,81,81,81,81,81,81,81,81,81,86,86,86,86,86,86,86,86,86,86,86,86,86,86,86,86,86],"relic_stats":{"Darkstone Periapt":0,"counters":[31,161],"CeramicFish":63,"PreservedInsect":77,"Whetstone":["FTL"],"OrangePellets":[7],"Nunchaku":[25],"Dream Catcher":1,"Shuriken":[68],"Ornamental Fan":[36],"Bronze Scales":[228],"Black Star":7,"obtain_stats":[{"Ice Cream":24,"Darkstone Periapt":44,"Lantern":8,"Calipers":31,"CeramicFish":40,"Whetstone":55,"Ancient Tea Set":31,"ClockworkSouvenir":29,"Nunchaku":27,"Dream Catcher":40,"HornCleat":44,"Red Mask":20,"Cracked Core":0,"Runic Pyramid":34,"Pear":7,"PreservedInsect":47,"Akabeko":27,"OrangePellets":37,"CaptainsWheel":39,"Shuriken":24,"Ornamental Fan":55,"Bronze Scales":47,"Molten Egg 2":9,"Black Star":17,"Bag of Marbles":48,"Bottled Lightning":43,"StrikeDummy":13,"TungstenRod":0,"Unceasing Top":4},{"Ice Cream":14,"Darkstone Periapt":26,"Lantern":4,"Calipers":18,"CeramicFish":24,"Whetstone":30,"Ancient Tea Set":18,"ClockworkSouvenir":16,"Nunchaku":15,"Dream Catcher":24,"HornCleat":26,"Red Mask":12,"Cracked Core":0,"Runic Pyramid":19,"Pear":3,"PreservedInsect":27,"Akabeko":15,"OrangePellets":21,"CaptainsWheel":23,"Shuriken":14,"Ornamental Fan":30,"Bronze Scales":27,"Molten Egg 2":4,"Black Star":9,"Bag of Marbles":27,"Bottled Lightning":25,"StrikeDummy":7,"TungstenRod":0,"Unceasing Top":2},{"Ice Cream":69,"Darkstone Periapt":126,"Lantern":21,"Calipers":86,"CeramicFish":115,"Whetstone":151,"Ancient Tea Set":86,"ClockworkSouvenir":79,"Nunchaku":75,"Dream Catcher":115,"HornCleat":126,"Red Mask":57,"Cracked Core":0,"Runic Pyramid":94,"Pear":10,"PreservedInsect":130,"Akabeko":75,"OrangePellets":102,"CaptainsWheel":110,"Shuriken":69,"Ornamental Fan":151,"Bronze Scales":130,"Molten Egg 2":21,"Black Star":46,"Bag of Marbles":130,"Bottled Lightning":121,"StrikeDummy":34,"TungstenRod":0,"Unceasing Top":7}],"TungstenRod":103,"Unceasing Top":[29]},"card_choices":[{"not_picked":["Beam Cell","Stack"],"picked":"Compile Driver","floor":1.0},{"not_picked":["Loop","Streamline"],"picked":"Undo","floor":2.0},{"not_picked":["Darkness","Redo","Rebound"],"picked":"SKIP","floor":5.0},{"not_picked":["Steam","Barrage"],"picked":"FTL","floor":8.0},{"not_picked":["Tempest","Consume"],"picked":"Thunder Strike+1","floor":11.0},{"not_picked":["Hologram","Beam Cell+1"],"picked":"Self Repair","floor":12.0},{"not_picked":["Hologram","Redo"],"picked":"Cold Snap+1","floor":13.0},{"not_picked":["Compile Driver+1","Stack"],"picked":"Beam Cell+1","floor":14.0},{"not_picked":["Multi-Cast","Amplify"],"picked":"Hyperbeam+1","floor":16.0},{"not_picked":["Barrage+1","Sweeping Beam+1","Steam Power"],"picked":"SKIP","floor":18.0},{"not_picked":["Capacitor","Cold Snap+1"],"picked":"Genetic Algorithm","floor":19.0},{"not_picked":["Reinforced Body","Auto Shields"],"picked":"Beam Cell+1","floor":20.0},{"not_picked":["Stack","Rebound+1","Cold Snap+1"],"picked":"SKIP","floor":22.0},{"not_picked":["Gash+1","Auto Shields"],"picked":"Go for the Eyes+1","floor":24.0},{"not_picked":["Redo","Stack","Loop"],"picked":"SKIP","floor":27.0},{"not_picked":["Loop","Rip and Tear+1"],"picked":"Double Energy+1","floor":28.0},{"not_picked":["Fission","Defragment"],"picked":"Beam Cell+1","floor":30.0},{"not_picked":["Auto Shields","Go for the Eyes+1"],"picked":"BootSequence+1","floor":31.0},{"not_picked":["Biased Cognition","Meteor Strike+1"],"picked":"Echo Form","floor":33.0},{"not_picked":["Glacier","Coolheaded"],"picked":"Compile Driver+1","floor":35.0},{"not_picked":["Rebound+1","BootSequence"],"picked":"Ball Lightning+1","floor":36.0},{"not_picked":["Coolheaded","Hello World"],"picked":"Turbo+1","floor":38.0},{"not_picked":["Defragment","Turbo"],"picked":"Echo Form","floor":39.0},{"not_picked":["Stack","Rebound+1"],"picked":"Hologram","floor":40.0},{"not_picked":["Cold Snap+1","Darkness"],"picked":"Conserve Battery","floor":41.0},{"not_picked":["Stack","Rebound+1"],"picked":"Conserve Battery","floor":44.0},{"not_picked":["Redo","Sunder+1"],"picked":"Capacitor","floor":46.0},{"not_picked":["Streamline+1","Go for the Eyes+1"],"picked":"Meteor Strike+1","floor":47.0},{"not_picked":["Glacier","Turbo"],"picked":"Core Surge+1","floor":55.0}],"player_experience":1188531,"relics_obtained":[{"floor":7.0,"key":"Pear"},{"floor":8.0,"key":"Lantern"},{"floor":9.0,"key":"Molten Egg 2"},{"floor":13.0,"key":"StrikeDummy"},{"floor":20.0,"key":"Red Mask"},{"floor":24.0,"key":"Ice Cream"},{"floor":24.0,"key":"Shuriken"},{"floor":27.0,"key":"Nunchaku"},{"floor":27.0,"key":"Akabeko"},{"floor":31.0,"key":"Calipers"},{"floor":31.0,"key":"Ancient Tea Set"},{"floor":39.0,"key":"CaptainsWheel"},{"floor":40.0,"key":"Dream Catcher"},{"floor":40.0,"key":"CeramicFish"},{"floor":43.0,"key":"Bottled Lightning"},{"floor":44.0,"key":"HornCleat"},{"floor":44.0,"key":"Darkstone Periapt"},{"floor":47.0,"key":"Bronze Scales"},{"floor":47.0,"key":"PreservedInsect"},{"floor":55.0,"key":"Ornamental Fan"},{"floor":55.0,"key":"Whetstone"}],"event_choices":[{"damage_healed":0.0,"max_hp_gain":0.0,"max_hp_loss":0.0,"gold_gain":0.0,"event_name":"Scrap Ooze","player_choice":"Success","floor":4.0,"gold_loss":0.0,"damage_taken":26.0,"relics_obtained":["Unceasing Top"]},{"damage_healed":0.0,"max_hp_gain":0.0,"max_hp_loss":0.0,"gold_gain":0.0,"event_name":"Masked Bandits","player_choice":"Fought Bandits","floor":20.0,"gold_loss":0.0,"damage_taken":0.0},{"damage_healed":0.0,"max_hp_gain":0.0,"max_hp_loss":0.0,"gold_gain":0.0,"event_name":"Back to Basics","player_choice":"Simplicity","floor":21.0,"gold_loss":0.0,"damage_taken":0.0,"cards_upgraded":["Strike_B","Strike_B","Strike_B","Strike_B","Defend_B","Defend_B","Defend_B","Defend_B"]},{"damage_healed":0.0,"max_hp_gain":0.0,"max_hp_loss":0.0,"gold_gain":0.0,"event_name":"MindBloom","player_choice":"Fight","floor":39.0,"gold_loss":0.0,"damage_taken":0.0},{"damage_healed":0.0,"max_hp_gain":0.0,"max_hp_loss":0.0,"gold_gain":0.0,"event_name":"SecretPortal","player_choice":"Ignored","floor":45.0,"gold_loss":0.0,"damage_taken":0.0}],"is_beta":false,"boss_relics":[{"not_picked":["Philosopher\u0027s Stone","Fusion Hammer"],"picked":"Black Star"},{"not_picked":["FrozenCore","Tiny House"],"picked":"Runic Pyramid"}],"items_purged_floors":[3],"is_endless":false,"potions_floor_spawned":[8,11,12,13,14,19,20,28,30,31,35,36,39,40,44],"ascension_level":20}}