{"host":"40f49r155zsx8eqk","time":1609681213,"event":{"mods":["AchievementEnabler","Aspiration","BaseMod","Curses Come First","Dota2Spire","Evolution","Googly Eyes","Minty Spire (QoL Compilation)","Relic Sorter","Replay The Spire","StSLib","The Gatherer"],"gold_per_floor":[114,125,125,142,12,42,42,61,61,94,104,104,104,119,119,247,247,291,491,509,21,67,67,128,142,142,142,198,198,198,239,239,365,365,380,421,433,473,489,550,550,609,609,628,628,34,89,139,139,139],"floor_reached":51,"playtime":3382,"items_purged":[],"score":1204,"play_id":"8c9ae966-a52c-4728-ab24-be2036f774d3","local_time":"20210103164013","is_ascension_mode":true,"metric_token":800,"campfire_choices":[{"floor":7,"key":"REST"},{"data":"Gatherer:Centralize","floor":13,"key":"SMITH"},{"floor":15,"key":"DIG"},{"floor":23,"key":"REST"},{"floor":27,"key":"REST"},{"floor":30,"key":"REST"},{"data":"Gatherer:Liquidism","floor":32,"key":"SMITH"},{"data":"Transmutation","floor":41,"key":"SMITH"},{"data":"Gatherer:AlchemyTrial","floor":45,"key":"SMITH"},{"data":"Gatherer:Duplicator","floor":49,"key":"SMITH"}],"circlet_count":0,"master_deck":["Gatherer:Strike_Gatherer","Gatherer:Strike_Gatherer","Gatherer:Strike_Gatherer","Gatherer:Strike_Gatherer","Gatherer:Strike_Gatherer","Gatherer:Defend_Gatherer","Gatherer:Defend_Gatherer","Gatherer:Defend_Gatherer","Gatherer:Defend_Gatherer","Gatherer:Centralize+1","Gatherer:FlowerWhip","Gatherer:WitheringStrike","Gatherer:DrugPower","Chrysalis","Transmutation+1","Panacea","Gatherer:TacticalStrike","Gatherer:Duplicator+1","Gatherer:Snatch+1","Gatherer:AlchemyTrial+1","Gatherer:BigPouch","Gatherer:Examine","Gatherer:QuickSynthesis","Gatherer:EnergyBasket+1","Gatherer:Misfortune+1","Gatherer:RecipeChange","Gatherer:PoisonMastery","Gatherer:Liquidism+1","Gatherer:BigPouch","Gatherer:EnergyBasket+1","Gatherer:Bulldoze+1","Gatherer:Liquidism+1","Gatherer:CollectorsShot+1","Gatherer:SmartManeuver","Gatherer:PotentialSlash+1","Gatherer:UpgradeBag+1","Gatherer:ColorfulGarden","Gatherer:FlowerPower+1","Gatherer:Snatch+1","Gatherer:Transmute","Gatherer:SealedBomb+1"],"relics":["Gatherer:AlchemyBag","EVO:Axolotl","aspiration:Nostalgia","Sizzling Blood","Question Card","ReplayTheSpireMod:ShopPack","Iron Hammer","MealTicket","Molten Egg 2","Dota2Spire:HandOfMidas","Painkiller Herb","Dota2Spire:BladeMail","ClockworkSouvenir","Pet Ghost","Dota2Spire:CrimsonGuard","Dota2Spire:PhaseBoots","Omamori","Dota2Spire:Bloodstone","Eternal Feather","Pantograph","Bag of Preparation","Dota2Spire:AghanimScepter","Ginger","Bottled Tornado"],"acts_visited":["Exordium","TheCity","TheBeyond"],"potions_floor_usage":[8,8,8,8,8,8,8,8,8,8,8,8,8,8,8,10,16,16,16,33,40,50],"damage_taken":[{"damage":0,"enemies":"2 Louse","floor":1,"turns":1},{"damage":1,"enemies":"Cultist","floor":2,"turns":3},{"damage":19,"enemies":"Small Slimes","floor":4,"turns":3},{"damage":48,"enemies":"Lagavulin","floor":6,"turns":9},{"damage":15,"enemies":"Blue Slaver","floor":8,"turns":25},{"damage":0,"enemies":"Gremlin Nob","floor":10,"turns":2},{"damage":5,"enemies":"Red Slaver","floor":11,"turns":4},{"damage":6,"enemies":"3 Louse","floor":14,"turns":3},{"damage":17,"enemies":"Slime Boss","floor":16,"turns":11},{"damage":23,"enemies":"3 Byrds","floor":18,"turns":5},{"damage":30,"enemies":"2 Thieves","floor":20,"turns":4},{"damage":20,"enemies":"Shelled Parasite and Fungi","floor":22,"turns":5},{"damage":24,"enemies":"Gremlin Leader","floor":24,"turns":8},{"damage":0,"enemies":"Centurion and Healer","floor":25,"turns":3},{"damage":15,"enemies":"Book of Stabbing","floor":28,"turns":5},{"damage":9,"enemies":"Chosen and Byrds","floor":31,"turns":5},{"damage":0,"enemies":"Collector","floor":33,"turns":5},{"damage":0,"enemies":"3 Darklings","floor":35,"turns":3},{"damage":0,"enemies":"Orb Walker","floor":36,"turns":2},{"damage":0,"enemies":"Jaw Worm Horde","floor":37,"turns":3},{"damage":0,"enemies":"Spire Growth","floor":38,"turns":3},{"damage":0,"enemies":"Sphere and 2 Shapes","floor":39,"turns":3},{"damage":58,"enemies":"Nemesis","floor":40,"turns":3},{"damage":1,"enemies":"Giant Head","floor":42,"turns":5},{"damage":0,"enemies":"Maw","floor":44,"turns":4},{"damage":0,"enemies":"Transient","floor":48,"turns":4},{"damage":18,"enemies":"Donu and Deca","floor":50,"turns":4}],"seed_played":"4830906391028874925","potions_obtained":[{"floor":2,"key":"SpeedPotion"},{"floor":4,"key":"Dota2Spire:HealingSalve"},{"floor":11,"key":"Fire Potion"},{"floor":14,"key":"PowerPotion"},{"floor":16,"key":"PowerPotion"},{"floor":18,"key":"SteroidPotion"},{"floor":20,"key":"FearPotion"},{"floor":35,"key":"BloodPotion"},{"floor":40,"key":"ColorlessPotion"}],"is_trial":false,"path_per_floor":["M","M","?","M","$","E","R","M","T","E","M","?","R","M","R","B",null,"?","?","?","T","?","T","E","?","T","T","E","?","T","?","T","B",null,"?","?","?","?","?","E","T","E","T","?","T","T","?","?","T","B",null],"character_chosen":"THE_GATHERER","items_purchased":["ReplayTheSpireMod:ShopPack","Dota2Spire:BladeMail","ClockworkSouvenir","Pet Ghost","Gatherer:EnergyBasket+1","Dota2Spire:AghanimScepter","Ginger","Gatherer:FlowerPower+1"],"campfire_rested":4,"item_purchase_floors":[5,21,21,21,21,46,46,46],"current_hp_per_floor":[73,76,76,61,61,17,39,61,61,65,64,72,72,70,70,57,71,52,52,26,41,25,47,27,31,31,53,42,42,64,59,59,63,73,76,76,76,76,76,52,73,76,76,76,76,76,57,61,76,62],"gold":139,"neow_bonus":"NOSTALGIA","is_daily":false,"chose_seed":false,"campfire_upgraded":5,"win_rate":0.0,"timestamp":1609681213,"path_taken":["M","M","?","?","$","E","R","M","T","E","M","?","R","M","R","BOSS","?","?","?","T","?","T","E","?","T","T","E","?","T","?","T","BOSS","?","?","?","?","?","E","T","E","T","?","T","T","?","?","T","BOSS"],"items_purchased_type":["Relic","Relic","Relic","Relic","Card","Relic","Relic","Card"],"build_version":"2020-12-22","purchased_purges":0,"victory":true,"max_hp_per_floor":[76,76,76,76,76,76,76,76,76,76,76,76,76,76,76,76,76,76,76,76,76,76,76,76,76,76,76,76,76,76,76,76,76,76,76,76,76,76,76,76,76,76,76,76,76,76,76,76,76,76],"card_choices":[{"not_picked":["Gatherer:DrugPower","Gatherer:Liquidism"],"picked":"Gatherer:FeelingFine","floor":1},{"not_picked":["Gatherer:WoolGloves","Gatherer:GatherMaterial"],"picked":"Gatherer:WitheringStrike","floor":2},{"not_picked":["Gatherer:EchoOfNature","Gatherer:TreeGrowth","Gatherer:Nutrients"],"picked":"Gatherer:DrugPower","floor":4},{"not_picked":["Magnetism","Poisoned Strike","Panache"],"picked":"Chrysalis","floor":5},{"not_picked":["Madness","Impatience","Swift Strike"],"picked":"Transmutation","floor":5},{"not_picked":["Replay:BasicMightCard","Replay:Sssssssssshield","Secret Weapon"],"picked":"Panacea","floor":5},{"not_picked":["Gatherer:ScentOfRosmari","Gatherer:FlowerShield","Gatherer:Snatch"],"picked":"Gatherer:TacticalStrike","floor":6},{"not_picked":["Gatherer:DrugPower","Gatherer:EnergyBasket","Gatherer:FragileHammer"],"picked":"Gatherer:Duplicator","floor":8},{"not_picked":["Gatherer:Polymorphism+1","Gatherer:FlowerFalling+1","Gatherer:CollectorsShot+1"],"picked":"Gatherer:Snatch+1","floor":10},{"not_picked":["Gatherer:ScentOfRosmari","Gatherer:FlowerBeam+1","Gatherer:CarefulStrike+1"],"picked":"Gatherer:AlchemyTrial","floor":11},{"not_picked":["Gatherer:VenomBarrier","Gatherer:DrugPower+1","Gatherer:SmartManeuver"],"picked":"Gatherer:BigPouch","floor":14},{"not_picked":["Gatherer:BomberForm","Gatherer:FlamingBottle+1","Gatherer:FinishingStrike+1"],"picked":"Gatherer:Examine","floor":16},{"not_picked":["Gatherer:MiningStrike+1","Gatherer:EnergyBasket","Gatherer:Frenzy+1"],"picked":"Gatherer:QuickSynthesis","floor":18},{"not_picked":["Gatherer:EchoOfNature+1","Gatherer:Duplicator","Gatherer:SaveValuables","Gatherer:AromaProtection"],"picked":"SKIP","floor":20},{"not_picked":["Gatherer:SaveValuables+1","Gatherer:Pollute","Gatherer:QuickSynthesis"],"picked":"Gatherer:Misfortune+1","floor":22},{"not_picked":["Gatherer:SealedBomb+1","Gatherer:FlowerFalling+1","Gatherer:CarefulStrike+1"],"picked":"Gatherer:RecipeChange","floor":24},{"not_picked":["Gatherer:FlowerFalling+1","Gatherer:SaveValuables","Gatherer:GatherMaterial"],"picked":"Gatherer:PoisonMastery","floor":25},{"not_picked":["Gatherer:Convert","Gatherer:GatherMaterial+1","Gatherer:Pollute"],"picked":"Gatherer:Liquidism","floor":28},{"not_picked":["Gatherer:FragileHammer+1","Gatherer:Frenzy+1","Gatherer:SealedBomb+1"],"picked":"Gatherer:EnergyBasket+1","floor":31},{"not_picked":["Gatherer:FlamingBottle+1","Gatherer:Overflowing","Gatherer:HeartToFruit+1"],"picked":"Gatherer:Bulldoze+1","floor":33},{"not_picked":["Gatherer:Convert","Gatherer:Uplift","Gatherer:EchoOfNature+1"],"picked":"Gatherer:Liquidism+1","floor":35},{"not_picked":["Gatherer:Convert+1","Gatherer:FruitForce+1","Gatherer:Solidify+1"],"picked":"Gatherer:CollectorsShot+1","floor":36},{"not_picked":["Gatherer:VenomBarrier","Gatherer:Liquidism","Gatherer:FlowerShield+1"],"picked":"Gatherer:SmartManeuver","floor":37},{"not_picked":["Gatherer:ScrollOfWall","Gatherer:SaveValuables","Gatherer:Snatch+1"],"picked":"Gatherer:PotentialSlash+1","floor":38},{"not_picked":["Gatherer:FlowerFalling+1","Gatherer:ScherryThrow+1","Gatherer:FlowerShield","Gatherer:Duplicator"],"picked":"SKIP","floor":39},{"not_picked":["Gatherer:CarefulStrike+1","Gatherer:FruitForce+1","Gatherer:Uplift"],"picked":"Gatherer:UpgradeBag+1","floor":40},{"not_picked":["Gatherer:EnergyBasket+1","Gatherer:Frenzy+1","Gatherer:CollectorsShot+1"],"picked":"Gatherer:ColorfulGarden","floor":42},{"not_picked":["Gatherer:Pollute+1","Gatherer:RottenStipe+1","Gatherer:DrugPower+1","Gatherer:TacticalStrike+1"],"picked":"SKIP","floor":44},{"not_picked":["Gatherer:Frenzy+1","Gatherer:ScherryThrow+1","Gatherer:FlowerBeam+1"],"picked":"Gatherer:Snatch+1","floor":47},{"not_picked":["Gatherer:FlowerFalling+1","Gatherer:CollectorsShot+1","Gatherer:WoolGloves+1"],"picked":"Gatherer:Transmute","floor":47},{"not_picked":["Gatherer:FlowerShield+1","Gatherer:Pollute","Gatherer:FlowerFalling+1"],"picked":"Gatherer:SealedBomb+1","floor":48}],"player_experience":129918,"relics_obtained":[{"floor":6,"key":"Iron Hammer"},{"floor":9,"key":"MealTicket"},{"floor":10,"key":"Molten Egg 2"},{"floor":15,"key":"Dota2Spire:HandOfMidas"},{"floor":24,"key":"Dota2Spire:CrimsonGuard"},{"floor":26,"key":"Dota2Spire:PhaseBoots"},{"floor":28,"key":"Omamori"},{"floor":40,"key":"Eternal Feather"},{"floor":42,"key":"Pantograph"},{"floor":43,"key":"Bag of Preparation"},{"floor":47,"key":"Bottled Tornado"}],"event_choices":[{"cards_removed":["Gatherer:FeelingFine"],"damage_healed":0,"gold_gain":0,"player_choice":"Gave Card","damage_taken":0,"relics_obtained":["Question Card"],"max_hp_gain":0,"max_hp_loss":0,"event_name":"WeMeetAgain","floor":3,"gold_loss":0},{"damage_healed":0,"gold_gain":200,"player_choice":"Gold","damage_taken":0,"max_hp_gain":0,"max_hp_loss":0,"event_name":"Wheel of Change","floor":19,"gold_loss":0},{"damage_healed":0,"gold_gain":0,"cards_transformed":["Gatherer:Defend_Gatherer"],"player_choice":"Transformed","damage_taken":0,"max_hp_gain":0,"max_hp_loss":0,"event_name":"Transmorgrifier","floor":29,"gold_loss":0,"cards_obtained":["Gatherer:BigPouch"]}],"is_beta":false,"boss_relics":[{"not_picked":["Kintsugi","Ectoplasm"],"picked":"Painkiller Herb"},{"not_picked":["aspiration:RitualDagger","Gatherer:ExplorersPath"],"picked":"Dota2Spire:Bloodstone"}],"items_purged_floors":[],"is_endless":false,"potions_floor_spawned":[2,4,11,14,16,18,20,28,31,35,39,40,44],"ascension_level":7}}