{"host":"qnxnem68q7ulahas","time":1609661718,"event":{"mods":["ATMod(阿瑾Mod)","Act Like it!","Arknights The Spire","BaseMod","Challenge The Spire","Decade(王小明)","GungeonMod","Highlight Path","Minty Spire (QoL Compilation)","Replay The Spire","RumiaBox-露米娅的神秘盒子","SOS（斯巴达之子）","Spicy Shops","StSLib","The Animator","[IsaacMod]以撒尖塔","【功能Mod】混沌之环修复补丁","【遗物卡牌】REMEMod"],"gold_per_floor":[151,76,104,148,168,241,241,4,4,4,4,79,79,89,89,185,185,246,332,332,183,225,295,340,340,418,446,471,521,171,171,171,247,247,265,265,265,356,405,405,463,275,343,343,343,343,101,167,167,167,209],"floor_reached":52,"playtime":1439,"items_purged":["Spreading Infection","Shoot","Defend_Dante","Defend_Dante","Defend_Dante","Defend_Dante","animator:Curse_GriefSeed"],"score":1789,"play_id":"03359d79-f65c-47af-815e-53ef35be107a","local_time":"20210103161518","is_ascension_mode":true,"campfire_choices":[{"data":"Gilgamesh","floor":11,"key":"SMITH"},{"data":"Attack_b","floor":13,"key":"SMITH"},{"data":"Provocation","floor":15,"key":"SMITH"},{"data":"Swordmaster","floor":25,"key":"SMITH"},{"data":"Shoot","floor":32,"key":"PURGE"},{"floor":40,"key":"RECALL"},{"data":"Weaponreturn","floor":44,"key":"SMITH"}],"circlet_count":0,"master_deck":["AscendersBane","Attack_a+1","Attack_a","Attack_b+1","Provocation+1","Redorb","Gilgamesh+1","Royaldefend","Straight+1","Provocation+1","BeastUppercut","BeastUppercut","Demonreform","Swordmaster+1","Millionkick+1","AT_LightSaberMaster+1","Weaponreturn+1","Unrisingdragon+1","Rebellion+1","Darkslayer+1","Shock"],"relics":["SSS","Combocheck","HushsDoor","REME_ComplimentaryCards","AT_ATBox","DemoMod:GreenGuonStone","BookOfRevelations","Frozen Egg 2","Membership Card","REME_LimitBreaker","AT_BellDemon","StoneCalendar","Bag of Marbles","Runic Dome","Matryoshka","Question Card","DemoMod:Metronome","TheBean","Counterbalance","SSSystem","Pondfish Scales","HowToJump","Snack Pack","Boot","AT_EbonyIvory","ReplayTheSpireMod:Shallot","DemoMod:ResourcefulSack","Replay:Mystery Machine","ReplayTheSpireMod:Lightbulb","Bag of Preparation","DemoMod:BlueGuonStone","Nloth\u0027s Gift","Whetstone","Coffee Dripper","DemoMod:GlassGuonStoneRelic","GnawedLeaf","REME_HandOfSuture","MealTicket","GuppysTail","AT_BladeRuinedKing","Toxic Egg 2","Onion Ring","TungstenRod","Gambling Chip","Gremlin Food"],"acts_visited":["Exordium","TheCity","TheBeyond"],"potions_floor_usage":[6,14],"damage_taken":[{"damage":0.0,"enemies":"2 Louse","floor":1.0,"turns":2.0},{"damage":1,"enemies":"Cultist","floor":3,"turns":4},{"damage":0,"enemies":"Small Slimes","floor":4,"turns":5},{"damage":19,"enemies":"Red Slaver","floor":5,"turns":6},{"damage":0,"enemies":"Lagavulin","floor":6,"turns":4},{"damage":0,"enemies":"2 Fungi Beasts","floor":14,"turns":2},{"damage":16,"enemies":"Hexaghost","floor":16,"turns":3},{"damage":0,"enemies":"Spheric Guardian","floor":18,"turns":3},{"damage":0,"enemies":"Hiden Room Battle","floor":19,"turns":2},{"damage":0,"enemies":"3 Byrds","floor":22,"turns":1},{"damage":32,"enemies":"Book of Stabbing","floor":23,"turns":2},{"damage":12,"enemies":"Centurion and Healer","floor":24,"turns":3},{"damage":0,"enemies":"Sentry and Sphere","floor":27,"turns":3},{"damage":0,"enemies":"Gremlin Leader","floor":28,"turns":1},{"damage":0,"enemies":"Pondfish","floor":33,"turns":2},{"damage":0,"enemies":"3 Shapes","floor":35,"turns":1},{"damage":0,"enemies":"2 Orb Walkers","floor":39,"turns":1},{"damage":0,"enemies":"Orb Walker","floor":41,"turns":1},{"damage":0,"enemies":"Mind Bloom Boss Battle","floor":48,"turns":1},{"damage":0,"enemies":"Replay:Hell Engine","floor":50,"turns":1},{"damage":0,"enemies":"Donu and Deca","floor":51,"turns":1}],"seed_played":"-7568279671033475657","potions_obtained":[{"floor":5,"key":"Milkshake"},{"floor":6,"key":"ColorlessPotion"},{"floor":18,"key":"Regen Potion"},{"floor":24,"key":"DistilledChaos"},{"floor":28,"key":"Ancient Potion"}],"is_trial":false,"path_per_floor":["M","$","M","M","M","E","?","$","T","?","R","?","R","M","R","B",null,"M","?","?","$","M","E","M","R","T","M","E","?","$","?","R","B",null,"M","?","?","?","?","R","M","$","T","R","?","?","$","?","R","B","B",null],"character_chosen":"DANTE","items_purchased":["Membership Card","BeastUppercut","SSSystem","Bag of Preparation","AT_LightSaberMaster+1","DemoMod:BlueGuonStone","Rebellion+1","Darkslayer+1","TungstenRod","Shock"],"campfire_rested":0,"item_purchase_floors":[8,8,21,30,30,30,47,47,47,47],"current_hp_per_floor":[68,68,73,73,60,60,60,60,60,45,45,40,40,40,40,36,65,65,50,50,50,50,24,25,25,25,33,35,35,35,35,35,56,67,69,69,66,40,42,42,46,61,61,61,61,61,66,66,66,66,66],"gold":209,"neow_bonus":"ONE_RARE_RELIC","is_daily":false,"chose_seed":false,"campfire_upgraded":5,"win_rate":0.0,"timestamp":1609661718,"path_taken":["M","$","M","M","M","E","?","?","T","?","R","?","R","M","R","BOSS","M","?","?","$","M","E","M","R","T","M","E","?","$","?","R","BOSS","M","?","?","?","?","R","M","$","T","R","?","?","$","?","R","BOSS","BOSS"],"items_purchased_type":["Relic","Card","Relic","Relic","Card","Relic","Card","Card","Relic","Card"],"build_version":"2020-12-22","purchased_purges":7,"victory":true,"max_hp_per_floor":[75,75,75,75,75,75,75,75,75,75,75,75,75,75,75,75,75,75,75,75,75,75,75,75,75,75,75,75,75,75,75,75,75,70,70,70,66,66,66,66,66,66,66,66,66,66,66,66,66,66,66],"card_choices":[{"not_picked":["Honeycombofire","Shock"],"picked":"Gilgamesh","floor":1},{"not_picked":["Kick13","Airtrick"],"picked":"Royaldefend","floor":3},{"not_picked":["DT","Holywater","Chargeshoot"],"picked":"SKIP","floor":4},{"not_picked":["Whiteorb","LucifercomboB"],"picked":"Straight","floor":5},{"not_picked":["LucifercomboB","Gunslinger","Goldorb"],"picked":"SKIP","floor":6},{"not_picked":["Weaponupgrade","LucifercomboB","GilgameshcomboA"],"picked":"SKIP","floor":14},{"not_picked":["DevilstarL","Enemystep"],"picked":"Demonreform","floor":16},{"not_picked":["GilgameshcomboA","DevilstarS","LucifercomboC"],"picked":"SKIP","floor":18},{"not_picked":["Dash2","Whiteorb","BeastUppercut"],"picked":"Swordmaster","floor":22},{"not_picked":["Swordmaster+1","Weaponchange","Millionstab","Gilgamesh+1"],"picked":"SKIP","floor":23},{"not_picked":["Kick13","VitalstarM","Chargeshoot","LucifercomboD"],"picked":"SKIP","floor":24},{"not_picked":["Fullhouse","Millionstab","Gunslinger+1","Pandora+1"],"picked":"SKIP","floor":27},{"not_picked":["LucifercomboC","DevilstarL","Stinger"],"picked":"Millionkick+1","floor":28},{"not_picked":["Purpleorb","Darkslayer","Stylechange"],"picked":"Weaponreturn","floor":33},{"not_picked":["CoyoteA+1","Greenorb+1","Lucifer+1","BeastUppercut"],"picked":"SKIP","floor":35},{"not_picked":["Ecstasy+1","GilgameshcomboA","Whiteorb+1"],"picked":"Unrisingdragon+1","floor":41}],"player_experience":430074,"relics_obtained":[{"floor":6,"key":"Frozen Egg 2"},{"floor":9,"key":"REME_LimitBreaker"},{"floor":14,"key":"StoneCalendar"},{"floor":16,"key":"Bag of Marbles"},{"floor":18,"key":"Matryoshka"},{"floor":19,"key":"Question Card"},{"floor":19,"key":"DemoMod:Metronome"},{"floor":19,"key":"TheBean"},{"floor":22,"key":"Pondfish Scales"},{"floor":23,"key":"HowToJump"},{"floor":23,"key":"Snack Pack"},{"floor":24,"key":"Boot"},{"floor":26,"key":"AT_EbonyIvory"},{"floor":26,"key":"ReplayTheSpireMod:Shallot"},{"floor":27,"key":"DemoMod:ResourcefulSack"},{"floor":28,"key":"Replay:Mystery Machine"},{"floor":28,"key":"ReplayTheSpireMod:Lightbulb"},{"floor":33,"key":"Whetstone"},{"floor":35,"key":"GnawedLeaf"},{"floor":38,"key":"REME_HandOfSuture"},{"floor":38,"key":"MealTicket"},{"floor":39,"key":"GuppysTail"},{"floor":39,"key":"AT_BladeRuinedKing"},{"floor":41,"key":"Toxic Egg 2"},{"floor":43,"key":"Onion Ring"},{"floor":48,"key":"Gambling Chip"},{"floor":48,"key":"Gremlin Food"}],"event_choices":[{"damage_healed":0,"gold_gain":75,"player_choice":"Gather Gold","damage_taken":11,"max_hp_gain":0,"max_hp_loss":0,"event_name":"World of Goop","floor":12,"gold_loss":0},{"damage_healed":0,"gold_gain":0,"player_choice":"Fight","damage_taken":0,"max_hp_gain":0,"max_hp_loss":0,"event_name":"HidenRoomEvent","floor":19,"gold_loss":0},{"damage_healed":0,"gold_gain":0,"player_choice":"Gave Potion","damage_taken":0,"relics_obtained":["Counterbalance"],"max_hp_gain":0,"max_hp_loss":0,"event_name":"WeMeetAgain","floor":20,"gold_loss":0},{"damage_healed":0,"gold_gain":50,"player_choice":"Pray","damage_taken":0,"max_hp_gain":0,"max_hp_loss":0,"event_name":"Golden Shrine","floor":29,"gold_loss":0},{"damage_healed":0,"gold_gain":0,"player_choice":"Traded Relic","damage_taken":0,"relics_obtained":["Nloth\u0027s Gift"],"max_hp_gain":0,"max_hp_loss":0,"event_name":"N\u0027loth","floor":31,"relics_lost":["DemoMod:GlassGuonStoneRelic"],"gold_loss":0},{"damage_healed":0,"gold_gain":0,"player_choice":"1 cards matched","damage_taken":0,"max_hp_gain":0,"max_hp_loss":0,"event_name":"Match and Keep!","floor":36,"gold_loss":0,"cards_obtained":["animator:Curse_GriefSeed"]},{"damage_healed":0,"gold_gain":0,"player_choice":"Max HP","damage_taken":0,"max_hp_gain":0,"max_hp_loss":4,"event_name":"Winding Halls","floor":37,"gold_loss":0},{"damage_healed":0,"gold_gain":0,"player_choice":"Fight","damage_taken":0,"max_hp_gain":0,"max_hp_loss":0,"event_name":"Mysterious Sphere","floor":39,"gold_loss":0},{"damage_healed":0,"gold_gain":0,"player_choice":"Ignored","damage_taken":0,"max_hp_gain":0,"max_hp_loss":0,"event_name":"Tomb of Lord Red Mask","floor":46,"gold_loss":0},{"damage_healed":0,"gold_gain":0,"player_choice":"Fight","damage_taken":0,"max_hp_gain":0,"max_hp_loss":0,"event_name":"MindBloom","floor":48,"gold_loss":0},{"damage_healed":0,"gold_gain":0,"player_choice":"Memory 1","damage_taken":0,"max_hp_gain":0,"max_hp_loss":0,"event_name":"SensoryStone","floor":49,"gold_loss":0}],"is_beta":false,"boss_relics":[{"not_picked":["Kintsugi","Painkiller Herb"],"picked":"Runic Dome"},{"not_picked":[]},{"not_picked":["Velvet Choker","Abe\u0027s Treasure"],"picked":"Coffee Dripper"},{"not_picked":[]}],"items_purged_floors":[2,8,21,30,34,42,42],"is_endless":false,"potions_floor_spawned":[5,6,18,24,28,41],"ascension_level":20}}