{"host":"tl8jdqk9pnwb74j1","time":1609672062,"event":{"mods":["BaseMod","BetterRewards","Custom Start","Minty Spire (QoL Compilation)","Shop Mod","StSLib","SuperFastMode"],"gold_per_floor":[113,32,47,47,67,67,85,85,139,149,149,149,169,28,28,28,28],"floor_reached":16,"playtime":314,"items_purged":[],"score":92,"play_id":"0d396958-41a7-4faa-909f-e7c44747c8db","local_time":"20210103190742","is_ascension_mode":false,"campfire_choices":[{"data":"Deadly Poison","floor":6,"key":"SMITH"},{"data":"Deadly Poison","floor":15,"key":"SMITH"}],"circlet_count":0,"master_deck":["Strike_G+1","Strike_G","Strike_G","Strike_G","Defend_G","Defend_G","Defend_G","Defend_G","Survivor","Neutralize+1","Deadly Poison+1","PiercingWail","Poisoned Stab","Acrobatics","Bane","Acrobatics","Bane","Deadly Poison+1"],"relics":["Ring of the Snake","NeowsBlessing","Smiling Mask","Tiny Chest","MerchantsRug"],"acts_visited":["Exordium"],"potions_floor_usage":[],"damage_taken":[{"damage":0,"enemies":"Cultist","floor":1,"turns":1},{"damage":0,"enemies":"2 Louse","floor":3,"turns":1},{"damage":0,"enemies":"Small Slimes","floor":5,"turns":1},{"damage":9,"enemies":"Red Slaver","floor":7,"turns":5},{"damage":5,"enemies":"3 Louse","floor":10,"turns":5},{"damage":3,"enemies":"2 Fungi Beasts","floor":13,"turns":4},{"damage":0,"enemies":"Slime Boss","floor":16,"turns":4}],"seed_played":"-5745683933249112436","potions_obtained":[{"floor":3,"key":"LiquidBronze"},{"floor":7,"key":"Dexterity Potion"},{"floor":13,"key":"Dexterity Potion"}],"is_trial":false,"path_per_floor":["M","?","M","$","M","R","M","?","T","M","?","?","M","$","R","B"],"character_chosen":"THE_SILENT","items_purchased":["MerchantsRug","Deadly Poison"],"campfire_rested":0,"item_purchase_floors":[14,14],"current_hp_per_floor":[70,70,70,70,70,70,61,47,47,42,42,42,39,39,39,39,39],"gold":28,"neow_bonus":"THREE_ENEMY_KILL","is_daily":false,"chose_seed":false,"campfire_upgraded":2,"win_rate":0.0,"timestamp":1609672062,"path_taken":["M","?","M","$","?","R","M","?","T","M","?","?","?","$","R","BOSS"],"items_purchased_type":["Relic","Card"],"build_version":"2020-12-22","purchased_purges":0,"victory":false,"max_hp_per_floor":[70,70,70,70,70,70,70,70,70,70,70,70,70,70,70,70,70],"card_choices":[{"not_picked":["Acrobatics","Underhanded Strike"],"picked":"Deadly Poison","floor":1},{"not_picked":["Prepared","Acrobatics"],"picked":"PiercingWail","floor":3},{"not_picked":["Infinite Blades","Expertise"],"picked":"Poisoned Stab","floor":5},{"not_picked":["Distraction","Blade Dance"],"picked":"Acrobatics","floor":7},{"not_picked":["Well Laid Plans","Footwork"],"picked":"Bane","floor":10},{"not_picked":["Flying Knee","Predator"],"picked":"Bane","floor":13}],"player_experience":956768,"relics_obtained":[{"floor":9,"key":"Tiny Chest"}],"event_choices":[{"damage_healed":0,"gold_gain":0,"player_choice":"Paid Gold","damage_taken":0,"relics_obtained":["Smiling Mask"],"max_hp_gain":0,"max_hp_loss":0,"event_name":"WeMeetAgain","floor":2,"gold_loss":81},{"damage_healed":0,"gold_gain":0,"player_choice":"Entered Light","damage_taken":14,"max_hp_gain":0,"max_hp_loss":0,"event_name":"Shining Light","floor":8,"gold_loss":0,"cards_upgraded":["Strike_G","Neutralize"]},{"cards_removed":["Defend_G"],"damage_healed":0,"gold_gain":0,"player_choice":"Forget","damage_taken":0,"max_hp_gain":0,"max_hp_loss":0,"event_name":"Living Wall","floor":11,"gold_loss":0},{"damage_healed":0,"gold_gain":0,"cards_transformed":["Strike_G"],"player_choice":"Transformed","damage_taken":0,"max_hp_gain":0,"max_hp_loss":0,"event_name":"Transmorgrifier","floor":12,"gold_loss":0,"cards_obtained":["Acrobatics"]}],"is_beta":false,"boss_relics":[],"items_purged_floors":[],"is_endless":false,"potions_floor_spawned":[3,7,13],"killed_by":"Slime Boss","ascension_level":0}}