{"host":"s9pfktmffzmv7xhk","time":1609683365,"event":{"mods":["Act Like it!","BaseMod","Minty Spire (QoL Compilation)","Quick Restart","StSLib"],"gold_per_floor":[211,211,211,222,233,233,249,249,273,273,286,286,305,339,339,441,441,452,452,452,452,472,506,506,538,561,590,189,202,202,102,102,201,201,215,231,74,74,94,94,125,125,125,139,157,157,157,157,157,157,157],"floor_reached":50,"playtime":5568,"items_purged":["Defend_P","Defend_P"],"score":560,"play_id":"578d56dd-4223-4de4-8a38-e325aca7152f","local_time":"20210103221605","is_ascension_mode":false,"campfire_choices":[{"data":"Eruption","floor":6.0,"key":"SMITH"},{"data":"DevaForm","floor":8.0,"key":"SMITH"},{"data":"Prostrate","floor":12.0,"key":"SMITH"},{"data":"Prostrate","floor":15.0,"key":"SMITH"},{"data":"Study","floor":24.0,"key":"SMITH"},{"data":"Nirvana","floor":32,"key":"SMITH"},{"data":"Scrawl","floor":40,"key":"SMITH"},{"floor":47,"key":"REST"},{"data":"Madness","floor":49,"key":"SMITH"}],"circlet_count":0,"master_deck":["Strike_P","Strike_P+1","Defend_P","Eruption+1","Vigilance","FearNoEvil+1","Evaluate+1","Prostrate+1","DevaForm+1","Prostrate+1","Consecrate+1","Sanctity+1","Scrawl+1","Study+1","Sanctity","Evaluate","JustLucky","JustLucky+1","WindmillStrike","CarveReality","Nirvana+1","DevaForm+1","LessonLearned","Collect+1","Secret Weapon","ForeignInfluence","Madness+1","Madness+1"],"relics":["HolyWater","MealTicket","Strawberry","Nunchaku","GremlinMask","Dead Branch","Toy Ornithopter","Kunai","Gremlin Horn","SlaversCollar","Juzu Bracelet","Blue Candle","Bottled Tornado"],"acts_visited":["Exordium","TheCity","TheBeyond"],"potions_floor_usage":[27,35,44,50],"damage_taken":[{"damage":3.0,"enemies":"2 Louse","floor":1.0,"turns":2.0},{"damage":4.0,"enemies":"Small Slimes","floor":4.0,"turns":4.0},{"damage":2.0,"enemies":"Jaw Worm","floor":5.0,"turns":3.0},{"damage":0.0,"enemies":"2 Fungi Beasts","floor":7.0,"turns":2.0},{"damage":9.0,"enemies":"Exordium Thugs","floor":11.0,"turns":6.0},{"damage":7.0,"enemies":"Large Slime","floor":13.0,"turns":6.0},{"damage":4.0,"enemies":"3 Sentries","floor":14.0,"turns":7.0},{"damage":16.0,"enemies":"Slime Boss","floor":16.0,"turns":10.0},{"damage":10.0,"enemies":"2 Thieves","floor":18.0,"turns":3.0},{"damage":0.0,"enemies":"Spheric Guardian","floor":22.0,"turns":3.0},{"damage":24.0,"enemies":"Slavers","floor":23.0,"turns":6.0},{"damage":0.0,"enemies":"Snake Plant","floor":25.0,"turns":4.0},{"damage":0,"enemies":"Book of Stabbing","floor":27,"turns":3},{"damage":11,"enemies":"Centurion and Healer","floor":29,"turns":5},{"damage":25,"enemies":"Champ","floor":33,"turns":7},{"damage":5,"enemies":"3 Shapes","floor":35,"turns":6},{"damage":25,"enemies":"3 Darklings","floor":36,"turns":4},{"damage":25,"enemies":"4 Shapes","floor":39,"turns":6},{"damage":19,"enemies":"Reptomancer","floor":41,"turns":4},{"damage":0,"enemies":"Jaw Worm Horde","floor":44,"turns":4},{"damage":25,"enemies":"3 Darklings","floor":45,"turns":4},{"damage":101,"enemies":"Time Eater","floor":50,"turns":6}],"seed_played":"-3240236716813573439","potions_obtained":[{"floor":1.0,"key":"Explosive Potion"},{"floor":4.0,"key":"Block Potion"},{"floor":14.0,"key":"EntropicBrew"},{"floor":18.0,"key":"SneckoOil"},{"floor":23.0,"key":"BottledMiracle"},{"floor":29,"key":"DistilledChaos"},{"floor":35,"key":"AttackPotion"},{"floor":39,"key":"FairyPotion"},{"floor":45,"key":"AttackPotion"}],"is_trial":false,"path_per_floor":["M","?","?","M","M","R","M","R","T","?","M","R","M","E","R","B",null,"M","?","?","?","M","E","R","M","T","E","$","M","?","$","R","B",null,"M","M","$","$","M","R","E","?","T","M","M","?","R","?","R","B"],"character_chosen":"WATCHER","items_purchased":["Nirvana","Gremlin Horn","Juzu Bracelet"],"campfire_rested":1,"item_purchase_floors":[28,28,37],"current_hp_per_floor":[69,62,67,63,61,61,61,61,68,51,42,42,35,31,31,15,84,74,74,74,74,74,50,50,50,50,55,70,59,59,74,74,49,84,79,54,69,84,59,59,40,40,40,45,20,9,34,34,34,0,0],"gold":157,"neow_bonus":"HUNDRED_GOLD","is_daily":false,"chose_seed":false,"campfire_upgraded":8,"win_rate":0.0,"timestamp":1609683365,"path_taken":["M","?","?","M","M","R","M","R","T","?","M","R","M","E","R","BOSS","M","?","?","?","M","E","R","M","T","E","$","?","?","$","R","BOSS","M","M","?","$","M","R","E","?","T","M","M","?","R","?","R","BOSS"],"items_purchased_type":["Card","Relic","Relic"],"build_version":"2020-12-22","purchased_purges":2,"victory":false,"max_hp_per_floor":[72,72,77,77,77,77,77,77,84,84,84,84,84,84,84,84,84,84,84,84,84,84,84,84,84,84,84,84,84,84,84,84,84,84,84,84,84,84,84,84,84,84,84,84,84,84,84,84,84,84,84],"card_choices":[{"not_picked":["Pray","WheelKick"],"picked":"FearNoEvil","floor":1.0},{"not_picked":["FlyingSleeves","WheelKick"],"picked":"Evaluate","floor":4.0},{"not_picked":["ThirdEye","Pray"],"picked":"Prostrate","floor":5.0},{"not_picked":["Sanctity","PathToVictory"],"picked":"DevaForm","floor":7.0},{"not_picked":["FollowUp","ClearTheMind"],"picked":"Prostrate","floor":11.0},{"not_picked":["EmptyBody","CutThroughFate"],"picked":"Consecrate","floor":13.0},{"not_picked":["BowlingBash","Nirvana"],"picked":"Sanctity","floor":14.0},{"not_picked":["Alpha","Blasphemy"],"picked":"Scrawl","floor":16.0},{"not_picked":["Prostrate+1","Halt"],"picked":"Study","floor":18.0},{"not_picked":["ClearTheMind","EmptyMind"],"picked":"JustLucky","floor":22.0},{"not_picked":["Prostrate","Study"],"picked":"JustLucky+1","floor":23.0},{"not_picked":["Collect+1","Worship"],"picked":"WindmillStrike","floor":25.0},{"not_picked":["WheelKick","Protect"],"picked":"CarveReality","floor":27},{"not_picked":["BowlingBash","DevaForm","Study"],"picked":"SKIP","floor":29},{"not_picked":["Alpha","DevaForm"],"picked":"LessonLearned","floor":33},{"not_picked":["Sanctity+1","Protect+1"],"picked":"Collect+1","floor":35},{"not_picked":["WreathOfFlame+1","BowlingBash","Prostrate"],"picked":"SKIP","floor":36},{"not_picked":["WindmillStrike","ClearTheMind","SashWhip+1"],"picked":"SKIP","floor":39},{"not_picked":["Study+1","Collect+1","Meditate+1"],"picked":"SKIP","floor":41},{"not_picked":["Swift Strike","Jack Of All Trades"],"picked":"Secret Weapon","floor":42},{"not_picked":["Vengeance","Evaluate"],"picked":"ForeignInfluence","floor":44},{"not_picked":["FlurryOfBlows+1","CutThroughFate","Halt+1"],"picked":"SKIP","floor":45}],"player_experience":691105,"relics_obtained":[{"floor":9.0,"key":"Strawberry"},{"floor":14.0,"key":"Nunchaku"},{"floor":23.0,"key":"Dead Branch"},{"floor":26.0,"key":"Toy Ornithopter"},{"floor":27,"key":"Kunai"},{"floor":41,"key":"Blue Candle"},{"floor":43,"key":"Bottled Tornado"}],"event_choices":[{"damage_healed":0.0,"max_hp_gain":0.0,"max_hp_loss":0.0,"gold_gain":0.0,"event_name":"Scrap Ooze","player_choice":"Success","floor":2.0,"gold_loss":0.0,"damage_taken":7.0,"relics_obtained":["MealTicket"]},{"damage_healed":0.0,"max_hp_gain":5.0,"max_hp_loss":0.0,"gold_gain":0.0,"event_name":"Big Fish","player_choice":"Donut","floor":3.0,"gold_loss":0.0,"damage_taken":0.0},{"damage_healed":0.0,"max_hp_gain":0.0,"max_hp_loss":0.0,"gold_gain":0.0,"event_name":"Shining Light","player_choice":"Entered Light","floor":10.0,"gold_loss":0.0,"damage_taken":17.0,"cards_upgraded":["Evaluate","Strike_P"]},{"cards_removed":["Strike_P"],"damage_healed":0.0,"max_hp_gain":0.0,"max_hp_loss":0.0,"gold_gain":0.0,"event_name":"Back to Basics","player_choice":"Elegance","floor":19.0,"gold_loss":0.0,"damage_taken":0.0},{"damage_healed":0.0,"max_hp_gain":0.0,"max_hp_loss":0.0,"gold_gain":0.0,"cards_transformed":["Strike_P","Defend_P"],"event_name":"Drug Dealer","player_choice":"Became Test Subject","floor":20.0,"gold_loss":0.0,"damage_taken":0.0,"cards_obtained":["Sanctity","Evaluate"]},{"damage_healed":0.0,"max_hp_gain":0.0,"max_hp_loss":0.0,"gold_gain":0.0,"event_name":"FaceTrader","player_choice":"Trade","floor":21.0,"gold_loss":0.0,"damage_taken":0.0,"relics_obtained":["GremlinMask"]},{"damage_healed":0,"gold_gain":0,"player_choice":"Copied","damage_taken":0,"max_hp_gain":0,"max_hp_loss":0,"event_name":"Duplicator","floor":30,"gold_loss":0,"cards_obtained":["DevaForm"]},{"damage_healed":0,"gold_gain":0,"player_choice":"Memory 1","damage_taken":0,"max_hp_gain":0,"max_hp_loss":0,"event_name":"SensoryStone","floor":42,"gold_loss":0},{"damage_healed":0,"gold_gain":0,"player_choice":"Embrace Madness","damage_taken":11,"max_hp_gain":0,"max_hp_loss":0,"event_name":"Winding Halls","floor":46,"gold_loss":0,"cards_obtained":["Madness","Madness"]},{"damage_healed":0,"gold_gain":0,"player_choice":"Upgraded","damage_taken":0,"max_hp_gain":0,"max_hp_loss":0,"event_name":"Upgrade Shrine","floor":48,"gold_loss":0,"cards_upgraded":["Madness"]}],"is_beta":false,"boss_relics":[{"not_picked":["VioletLotus","Fusion Hammer"],"picked":"HolyWater"},{"not_picked":["Astrolabe","Runic Dome"],"picked":"SlaversCollar"}],"items_purged_floors":[28,31],"is_endless":false,"potions_floor_spawned":[1,4,14,18,23,29,35,39,45],"killed_by":"Time Eater","ascension_level":0}}