{"host":"yekvm0llnambltim","time":1609652637,"event":{"mods":["Act Like it!","BaseMod","CapriCore","Challenge The Spire","Minty Spire (QoL Compilation)","MostiFishMod","Quick Restart","Relic Stats","Replay The Spire","Spicy Shops","StSLib","Waifu the Spire","¡¾ÒÅÎï¿¨ÅÆ¡¿REMEMod"],"gold_per_floor":[109,109,109,132,79,79,79,117,117,117,141,25,63,87,87,183,183,201,201,41,41,55,93,93,93],"floor_reached":24,"playtime":768,"items_purged":["Strike_B"],"score":544,"play_id":"d641e579-1db8-41c6-ae15-877f7e399bf3","local_time":"20210103134357","is_ascension_mode":true,"campfire_choices":[{"data":"ReplayTheSpireMod:Fabricate Wheel","floor":6.0,"key":"SMITH"},{"data":"Turbo","floor":10.0,"key":"SMITH"},{"data":"Genetic Algorithm","floor":15.0,"key":"SMITH"}],"circlet_count":0,"master_deck":["AscendersBane","Defend_B","Defend_B","Defend_B","Zap","Dualcast","MostiFishMod:ReadyAimFire+1","Coolheaded","Turbo+1","Creative AI+1","Genetic Algorithm+1","Hologram","Hologram","Reboot+1","MostiFishMod:PushDownKick","Echo Form","Undo","MostiFishMod:IntelligentEquipment+1","FIFO Queue","Sweeping Beam"],"relics":["Cracked Core","DaveBox","REME_ComplimentaryCards","Medical Kit","ArrowTower","SynthV:TestCard","Golden Idol","WingedGreaves","Potion Belt","Prayer Wheel","ReplayTheSpireMod:Lightbulb","Empty Cage","Guide Book","Thread and Needle"],"acts_visited":["Exordium","TheCity"],"potions_floor_usage":[24],"damage_taken":[{"damage":2.0,"enemies":"Jaw Worm","floor":1.0,"turns":4.0},{"damage":0.0,"enemies":"Small Slimes","floor":4.0,"turns":1.0},{"damage":0.0,"enemies":"Gremlin Nob","floor":8.0,"turns":2.0},{"damage":0.0,"enemies":"Cultist","floor":11.0,"turns":1.0},{"damage":10.0,"enemies":"3 Sentries","floor":13.0,"turns":5.0},{"damage":3.0,"enemies":"Blue Slaver","floor":14.0,"turns":3.0},{"damage":5.0,"enemies":"The Guardian","floor":16.0,"turns":7.0},{"damage":5.0,"enemies":"Chosen","floor":18.0,"turns":4.0},{"damage":41.0,"enemies":"Shell Parasite","floor":22.0,"turns":4.0},{"damage":0.0,"enemies":"REME_1_Revenger","floor":23.0,"turns":4.0},{"damage":14,"enemies":"Slavers","floor":24,"turns":2}],"seed_played":"-1420846378686568076","potions_obtained":[{"floor":8.0,"key":"Strength Potion"},{"floor":11.0,"key":"Regen Potion"},{"floor":13.0,"key":"Reflective Coating"},{"floor":22.0,"key":"EssenceOfSteel"}],"is_trial":false,"path_per_floor":["M","?","?","M","$","R","?","E","T","R","M","$","E","M","R","B",null,"M","?","$","?","M","E","E"],"character_chosen":"DEFECT","items_purchased":["Turbo","Hologram","Guide Book"],"campfire_rested":0,"item_purchase_floors":[5,12,20],"current_hp_per_floor":[62,62,58,58,58,58,58,58,58,58,58,58,48,45,45,40,54,49,49,49,49,20,20,6,6],"gold":93,"neow_bonus":"ONE_RARE_RELIC","is_daily":false,"chose_seed":false,"campfire_upgraded":3,"win_rate":0.0,"timestamp":1609652637,"path_taken":["M","?","?","M","?","R","?","E","T","R","M","$","E","M","R","BOSS","M","?","$","?","?","E","E"],"items_purchased_type":["Card","Card","Relic"],"build_version":"2020-12-22","purchased_purges":1,"victory":false,"max_hp_per_floor":[64,64,58,58,58,58,58,58,58,58,58,58,58,58,58,58,58,58,58,58,58,58,58,58,58],"relic_stats":{"counters":[11,36],"Golden Idol":65,"Prayer Wheel":3,"Medical Kit":[9],"obtain_stats":[{"Potion Belt":9,"DaveBox":0,"Golden Idol":3,"Guide Book":20,"Thread and Needle":23,"Medical Kit":0,"Empty Cage":17,"SynthV:TestCard":1,"Prayer Wheel":13,"WingedGreaves":8,"Cracked Core":0,"ArrowTower":0,"ReplayTheSpireMod:Lightbulb":13,"REME_ComplimentaryCards":0},{"Potion Belt":3,"DaveBox":0,"Golden Idol":1,"Guide Book":8,"Thread and Needle":10,"Medical Kit":0,"Empty Cage":7,"SynthV:TestCard":1,"Prayer Wheel":5,"WingedGreaves":3,"Cracked Core":0,"ArrowTower":0,"ReplayTheSpireMod:Lightbulb":5,"REME_ComplimentaryCards":0},{"Potion Belt":7,"DaveBox":0,"Golden Idol":4,"Guide Book":26,"Thread and Needle":34,"Medical Kit":0,"Empty Cage":22,"SynthV:TestCard":4,"Prayer Wheel":9,"WingedGreaves":7,"Cracked Core":0,"ArrowTower":0,"ReplayTheSpireMod:Lightbulb":12,"REME_ComplimentaryCards":0}]},"card_choices":[{"not_picked":["Lockon","REME_Compress","Conserve Battery"],"picked":"SKIP","floor":1.0},{"not_picked":["Sweeping Beam","Streamline","Aggregate","Glacier"],"picked":"Coolheaded","floor":4.0},{"not_picked":["Barrage","Consume","Blizzard","Capacitor"],"picked":"Genetic Algorithm","floor":8.0},{"not_picked":["MostiFishMod:ReprogramOld","Compile Driver","Coolheaded","Conserve Battery","Leap"],"picked":"SKIP","floor":11.0},{"not_picked":["Stack","Steam","BootSequence","Hello World"],"picked":"MostiFishMod:PushDownKick","floor":13.0},{"not_picked":["ReplaySort","Reprogram","Fission","MostiFishMod:GatherIntelligence","Conserve Battery"],"picked":"SKIP","floor":14.0},{"not_picked":["REME_Whirling","Go for the Eyes","Genetic Algorithm","Steam","ReplayTheSpireMod:Calculation Training"],"picked":"SKIP","floor":14.0},{"not_picked":["Biased Cognition","Reboot","ReplayTheSpireMod:Omega Cannon","MostiFishMod:Prepare"],"picked":"Echo Form","floor":16.0},{"not_picked":["Coolheaded","Beam Cell+1","Ball Lightning","MostiFishMod:PushDownKick"],"picked":"Undo","floor":18.0},{"not_picked":["ReplayTheSpireMod:Reroute Power","Barrage","MostiFishMod:PushDownKick","Steam Power"],"picked":"MostiFishMod:IntelligentEquipment","floor":18.0},{"not_picked":["BootSequence","Turbo","Steam","Leap"],"picked":"Sweeping Beam","floor":22.0},{"not_picked":["Hologram","Stack","Gash+1","Storm","ReplayTheSpireMod:Reroute Power"],"picked":"SKIP","floor":22.0},{"not_picked":["ReplayTheSpireMod:Reroute Power","Barrage","MostiFishMod:Nova","Time Bomb","FIFO Queue"],"picked":"SKIP","floor":23.0}],"player_experience":300938,"relics_obtained":[{"floor":1.0,"key":"SynthV:TestCard"},{"floor":8.0,"key":"WingedGreaves"},{"floor":9.0,"key":"Potion Belt"},{"floor":13.0,"key":"ReplayTheSpireMod:Lightbulb"},{"floor":23.0,"key":"Thread and Needle"}],"event_choices":[{"damage_healed":0.0,"max_hp_gain":0.0,"max_hp_loss":6.0,"gold_gain":0.0,"event_name":"Golden Idol","player_choice":"Lose Max HP","floor":3.0,"gold_loss":0.0,"damage_taken":0.0,"relics_obtained":["Golden Idol"]},{"damage_healed":0.0,"max_hp_gain":0.0,"max_hp_loss":0.0,"gold_gain":0.0,"cards_transformed":["Strike_B"],"event_name":"Living Wall","player_choice":"Change","floor":7.0,"gold_loss":0.0,"damage_taken":0.0,"cards_obtained":["Creative AI"]},{"damage_healed":0.0,"max_hp_gain":0.0,"max_hp_loss":0.0,"gold_gain":0.0,"event_name":"The Library","player_choice":"Read","floor":19.0,"gold_loss":0.0,"damage_taken":0.0,"cards_obtained":["FIFO Queue"]},{"damage_healed":0.0,"max_hp_gain":0.0,"max_hp_loss":0.0,"gold_gain":0.0,"event_name":"Accursed Blacksmith","player_choice":"Forge","floor":21.0,"gold_loss":0.0,"damage_taken":0.0,"cards_upgraded":["MostiFishMod:IntelligentEquipment"]}],"is_beta":false,"boss_relics":[{"not_picked":["GreenFoldingFan","GuanYuAspect"],"picked":"Empty Cage"}],"items_purged_floors":[12],"is_endless":false,"potions_floor_spawned":[8,11,13,22],"killed_by":"Slavers","ascension_level":20}}