{"host":"9b7hrp48q3pna783","time":1609701221,"event":{"mods":["BaseMod","Colored Map","Colored Powertips","Highlight Path","Minty Spire (QoL Compilation)","Relic Stats"],"gold_per_floor":[110,125,225,237,253,253,270,285,285,285,62,62,62,81,81,185,185,197,197,43,43,58,58,58,73,97,97,109,128,144,155,155,251,251,263,279,279,329,341,341,341],"floor_reached":40,"playtime":2842,"items_purged":["Strike_B","Strike_B"],"score":384,"play_id":"8526f61a-8d8d-4fc2-84f3-7970203b009e","local_time":"20210103141341","is_ascension_mode":false,"campfire_choices":[{"data":"Redo","floor":6,"key":"SMITH"},{"data":"Dualcast","floor":13,"key":"SMITH"},{"data":"Coolheaded","floor":15,"key":"SMITH"},{"data":"Rainbow","floor":23,"key":"SMITH"},{"data":"Buffer","floor":32,"key":"SMITH"}],"circlet_count":0,"master_deck":["Defend_B","Defend_B","Zap+1","Dualcast+1","Steam","Redo+1","Ball Lightning","Coolheaded+1","Conserve Battery","Seek","Doom and Gloom","Redo","Rainbow+1","Steam+1","Coolheaded","Coolheaded+1","Capacitor","White Noise+1","All For One","Melter","Barrage+1","Buffer+1","Buffer","Darkness","Finesse","Redo+1","Turbo"],"relics":["Cracked Core","Sundial","Happy Flower","Nuclear Battery","Pen Nib","Regal Pillow","Sozu","Du-Vu Doll"],"acts_visited":["Exordium","TheCity","TheBeyond"],"potions_floor_usage":[16,29,30,30,38,40],"damage_taken":[{"damage":0,"enemies":"Cultist","floor":1,"turns":3},{"damage":0,"enemies":"2 Louse","floor":2,"turns":1},{"damage":3,"enemies":"Small Slimes","floor":4,"turns":3},{"damage":25,"enemies":"Gremlin Gang","floor":5,"turns":5},{"damage":1,"enemies":"Red Slaver","floor":7,"turns":3},{"damage":1,"enemies":"Looter","floor":8,"turns":3},{"damage":0,"enemies":"Exordium Wildlife","floor":14,"turns":1},{"damage":3,"enemies":"Slime Boss","floor":16,"turns":7},{"damage":3,"enemies":"Spheric Guardian","floor":18,"turns":3},{"damage":0,"enemies":"Chosen","floor":22,"turns":4},{"damage":7,"enemies":"Snake Plant","floor":25,"turns":5},{"damage":9,"enemies":"Snecko","floor":28,"turns":4},{"damage":0,"enemies":"3 Cultists","floor":29,"turns":4},{"damage":0,"enemies":"Chosen and Byrds","floor":30,"turns":4},{"damage":3,"enemies":"Snecko","floor":31,"turns":4},{"damage":35,"enemies":"Automaton","floor":33,"turns":9},{"damage":0,"enemies":"Orb Walker","floor":35,"turns":4},{"damage":3,"enemies":"3 Shapes","floor":36,"turns":4},{"damage":33,"enemies":"Mind Bloom Boss Battle","floor":38,"turns":7},{"damage":0,"enemies":"Spire Growth","floor":39,"turns":5},{"damage":61,"enemies":"Giant Head","floor":40,"turns":9}],"seed_played":"-1047802065368076313","potions_obtained":[{"floor":2,"key":"Energy Potion"},{"floor":5,"key":"SteroidPotion"},{"floor":8,"key":"Swift Potion"},{"floor":16,"key":"Explosive Potion"},{"floor":28,"key":"Swift Potion"},{"floor":31,"key":"Explosive Potion"},{"floor":33,"key":"GamblersBrew"}],"is_trial":false,"path_per_floor":["M","M","?","M","M","R","M","M","T","?","$","?","R","M","R","B",null,"M","T","$","?","M","R","$","M","T","?","M","M","M","M","R","B",null,"M","M","?","?","M","E"],"character_chosen":"DEFECT","items_purchased":["Happy Flower","Coolheaded"],"campfire_rested":0,"item_purchase_floors":[11,20],"current_hp_per_floor":[75,75,75,72,47,47,46,45,45,45,45,45,45,45,45,42,75,72,72,72,72,72,72,72,65,65,65,56,56,56,53,53,18,75,75,72,72,39,39,0,0],"gold":341,"neow_bonus":"TRANSFORM_CARD","is_daily":false,"chose_seed":false,"campfire_upgraded":5,"win_rate":0.0,"timestamp":1609701221,"path_taken":["M","M","?","M","?","R","M","M","T","?","$","?","R","M","R","BOSS","M","?","$","?","?","R","?","M","T","?","M","M","M","M","R","BOSS","M","M","?","?","M","E"],"items_purchased_type":["Relic","Card"],"build_version":"2020-12-22","purchased_purges":2,"victory":false,"max_hp_per_floor":[75,75,75,75,75,75,75,75,75,75,75,75,75,75,75,75,75,75,75,75,75,75,75,75,75,75,75,75,75,75,75,75,75,75,75,75,75,75,75,75,75],"relic_stats":{"Sozu":3,"Regal Pillow":0,"Happy Flower":[24],"counters":[21,92],"Sundial":[10],"Pen Nib":[6],"obtain_stats":[{"Sozu":34,"Du-Vu Doll":38,"Regal Pillow":26,"Happy Flower":11,"Sundial":9,"Pen Nib":19,"Cracked Core":0,"Nuclear Battery":17},{"Sozu":16,"Du-Vu Doll":19,"Regal Pillow":11,"Happy Flower":6,"Sundial":6,"Pen Nib":9,"Cracked Core":0,"Nuclear Battery":8},{"Sozu":63,"Du-Vu Doll":78,"Regal Pillow":38,"Happy Flower":18,"Sundial":18,"Pen Nib":29,"Cracked Core":0,"Nuclear Battery":26}]},"card_choices":[{"not_picked":["Capacitor","Sweeping Beam"],"picked":"Redo","floor":1},{"not_picked":["Fusion","Compile Driver"],"picked":"Ball Lightning","floor":2},{"not_picked":["Scrape","Force Field"],"picked":"Coolheaded","floor":4},{"not_picked":["Coolheaded","Beam Cell"],"picked":"Conserve Battery","floor":5},{"not_picked":["Lockon","Compile Driver"],"picked":"Seek","floor":7},{"not_picked":["Sunder","Sweeping Beam"],"picked":"Doom and Gloom","floor":8},{"not_picked":["Storm","Gash"],"picked":"Redo","floor":14},{"not_picked":["Creative AI","Amplify"],"picked":"Rainbow","floor":16},{"not_picked":["Redo","Reinforced Body"],"picked":"Steam+1","floor":18},{"not_picked":["Cold Snap","Static Discharge+1"],"picked":"Capacitor","floor":22},{"not_picked":["Go for the Eyes","Streamline+1"],"picked":"White Noise+1","floor":25},{"not_picked":["Streamline","Sweeping Beam","Barrage+1"],"picked":"SKIP","floor":28},{"not_picked":["Sunder","Beam Cell","Steam"],"picked":"SKIP","floor":29},{"not_picked":["Blizzard","Rebound"],"picked":"Barrage+1","floor":30},{"not_picked":["Redo","Hello World"],"picked":"Buffer","floor":31},{"not_picked":["Meteor Strike","Seek"],"picked":"Buffer","floor":33},{"not_picked":["Turbo","Go for the Eyes","Gash"],"picked":"SKIP","floor":35},{"not_picked":["Aggregate+1","Gash+1"],"picked":"Darkness","floor":36},{"not_picked":["Impatience","Secret Technique"],"picked":"Finesse","floor":37},{"not_picked":["Ball Lightning+1","BootSequence"],"picked":"Redo+1","floor":38},{"not_picked":["BootSequence+1","Coolheaded"],"picked":"Turbo","floor":39}],"player_experience":59988,"relics_obtained":[{"floor":9,"key":"Sundial"},{"floor":19,"key":"Pen Nib"},{"floor":26,"key":"Regal Pillow"},{"floor":38,"key":"Du-Vu Doll"}],"event_choices":[{"damage_healed":0,"gold_gain":100,"player_choice":"Pray","damage_taken":0,"max_hp_gain":0,"max_hp_loss":0,"event_name":"Golden Shrine","floor":3,"gold_loss":0},{"cards_removed":["Strike_B"],"damage_healed":0,"gold_gain":0,"player_choice":"Forget","damage_taken":0,"max_hp_gain":0,"max_hp_loss":0,"event_name":"Living Wall","floor":10,"gold_loss":0},{"damage_healed":0,"gold_gain":0,"player_choice":"Forge","damage_taken":0,"max_hp_gain":0,"max_hp_loss":0,"event_name":"Accursed Blacksmith","floor":12,"gold_loss":0,"cards_upgraded":["Zap"]},{"damage_healed":0,"gold_gain":0,"player_choice":"Copied","damage_taken":0,"max_hp_gain":0,"max_hp_loss":0,"event_name":"Duplicator","floor":21,"gold_loss":0,"cards_obtained":["Coolheaded"]},{"damage_healed":0,"gold_gain":0,"cards_transformed":["Defend_B","Defend_B"],"player_choice":"Became Test Subject","damage_taken":0,"max_hp_gain":0,"max_hp_loss":0,"event_name":"Drug Dealer","floor":27,"gold_loss":0,"cards_obtained":["All For One","Melter"]},{"damage_healed":0,"gold_gain":0,"player_choice":"Memory 1","damage_taken":0,"max_hp_gain":0,"max_hp_loss":0,"event_name":"SensoryStone","floor":37,"gold_loss":0},{"damage_healed":0,"gold_gain":0,"player_choice":"Fight","damage_taken":0,"max_hp_gain":0,"max_hp_loss":0,"event_name":"MindBloom","floor":38,"gold_loss":0}],"is_beta":false,"boss_relics":[{"not_picked":["Snecko Eye","SacredBark"],"picked":"Nuclear Battery"},{"not_picked":["Black Star","SlaversCollar"],"picked":"Sozu"}],"items_purged_floors":[11,20],"is_endless":false,"potions_floor_spawned":[2,5,8,16,22,28,31,33,36,38,39],"killed_by":"Giant Head","ascension_level":0}}