{"host":"2n2g1vowfllvjtvi","time":1609686935,"event":{"mods":["AchievementEnabler","BaseMod","Custom Start","GifTheSpireLib","Keyboard Shortcuts","Minty Spire (QoL Compilation)","Quick Restart","Rare Cards Sparkle","StSLib","SuperFastMode","The Cursed"],"gold_per_floor":[110,123,135,151,166,166,341,341,341,341,116,116,126,26,26,127,127,141,66,81,9,19,54,69,69,95,123,143,177,190,170,170,267,267,284,159,159,175,225,225,257,257,282,282,282,316,331,331,331,331,331,331,37,64,64,64],"floor_reached":55,"playtime":2582,"items_purged":["TheCursedMod:Strike_TheCursed","TheCursedMod:Strike_TheCursed","TheCursedMod:CursedWand","TheCursedMod:HellsGateOpen"],"score":947,"play_id":"9476b41f-8453-4bea-9ba6-0c9bdc23c615","local_time":"20210104001535","is_ascension_mode":true,"campfire_choices":[{"data":"TheCursedMod:CircleOfFlame","floor":6.0,"key":"SMITH"},{"data":"TheCursedMod:CleanUpWorkshop","floor":8.0,"key":"SMITH"},{"data":"TheCursedMod:CursedSpellbook","floor":12.0,"key":"SMITH"},{"data":"TheCursedMod:SpitefulPlan","floor":15.0,"key":"SMITH"},{"data":"TheCursedMod:AbyssShockwave","floor":25.0,"key":"SMITH"},{"floor":32.0,"key":"RECALL"},{"data":"TheCursedMod:NeowsMight","floor":40.0,"key":"SMITH"},{"data":"TheCursedMod:ReleasedStrength","floor":42.0,"key":"SMITH"},{"data":"TheCursedMod:SpitefulPray","floor":44.0,"key":"SMITH"},{"floor":49.0,"key":"REST"},{"data":"TheCursedMod:BlessingInDisguise","floor":52.0,"key":"SMITH"}],"circlet_count":0,"master_deck":["TheCursedMod:Defend_TheCursed","TheCursedMod:Defend_TheCursed","TheCursedMod:Defend_TheCursed","TheCursedMod:CleanUpWorkshop+1","TheCursedMod:Dregs","TheCursedMod:CursedSpellbook+1","TheCursedMod:SurpriseAttack","TheCursedMod:CircleOfFlame+1","TheCursedMod:Evocation+1","Doubt","TheCursedMod:SpitefulPlan+1","TheCursedMod:NeowsMight+1","TheCursedMod:BlessingInDisguise+1","TheCursedMod:AbyssShockwave+1","TheCursedMod:SoulReap+1","TheCursedMod:NeowsMight+1","Flash of Steel","TheCursedMod:ReleasedStrength+1","TheCursedMod:SpitefulPray+1","TheCursedMod:ManaCirculation","Shame","TheCursedMod:FleshFromBone+1","TheCursedMod:CursedBlade"],"relics":["TheCursedMod:BlackMagic101","Juzu Bracelet","Toy Ornithopter","TheAbacus","TheCursedMod:OminousMark","War Paint","Dream Catcher","Ornamental Fan","Pen Nib","Cursed Key","Lizard Tail","Toxic Egg 2","Gremlin Horn","TheCursedMod:PinkPellets","Bottled Tornado"],"acts_visited":["Exordium","TheCity","TheBeyond","TheEnding"],"potions_floor_usage":[55,55],"damage_taken":[{"damage":0.0,"enemies":"Cultist","floor":1.0,"turns":3.0},{"damage":1.0,"enemies":"2 Louse","floor":2.0,"turns":2.0},{"damage":0.0,"enemies":"Jaw Worm","floor":3.0,"turns":3.0},{"damage":0.0,"enemies":"Exordium Wildlife","floor":4.0,"turns":3.0},{"damage":5.0,"enemies":"3 Louse","floor":5.0,"turns":2.0},{"damage":0.0,"enemies":"Red Slaver","floor":13.0,"turns":3.0},{"damage":9.0,"enemies":"Slime Boss","floor":16.0,"turns":6.0},{"damage":25.0,"enemies":"Shell Parasite","floor":18.0,"turns":4.0},{"damage":4.0,"enemies":"3 Byrds","floor":20.0,"turns":4.0},{"damage":0.0,"enemies":"Centurion and Healer","floor":22.0,"turns":4.0},{"damage":0.0,"enemies":"Gremlin Leader","floor":23.0,"turns":4.0},{"damage":5.0,"enemies":"Shelled Parasite and Fungi","floor":24.0,"turns":6.0},{"damage":0.0,"enemies":"Book of Stabbing","floor":27.0,"turns":4.0},{"damage":9.0,"enemies":"Snake Plant","floor":28.0,"turns":3.0},{"damage":15.0,"enemies":"Slavers","floor":29.0,"turns":2.0},{"damage":12.0,"enemies":"3 Cultists","floor":30.0,"turns":3.0},{"damage":1.0,"enemies":"Collector","floor":33.0,"turns":7.0},{"damage":16.0,"enemies":"3 Shapes","floor":35.0,"turns":4.0},{"damage":0.0,"enemies":"3 Darklings","floor":38.0,"turns":2.0},{"damage":0.0,"enemies":"Mind Bloom Boss Battle","floor":39.0,"turns":3.0},{"damage":0.0,"enemies":"Reptomancer","floor":41.0,"turns":3.0},{"damage":12.0,"enemies":"Giant Head","floor":46.0,"turns":5.0},{"damage":19.0,"enemies":"Jaw Worm Horde","floor":47.0,"turns":2.0},{"damage":0.0,"enemies":"4 Shapes","floor":48.0,"turns":1.0},{"damage":13.0,"enemies":"Awakened One","floor":50.0,"turns":8.0},{"damage":64.0,"enemies":"Shield and Spear","floor":54.0,"turns":5.0},{"damage":95,"enemies":"The Heart","floor":55,"turns":3}],"seed_played":"-7920357929452353429","potions_obtained":[{"floor":3.0,"key":"Regen Potion"},{"floor":4.0,"key":"AttackPotion"},{"floor":16.0,"key":"PowerPotion"},{"floor":22.0,"key":"SteroidPotion"},{"floor":24.0,"key":"TheCursedMod:DregsPotion"},{"floor":28.0,"key":"Dexterity Potion"},{"floor":30.0,"key":"EntropicBrew"},{"floor":31.0,"key":"SkillPotion"},{"floor":39.0,"key":"Swift Potion"},{"floor":46.0,"key":"Energy Potion"},{"floor":47.0,"key":"SmokeBomb"}],"is_trial":false,"path_per_floor":["M","M","M","M","M","R","?","R","T","T","$","R","M","$","R","B",null,"M","?","M","$","M","E","M","R","T","E","M","E","M","?","R","B",null,"M","$","?","M","?","R","E","R","T","R","?","E","M","M","R","B",null,"R","$","E","B"],"character_chosen":"THE_CURSED","items_purchased":["TheAbacus","TheCursedMod:AbyssShockwave","TheCursedMod:PinkPellets"],"campfire_rested":1,"item_purchase_floors":[11,21,53],"current_hp_per_floor":[54,53,53,53,48,48,48,48,48,48,48,48,48,48,48,39,75,51,51,47,47,47,47,68,68,68,75,66,60,58,58,58,74,75,64,64,64,71,75,75,75,75,75,75,75,63,50,55,75,75,75,75,75,29,0,0],"gold":64,"neow_bonus":"REMOVE_TWO","is_daily":false,"chose_seed":false,"campfire_upgraded":9,"win_rate":0.0,"timestamp":1609686935,"path_taken":["M","?","M","M","M","R","?","R","T","?","?","R","M","$","R","BOSS","M","?","M","$","M","E","M","R","T","E","M","E","M","?","R","BOSS","M","$","?","M","?","R","E","R","T","R","?","E","M","M","R","BOSS","R","$","E","BOSS"],"items_purchased_type":["Relic","Card","Relic"],"build_version":"2020-12-22","purchased_purges":4,"victory":false,"max_hp_per_floor":[75,75,75,75,75,75,75,75,75,75,75,75,75,75,75,75,75,75,75,75,75,75,75,75,75,75,75,75,75,75,75,75,75,75,75,75,75,75,75,75,75,75,75,75,75,75,75,75,75,75,75,75,75,75,75,75],"card_choices":[{"not_picked":["TheCursedMod:Torture","TheCursedMod:Grudge"],"picked":"TheCursedMod:CursedSpellbook","floor":1.0},{"not_picked":["TheCursedMod:CursedAmulet","TheCursedMod:Stigma"],"picked":"TheCursedMod:SurpriseAttack","floor":2.0},{"not_picked":["TheCursedMod:Torture","TheCursedMod:TacticalStrike"],"picked":"TheCursedMod:HellsGateOpen","floor":3.0},{"not_picked":["TheCursedMod:SpitefulPlan","TheCursedMod:WearCloak"],"picked":"TheCursedMod:CircleOfFlame","floor":4.0},{"not_picked":["TheCursedMod:CircleOfFlame","TheCursedMod:CursedAmulet"],"picked":"TheCursedMod:Evocation","floor":5.0},{"not_picked":["TheCursedMod:CursedMace","TheCursedMod:RapidMovement"],"picked":"TheCursedMod:SpitefulPlan","floor":13.0},{"not_picked":["TheCursedMod:UltimatePain","TheCursedMod:ManaCirculation"],"picked":"TheCursedMod:NeowsMight","floor":16.0},{"not_picked":["TheCursedMod:ReleasedKnowledge","TheCursedMod:TacticalStrike"],"picked":"TheCursedMod:BlessingInDisguise","floor":18.0},{"not_picked":["TheCursedMod:CursedShiv","TheCursedMod:RavingStaff","TheCursedMod:ReleasedKnowledge"],"picked":"SKIP","floor":20.0},{"not_picked":["TheCursedMod:SpreadPlague","TheCursedMod:VitalStrike","TheCursedMod:CircleOfWindfury"],"picked":"SKIP","floor":22.0},{"not_picked":["TheCursedMod:CircleOfBlood","TheCursedMod:SaltUponWound"],"picked":"TheCursedMod:SoulReap+1","floor":23.0},{"not_picked":["TheCursedMod:CursedMace+1","TheCursedMod:CursedAmulet","TheCursedMod:RapidMovement"],"picked":"SKIP","floor":24.0},{"not_picked":["TheCursedMod:SaltUponWound","TheCursedMod:WearCloak+1","TheCursedMod:RapidMovement"],"picked":"SKIP","floor":27.0},{"not_picked":["TheCursedMod:ShockAndAwe","TheCursedMod:SurpriseAttack","TheCursedMod:WearCloak"],"picked":"SKIP","floor":28.0},{"not_picked":["TheCursedMod:ShockAndAwe","TheCursedMod:SurpriseAttack","TheCursedMod:WearCloak"],"picked":"SKIP","floor":28.0},{"not_picked":["TheCursedMod:CursedSpellbook","TheCursedMod:Wield","TheCursedMod:CircleOfBlood"],"picked":"SKIP","floor":29.0},{"not_picked":["TheCursedMod:RavingStaff","TheCursedMod:SurpriseAttack","TheCursedMod:CircleOfBlood"],"picked":"SKIP","floor":30.0},{"not_picked":["TheCursedMod:ShockAndAwe","TheCursedMod:DemonicPact"],"picked":"TheCursedMod:NeowsMight","floor":33.0},{"not_picked":["TheCursedMod:RavingStaff","TheCursedMod:EmpowerCircles","TheCursedMod:TroublousMinions"],"picked":"SKIP","floor":35.0},{"not_picked":["Transmutation","Good Instincts"],"picked":"Flash of Steel","floor":37.0},{"not_picked":["TheCursedMod:WearCloak+1","TheCursedMod:CircleOfBlood"],"picked":"TheCursedMod:ReleasedStrength","floor":38.0},{"not_picked":["TheCursedMod:CursedBlade+1","TheCursedMod:SmokeScreen+1"],"picked":"TheCursedMod:SpitefulPray","floor":39.0},{"not_picked":["TheCursedMod:DemonicPact","TheCursedMod:FuryStrike+1"],"picked":"TheCursedMod:ManaCirculation","floor":41.0},{"not_picked":["TheCursedMod:ReleasedKnowledge+1","TheCursedMod:Neurasthenia+1","TheCursedMod:Stigma+1"],"picked":"SKIP","floor":46.0},{"not_picked":["TheCursedMod:ReleasedStrength+1","TheCursedMod:TroublousMinions+1"],"picked":"TheCursedMod:FleshFromBone+1","floor":47.0},{"not_picked":["TheCursedMod:Stigma+1","TheCursedMod:SpitefulStrike+1"],"picked":"TheCursedMod:CursedBlade","floor":54.0}],"player_experience":428350,"relics_obtained":[{"floor":9.0,"key":"Juzu Bracelet"},{"floor":10.0,"key":"Toy Ornithopter"},{"floor":23.0,"key":"War Paint"},{"floor":26.0,"key":"Dream Catcher"},{"floor":27.0,"key":"Ornamental Fan"},{"floor":29.0,"key":"Pen Nib"},{"floor":39.0,"key":"Lizard Tail"},{"floor":41.0,"key":"Toxic Egg 2"},{"floor":46.0,"key":"Gremlin Horn"},{"floor":54.0,"key":"Bottled Tornado"}],"event_choices":[{"damage_healed":0.0,"max_hp_gain":0.0,"max_hp_loss":0.0,"gold_gain":175.0,"event_name":"Liars Game","player_choice":"AGREE","floor":7.0,"gold_loss":0.0,"damage_taken":0.0,"cards_obtained":["Doubt"]},{"cards_removed":["TheCursedMod:Strike_TheCursed"],"damage_healed":0.0,"max_hp_gain":0.0,"max_hp_loss":0.0,"gold_gain":0.0,"event_name":"Beggar","player_choice":"Gave Gold","floor":19.0,"gold_loss":75.0,"damage_taken":0.0},{"damage_healed":0.0,"max_hp_gain":0.0,"max_hp_loss":0.0,"gold_gain":0.0,"event_name":"The Woman in Blue","player_choice":"Bought 1 Potion","floor":31.0,"gold_loss":0.0,"damage_taken":0.0},{"damage_healed":0.0,"max_hp_gain":0.0,"max_hp_loss":0.0,"gold_gain":0.0,"event_name":"SensoryStone","player_choice":"Memory 1","floor":37.0,"gold_loss":0.0,"damage_taken":0.0},{"damage_healed":0.0,"max_hp_gain":0.0,"max_hp_loss":0.0,"gold_gain":0.0,"event_name":"MindBloom","player_choice":"Fight","floor":39.0,"gold_loss":0.0,"damage_taken":0.0},{"damage_healed":0.0,"max_hp_gain":0.0,"max_hp_loss":0.0,"gold_gain":0.0,"event_name":"Tomb of Lord Red Mask","player_choice":"Ignored","floor":45.0,"gold_loss":0.0,"damage_taken":0.0}],"is_beta":false,"boss_relics":[{"not_picked":["Empty Cage","Philosopher\u0027s Stone"],"picked":"TheCursedMod:OminousMark"},{"not_picked":["Pandora\u0027s Box","Snecko Eye"],"picked":"Cursed Key"}],"items_purged_floors":[11,14,36,53],"is_endless":false,"potions_floor_spawned":[3,4,16,22,24,28,30,39,46,47],"killed_by":"The Heart","ascension_level":1}}