{"host":"zig6x0mxqzam82fb","time":1609652809,"event":{"mods":["BaseMod","Block Reminder","Colored Map","Colored Powertips","Marisa????????","Minty Spire (QoL Compilation)","Relic Stats","StSLib","The Cursed","The Marked","Waifu the Spire"],"gold_per_floor":[99,20,20,20,20,20,20,20,20,20,20,20,20,20,20,20,20,20,20,20,20,20,20,20,20,20,20,20,20,20,20,20,20,20,20,20,20,0,0,0,0,0,0,0,0,0,0,0,0,0],"floor_reached":51,"playtime":3263,"items_purged":[],"score":1119,"play_id":"4294dd24-a798-458d-aaf2-fcb0b620ef4a","local_time":"20210103004649","is_ascension_mode":true,"campfire_choices":[{"floor":10,"key":"REST"},{"data":"theMarked:StartUp","floor":12,"key":"SMITH"},{"data":"theMarked:SoldierOfQuellstein","floor":15,"key":"SMITH"},{"floor":24,"key":"REST"},{"floor":27,"key":"REST"},{"floor":30,"key":"REST"},{"data":"theMarked:WardOff","floor":32,"key":"SMITH"},{"floor":41,"key":"REST"},{"floor":49,"key":"REST"}],"circlet_count":0,"master_deck":["theMarked:Strike","theMarked:Strike","theMarked:Strike","theMarked:Strike+1","theMarked:Defend","theMarked:Defend","theMarked:Defend","theMarked:Defend","theMarked:SoldierOfQuellstein+1","theMarked:WastefulAttack","theMarked:StartUp+1","theMarked:Frustration","theMarked:BanishingStrike+1","theMarked:WastefulDefense","theMarked:BanishingStrike","theMarked:BanishingStrike","theMarked:WardOff+1","theMarked:TwofoldDefense","theMarked:BindingBlade","theMarked:Improvise+1","theMarked:TwofoldDefense","theMarked:ReduceFriction","theMarked:BanishingStrike","theMarked:BanishingWave+1","theMarked:Frustration+1","Injury","Regret","theMarked:TakeOffHeels","theMarked:EmpowerWeapon+1","theMarked:Seal+1","theMarked:TakeOffHeels","theMarked:WastefulDefense","Magnetism","Bandage Up","theMarked:Parry+1","theMarked:Parkour+1","theMarked:WardOff","theMarked:BanishingStrike+1","Injury","theMarked:SummonStrength","Shame","Wraith","theMarked:WardOff+1","theMarked:ReduceFriction+1"],"relics":["Ectoplasm","Regal Pillow","Boot","Bag of Preparation","Cursed Key","Dream Catcher","TungstenRod","Tiny Chest","Blue Candle","SlaversCollar","Red Mask","Whetstone","Singing Bowl","Bottled Flame","Strawberry"],"acts_visited":["Exordium","TheCity","TheBeyond"],"potions_floor_usage":[16,23,28,39,48],"damage_taken":[{"damage":1,"enemies":"Cultist","floor":1,"turns":3},{"damage":8,"enemies":"Small Slimes","floor":3,"turns":3},{"damage":0,"enemies":"2 Louse","floor":4,"turns":3},{"damage":12,"enemies":"3 Sentries","floor":6,"turns":7},{"damage":18,"enemies":"Lagavulin","floor":8,"turns":5},{"damage":0,"enemies":"Exordium Wildlife","floor":11,"turns":3},{"damage":6,"enemies":"Blue Slaver","floor":13,"turns":3},{"damage":7,"enemies":"Red Slaver","floor":14,"turns":3},{"damage":0,"enemies":"Slime Boss","floor":16,"turns":3},{"damage":14,"enemies":"Shell Parasite","floor":18,"turns":3},{"damage":0,"enemies":"3 Byrds","floor":19,"turns":4},{"damage":11,"enemies":"Cultist and Chosen","floor":20,"turns":6},{"damage":6,"enemies":"Shelled Parasite and Fungi","floor":21,"turns":4},{"damage":4,"enemies":"Gremlin Leader","floor":23,"turns":4},{"damage":15,"enemies":"Slavers","floor":28,"turns":5},{"damage":21,"enemies":"Snake Plant","floor":29,"turns":3},{"damage":51,"enemies":"Champ","floor":33,"turns":9},{"damage":0,"enemies":"3 Shapes","floor":35,"turns":4},{"damage":5,"enemies":"3 Darklings","floor":39,"turns":2},{"damage":3,"enemies":"Reptomancer","floor":40,"turns":7},{"damage":19,"enemies":"Giant Head","floor":42,"turns":8},{"damage":5,"enemies":"4 Shapes","floor":44,"turns":5},{"damage":22,"enemies":"Maw","floor":48,"turns":7},{"damage":47,"enemies":"Awakened One","floor":50,"turns":13}],"seed_played":"-6228677294679941984","potions_obtained":[{"floor":1,"key":"AttackPotion"},{"floor":4,"key":"theMarked:ChargePotion"},{"floor":8,"key":"GamblersBrew"},{"floor":14,"key":"Ancient Potion"},{"floor":18,"key":"DuplicationPotion"},{"floor":23,"key":"BlessingOfTheForge"},{"floor":28,"key":"theMarked:SummonPotion"},{"floor":29,"key":"Swift Potion"},{"floor":40,"key":"Fire Potion"},{"floor":48,"key":"SneckoOil"}],"is_trial":false,"path_per_floor":["M","$","M","M","$","E","?","E","T","R","M","R","M","M","R","B",null,"M","M","M","M","?","E","R","T","T","R","E","M","R","?","R","B",null,"M","$","?","?","M","E","R","E","T","M","T","$","?","M","R","B",null],"character_chosen":"THE_DEFAULT","items_purchased":["theMarked:StartUp"],"campfire_rested":6,"item_purchase_floors":[2],"current_hp_per_floor":[69,69,61,61,61,49,49,31,31,67,67,67,61,54,54,54,66,52,52,41,35,22,18,55,55,55,75,60,39,75,75,75,24,62,62,62,58,58,53,54,75,56,56,55,62,62,62,44,82,41],"gold":0,"neow_bonus":"BOSS_RELIC","is_daily":false,"chose_seed":false,"campfire_upgraded":3,"win_rate":0.0,"timestamp":1609652809,"path_taken":["M","$","M","M","?","E","?","E","T","R","M","R","M","M","R","BOSS","M","M","M","M","?","E","R","?","T","R","E","M","R","?","R","BOSS","M","$","?","?","M","E","R","E","T","M","?","$","?","M","R","BOSS"],"items_purchased_type":["Card"],"build_version":"2020-12-22","purchased_purges":0,"victory":true,"max_hp_per_floor":[70,70,70,70,70,70,70,70,70,70,70,70,70,70,70,70,70,70,70,70,70,75,75,75,75,75,75,75,75,75,75,75,75,75,75,75,75,75,75,75,75,75,75,75,82,82,82,82,82,82],"relic_stats":{"Regal Pillow":58,"Singing Bowl":0,"counters":[24,117],"Blue Candle":[19],"Bag of Preparation":[38],"Whetstone":["theMarked:Strike","theMarked:BanishingStrike"],"Boot":[29],"Cursed Key":4,"Dream Catcher":5,"Tiny Chest":1,"Ectoplasm":855,"obtain_stats":[{"Regal Pillow":6,"Singing Bowl":42,"Blue Candle":28,"Bag of Preparation":9,"Whetstone":40,"Boot":8,"Cursed Key":17,"theMarked:ArtifactOfAir":0,"SlaversCollar":34,"Dream Catcher":23,"Bottled Flame":43,"Strawberry":45,"Tiny Chest":26,"Ectoplasm":0,"Red Mask":38,"TungstenRod":25},{"Regal Pillow":4,"Singing Bowl":21,"Blue Candle":15,"Bag of Preparation":5,"Whetstone":20,"Boot":5,"Cursed Key":9,"theMarked:ArtifactOfAir":0,"SlaversCollar":17,"Dream Catcher":14,"Bottled Flame":21,"Strawberry":22,"Tiny Chest":14,"Ectoplasm":0,"Red Mask":18,"TungstenRod":14},{"Regal Pillow":16,"Singing Bowl":92,"Blue Candle":59,"Bag of Preparation":21,"Whetstone":84,"Boot":21,"Cursed Key":33,"theMarked:ArtifactOfAir":0,"SlaversCollar":71,"Dream Catcher":54,"Bottled Flame":92,"Strawberry":97,"Tiny Chest":54,"Ectoplasm":0,"Red Mask":75,"TungstenRod":54}],"TungstenRod":43},"card_choices":[{"not_picked":["theMarked:MysticalArsenal","theMarked:DeterminationOfTheMarked"],"picked":"theMarked:WastefulAttack","floor":1},{"not_picked":["theMarked:CreepingChasm","theMarked:ElectricStrings"],"picked":"theMarked:Frustration","floor":3},{"not_picked":["theMarked:ReduceFriction","theMarked:Polarize"],"picked":"theMarked:BanishingStrike","floor":4},{"not_picked":["theMarked:ReduceFriction","theMarked:HeightenedSenses"],"picked":"theMarked:WastefulDefense","floor":6},{"not_picked":["theMarked:ChainLightning","theMarked:Static"],"picked":"theMarked:BanishingStrike","floor":8},{"not_picked":["theMarked:DeterminationOfTheMarked","theMarked:RogueSparks"],"picked":"theMarked:BanishingStrike","floor":11},{"not_picked":["theMarked:ElectricStrings","theMarked:PowerFlow"],"picked":"theMarked:WardOff","floor":13},{"not_picked":["theMarked:BanishingStrike","theMarked:ResourceFulStrike"],"picked":"theMarked:TwofoldDefense","floor":14},{"not_picked":["theMarked:Challenge","theMarked:Snap"],"picked":"theMarked:BindingBlade","floor":16},{"not_picked":["theMarked:ResourceFulStrike","theMarked:BanishingStrike"],"picked":"theMarked:Improvise+1","floor":18},{"not_picked":["theMarked:AttractMetal","theMarked:SwordAndMagic"],"picked":"theMarked:TwofoldDefense","floor":19},{"not_picked":["theMarked:SwordAndMagic","theMarked:EmpowerWeapon"],"picked":"theMarked:ReduceFriction","floor":20},{"not_picked":["theMarked:Standoff+1","theMarked:WastefulDefense"],"picked":"theMarked:BanishingStrike","floor":21},{"not_picked":["theMarked:FavorableWinds","theMarked:RepellingDischarge+1"],"picked":"theMarked:BanishingWave+1","floor":23},{"not_picked":["theMarked:ChainLightning+1","theMarked:ResourceFulStrike"],"picked":"theMarked:Frustration+1","floor":24},{"not_picked":["theMarked:BanishingStrike+1","theMarked:RogueSparks+1"],"picked":"theMarked:TakeOffHeels","floor":27},{"not_picked":["theMarked:Improvise+1","theMarked:ElectricStrings"],"picked":"theMarked:EmpowerWeapon+1","floor":28},{"not_picked":["theMarked:CreepingChasm","theMarked:Static+1","theMarked:EmpowerWeapon"],"picked":"SKIP","floor":29},{"not_picked":["theMarked:Aftermath","theMarked:MaelstromOfLightning+1"],"picked":"theMarked:Seal+1","floor":30},{"not_picked":["theMarked:SuspiciousRaven","theMarked:Snap"],"picked":"theMarked:TakeOffHeels","floor":33},{"not_picked":["theMarked:ResourceFulStrike","theMarked:ComboAttacks"],"picked":"theMarked:WastefulDefense","floor":35},{"not_picked":["Violence","PanicButton"],"picked":"Magnetism","floor":37},{"not_picked":["Deep Breath","Blind"],"picked":"Bandage Up","floor":37},{"not_picked":["theMarked:BanishingStrike","theMarked:TwofoldDefense"],"picked":"theMarked:Parry+1","floor":39},{"not_picked":["theMarked:Improvise","theMarked:WardOff"],"picked":"theMarked:Parkour+1","floor":40},{"not_picked":["theMarked:Reabsorb+1","theMarked:Opportunist+1"],"picked":"theMarked:WardOff","floor":41},{"not_picked":["theMarked:WastefulDefense","theMarked:Opportunist+1"],"picked":"theMarked:BanishingStrike+1","floor":42},{"not_picked":["theMarked:EnhanceMovement","theMarked:Parkour"],"picked":"theMarked:SummonStrength","floor":44},{"not_picked":["theMarked:ComboAttacks+1","theMarked:Seal"],"picked":"theMarked:WardOff+1","floor":48},{"not_picked":["theMarked:ComboAttacks+1","theMarked:ChainLightning"],"picked":"theMarked:ReduceFriction+1","floor":49}],"player_experience":432178,"relics_obtained":[{"floor":6,"key":"Regal Pillow"},{"floor":8,"key":"Boot"},{"floor":9,"key":"Bag of Preparation"},{"floor":23,"key":"Dream Catcher"},{"floor":25,"key":"TungstenRod"},{"floor":26,"key":"Tiny Chest"},{"floor":28,"key":"Blue Candle"},{"floor":40,"key":"Whetstone"},{"floor":42,"key":"Singing Bowl"},{"floor":43,"key":"Bottled Flame"},{"floor":45,"key":"Strawberry"}],"event_choices":[{"damage_healed":0,"gold_gain":30,"player_choice":"Searched \u00271\u0027 times","damage_taken":0,"max_hp_gain":0,"max_hp_loss":0,"event_name":"Dead Adventurer","floor":7,"gold_loss":0},{"damage_healed":0,"gold_gain":0,"player_choice":"Shed Blood","damage_taken":18,"max_hp_gain":5,"max_hp_loss":0,"event_name":"Forgotten Altar","floor":22,"gold_loss":0},{"cards_removed":["theMarked:Strike"],"damage_healed":0,"gold_gain":0,"player_choice":"Card Removal","damage_taken":0,"max_hp_gain":0,"max_hp_loss":0,"event_name":"Wheel of Change","floor":31,"gold_loss":0},{"damage_healed":0,"gold_gain":0,"player_choice":"Memory 2","damage_taken":5,"max_hp_gain":0,"max_hp_loss":0,"event_name":"SensoryStone","floor":37,"gold_loss":0},{"damage_healed":0,"gold_gain":0,"player_choice":"Paid","damage_taken":0,"relics_obtained":["Red Mask"],"max_hp_gain":0,"max_hp_loss":0,"event_name":"Tomb of Lord Red Mask","floor":38,"gold_loss":20},{"damage_healed":0,"gold_gain":0,"player_choice":"Ignored","damage_taken":0,"max_hp_gain":0,"max_hp_loss":0,"event_name":"OrinTheCat","floor":47,"gold_loss":0}],"is_beta":false,"boss_relics":[{"not_picked":["Calling Bell","Sozu"],"picked":"Cursed Key"},{"not_picked":["Coffee Dripper","Snecko Eye"],"picked":"SlaversCollar"}],"items_purged_floors":[],"is_endless":false,"potions_floor_spawned":[1,4,8,14,18,23,28,29,40,48],"ascension_level":5}}