{"host":"fo1pcjb7ykmk7tjo","time":1609685316,"event":{"mods":["BaseMod","Colored Map","Downfall","Hermit","Hubris","Infinite Spire","Marisa????????","Minty Spire (QoL Compilation)","Replay The Spire","StSLib","The Disciple","The Servant 0.9.4"],"gold_per_floor":[109,129,71,83,94,94,94,228,228,259,259,259,131,131,131,230,230,243,168,168],"floor_reached":19,"playtime":998,"items_purged":["Strike_MRS"],"score":221,"play_id":"31139cba-962b-4edf-87fe-1ffa49bc8aab","local_time":"20210103154836","is_ascension_mode":true,"campfire_choices":[{"data":"BlazeAway","floor":6.0,"key":"SMITH"},{"data":"UpSweep","floor":15.0,"key":"SMITH"}],"circlet_count":0,"master_deck":["MasterSpark","UpSweep+1","DoubleSpark","GasGiant","ChargeUpSpray+1","BlazeAway+1","OortCloud+1","GalacticHalo","SuperNova","DoubleSpark","EarthLightRay","GalacticHalo","Orbital","UnstableBomb","StarlightTyphoon","StarBarrage","OortCloud"],"relics":["MiniHakkero","NeowsBlessing","hubris:Icosahedron","Simple Rune","Replay:Accelerometer","Akabeko","AmplifyWand","War Paint","Pandora\u0027s Box"],"acts_visited":["Exordium","TheCity"],"potions_floor_usage":[],"damage_taken":[{"damage":0.0,"enemies":"infinitespire:Voidling","floor":1.0,"turns":1.0},{"damage":0.0,"enemies":"Small Slimes","floor":2.0,"turns":1.0},{"damage":0.0,"enemies":"Jaw Worm","floor":4.0,"turns":1.0},{"damage":0.0,"enemies":"2 Fungi Beasts","floor":5.0,"turns":3.0},{"damage":20.0,"enemies":"3 Sentries","floor":8.0,"turns":6.0},{"damage":9.0,"enemies":"Lagavulin","floor":10.0,"turns":4.0},{"damage":1.0,"enemies":"Fading Forest","floor":16.0,"turns":11.0},{"damage":0,"enemies":"3 Byrds","floor":18,"turns":3},{"damage":21,"enemies":"2 Thieves","floor":19,"turns":4}],"seed_played":"-5042107980265398720","potions_obtained":[{"floor":5.0,"key":"Swift Potion"},{"floor":10.0,"key":"Reflective Coating"},{"floor":16.0,"key":"Energy Potion"},{"floor":18,"key":"Explosive Potion"}],"is_trial":false,"path_per_floor":["M","M","$","M","M","R","?","E","T","E","?","T","$","?","R","B",null,"M","M"],"character_chosen":"MARISA","items_purchased":["ChargeUpSpray+1","GalacticHalo"],"campfire_rested":0,"item_purchase_floors":[3,13],"current_hp_per_floor":[75,75,75,75,75,75,75,55,55,46,46,46,46,46,46,45,68,68,51,51],"gold":168,"neow_bonus":"THREE_ENEMY_KILL","is_daily":false,"chose_seed":false,"campfire_upgraded":2,"win_rate":0.0,"timestamp":1609685316,"path_taken":["M","M","$","?","M","R","?","E","T","E","?","?","$","?","R","BOSS","M","M"],"items_purchased_type":["Card","Card"],"build_version":"2020-12-22","purchased_purges":1,"victory":false,"max_hp_per_floor":[75,75,75,75,75,75,75,75,75,75,75,75,75,75,75,75,75,75,75,75],"card_choices":[{"not_picked":["EarthLightRay","MysteriousBeam"],"picked":"DoubleSpark","floor":1.0},{"not_picked":["BlazeAway","NonDirectionalLaser"],"picked":"GasGiant","floor":2.0},{"not_picked":["Acceleration","Orbital","EarthLightRay"],"picked":"SKIP","floor":4.0},{"not_picked":["WitchOfGreed","LuminesStrike"],"picked":"BlazeAway","floor":5.0},{"not_picked":["GravityBeat","Occultation"],"picked":"OortCloud","floor":8.0},{"not_picked":["CollectingQuirk","NonDirectionalLaser","MysteriousBeam"],"picked":"SKIP","floor":10.0},{"not_picked":["AbsoluteMagnitude","BigCrunch"],"picked":"SuperNova","floor":16.0},{"not_picked":["PowerUp","SuperPerseids"],"picked":"OortCloud","floor":18}],"player_experience":192937,"relics_obtained":[{"floor":8.0,"key":"Simple Rune"},{"floor":9.0,"key":"Replay:Accelerometer"},{"floor":10.0,"key":"Akabeko"},{"floor":11.0,"key":"AmplifyWand"},{"floor":12.0,"key":"War Paint"}],"event_choices":[{"damage_healed":0.0,"max_hp_gain":0.0,"max_hp_loss":0.0,"gold_gain":0.0,"event_name":"Upgrade Shrine","player_choice":"Upgraded","floor":14.0,"gold_loss":0.0,"damage_taken":0.0,"cards_upgraded":["OortCloud"]}],"is_beta":false,"boss_relics":[{"not_picked":["hubris:HollowSoul","Replay:Wanted Poster"],"picked":"Pandora\u0027s Box"}],"items_purged_floors":[13],"is_endless":false,"potions_floor_spawned":[5,10,16,18],"killed_by":"2 Thieves","ascension_level":5}}