{"host":"t9wo05e1llrbe5dt","time":1609635159,"event":{"mods":["2.2 Compatiblity","AchievementEnabler","Ascension Unlocker","BaseMod","Bestiary","Better Altar","Better Match","Better Note","Better Sensory Stone","Better Skull","Better Third Choice","Better Vampires","Better-Laid Plans","Block Reminder","Colored Map","Colored Powertips","Curses Come First","DeckTracker","Displayed Cursed Tome","Downfall","Filter the Spire","Googly Eyes","Gremlin Mod","GungeonMod","Hermit","Highlight Path","Marked Mod","Minty Spire (QoL Compilation)","Quick Restart","Random Character Button","Rare Cards Sparkle","Reorder Act Four","Reworked Bosses","Spicy Shops","StSLib","The Bug Knight","The Cursed","The Hierophant","The IronCluck","The Mystic","The Necromancer","The Runesmith","Transform Curses","Uncapped","everything is the same but u backflip on backflip","slay the spire mod where everything is the same but ironclad has a cowboy hat"],"gold_per_floor":[111,121,121,135,145,171,182,182,208,238,253,273,273,285,285,382,382,396,8,8,108,126,126,154,168,168,196,196,214,214,214,214,214,214],"floor_reached":33,"playtime":2251,"items_purged":[],"score":314,"play_id":"b4d08c6e-055e-4d6b-8a02-4b880ea8c8d2","local_time":"20210102185239","is_ascension_mode":true,"campfire_choices":[{"data":"HollowMod:VengefulSpirit","floor":13,"key":"SMITH"},{"floor":15,"key":"REST"},{"floor":23,"key":"REST"},{"floor":28,"key":"REST"},{"floor":30,"key":"REST"},{"floor":32,"key":"REST"}],"circlet_count":0,"master_deck":["HollowMod:NailStrikeStart","HollowMod:NailStrikeStart","HollowMod:NailStrikeStart","HollowMod:NailStrikeStart","HollowMod:QuickDashStart","HollowMod:QuickDashStart","HollowMod:QuickDashStart","HollowMod:FocusHealStart","HollowMod:PogoStrike","HollowMod:SoulStrike","HollowMod:ShapeofUnn","HollowMod:SoulStrike","HollowMod:LifebloodCore","HollowMod:InfectedCysts","HollowMod:DashSlash","HollowMod:VengefulSpirit+1","HollowMod:LifebloodCocoon","HollowMod:HeavyBlow","HollowMod:HowlingWraiths","HollowMod:Hiveblood","HollowMod:CornifersMapStart","HollowMod:SoulShaman","HollowMod:DoubleDash","HollowMod:GoodIntentions+1","HollowMod:MawleksShell+1","HollowMod:PureNailStrike","HollowMod:SiblingsSouls"],"relics":["HollowMod:VesselMask","NeowsBlessing","FossilizedHelix","Bottled Flame","Fusion Hammer","Bag of Marbles","DemoMod:WeirdEgg","Du-Vu Doll","The Courier","Nunchaku","NlothsMask"],"acts_visited":["Exordium","TheCity"],"potions_floor_usage":[10,16,24,27,29],"damage_taken":[{"damage":0.0,"enemies":"Small Slimes","floor":1.0,"turns":1.0},{"damage":0.0,"enemies":"Jaw Worm","floor":2.0,"turns":1.0},{"damage":0.0,"enemies":"Cultist","floor":4.0,"turns":1.0},{"damage":10.0,"enemies":"Large Slime","floor":5.0,"turns":9.0},{"damage":35.0,"enemies":"3 Sentries","floor":6.0,"turns":12.0},{"damage":0.0,"enemies":"2 Fungi Beasts","floor":7.0,"turns":2.0},{"damage":35,"enemies":"Lagavulin","floor":10,"turns":8},{"damage":0,"enemies":"Looter","floor":11,"turns":2},{"damage":0,"enemies":"Blue Slaver","floor":12,"turns":5},{"damage":0,"enemies":"Red Slaver","floor":14,"turns":3},{"damage":36,"enemies":"Slime Boss","floor":16,"turns":13},{"damage":28,"enemies":"Spheric Guardian","floor":18,"turns":4},{"damage":22,"enemies":"HollowMod:HuskSentry","floor":22,"turns":5},{"damage":46,"enemies":"Gremlin Leader","floor":24,"turns":8},{"damage":0,"enemies":"Snecko","floor":25,"turns":6},{"damage":102,"enemies":"Slavers","floor":27,"turns":7},{"damage":16,"enemies":"Shelled Parasite and Fungi","floor":29,"turns":4},{"damage":87,"enemies":"bossMod:newCollector","floor":33,"turns":5}],"seed_played":"4857822520880558588","potions_obtained":[{"floor":2.0,"key":"LiquidBronze"},{"floor":4.0,"key":"FairyPotion"},{"floor":5.0,"key":"AttackPotion"},{"floor":14,"key":"SkillPotion"},{"floor":22,"key":"Regen Potion"},{"floor":27,"key":"BlessingOfTheForge"}],"is_trial":false,"path_per_floor":["M","M","?","M","M","E","M","?","T","E","M","M","R","M","R","B",null,"M","$","?","?","M","R","E","M","T","E","R","M","R","?","R","B"],"character_chosen":"THE_BUGKNIGHT","items_purchased":["Bag of Marbles","DemoMod:WeirdEgg","HollowMod:SoulShaman"],"campfire_rested":5,"item_purchase_floors":[19,19,19],"current_hp_per_floor":[75,75,75,75,74,51,51,51,51,28,28,38,38,38,60,30,75,47,47,47,47,37,59,47,67,67,3,25,9,31,31,53,0,0],"gold":214,"neow_bonus":"THREE_ENEMY_KILL","is_daily":false,"chose_seed":false,"campfire_upgraded":1,"win_rate":0.0,"timestamp":1609635159,"path_taken":["M","M","?","M","M","E","M","?","T","E","?","M","R","M","R","BOSS","M","$","?","?","M","R","E","M","T","E","R","M","R","?","R","BOSS"],"items_purchased_type":["Relic","Relic","Card"],"build_version":"2020-12-22","purchased_purges":0,"victory":false,"max_hp_per_floor":[75,75,75,75,75,75,75,75,75,75,75,75,75,75,75,75,75,75,75,75,75,75,75,75,75,75,75,75,75,75,75,75,75,75],"card_choices":[{"not_picked":["HollowMod:SoulSplash","HollowMod:SharpenedShadows"],"picked":"HollowMod:SoulStrike","floor":1.0},{"not_picked":["HollowMod:DreamGate","HollowMod:BlackTendrils"],"picked":"HollowMod:ShapeofUnn","floor":2.0},{"not_picked":["HollowMod:SoulSplash","HollowMod:SharpenedNail"],"picked":"HollowMod:SoulStrike","floor":4.0},{"not_picked":["HollowMod:SoulSplash","HollowMod:MonarchWings"],"picked":"HollowMod:LifebloodCore","floor":5.0},{"not_picked":["HollowMod:DreamGate","HollowMod:NewInfectedGuardian"],"picked":"HollowMod:InfectedCysts","floor":6.0},{"not_picked":["HollowMod:DreamGate","HollowMod:InfectedAttack"],"picked":"HollowMod:DashSlash","floor":7},{"not_picked":["HollowMod:TaintedHusks","HollowMod:DescendingDark"],"picked":"HollowMod:VengefulSpirit","floor":10},{"not_picked":["HollowMod:DoubleDash","HollowMod:SoulStrike"],"picked":"HollowMod:LifebloodCocoon","floor":11},{"not_picked":["HollowMod:SoulStrike","HollowMod:SoulEater"],"picked":"HollowMod:HeavyBlow","floor":12},{"not_picked":["HollowMod:CoiledNail","HollowMod:SoulShaman"],"picked":"HollowMod:HowlingWraiths","floor":14},{"not_picked":["HollowMod:SlysStrikes","HollowMod:ElderbugsWisdom"],"picked":"HollowMod:Hiveblood","floor":16},{"not_picked":["HollowMod:InfectedCysts","HollowMod:SoulEater"],"picked":"HollowMod:CornifersMapStart","floor":18},{"not_picked":["HollowMod:InfectedAttack","HollowMod:AbyssShriek"],"picked":"HollowMod:DoubleDash","floor":22},{"not_picked":["HollowMod:HeavyBlow","HollowMod:SharpenedNail"],"picked":"HollowMod:GoodIntentions+1","floor":24},{"not_picked":["HollowMod:SoulShaman","HollowMod:ShadowDash"],"picked":"HollowMod:MawleksShell+1","floor":25},{"not_picked":["HollowMod:NewLittleFool","HollowMod:VoidDash"],"picked":"HollowMod:PureNailStrike","floor":27},{"not_picked":["HollowMod:MawleksShell+1","HollowMod:RecoilStrike"],"picked":"HollowMod:SiblingsSouls","floor":29}],"player_experience":151324,"relics_obtained":[{"floor":6.0,"key":"FossilizedHelix"},{"floor":10,"key":"Bottled Flame"},{"floor":24,"key":"Du-Vu Doll"},{"floor":26,"key":"The Courier"},{"floor":27,"key":"Nunchaku"}],"event_choices":[{"cards_removed":["HollowMod:QuickDashStart"],"damage_healed":0,"gold_gain":0,"player_choice":"Purged","damage_taken":0,"max_hp_gain":0,"max_hp_loss":0,"event_name":"Purifier","floor":8,"gold_loss":0},{"damage_healed":0,"gold_gain":0,"player_choice":"Ignored","damage_taken":0,"max_hp_gain":0,"max_hp_loss":0,"event_name":"Purifier","floor":20,"gold_loss":0},{"damage_healed":0,"gold_gain":100,"player_choice":"Pray","damage_taken":0,"max_hp_gain":0,"max_hp_loss":0,"event_name":"Golden Shrine","floor":21,"gold_loss":0},{"damage_healed":0,"gold_gain":0,"player_choice":"Trade","damage_taken":0,"relics_obtained":["NlothsMask"],"max_hp_gain":0,"max_hp_loss":0,"event_name":"FaceTrader","floor":31,"gold_loss":0}],"is_beta":false,"boss_relics":[{"not_picked":["Black Star","Empty Cage"],"picked":"Fusion Hammer"}],"items_purged_floors":[],"is_endless":false,"potions_floor_spawned":[2,4,5,6,14,22,27],"killed_by":"bossMod:newCollector","ascension_level":1}}