{"host":"i9477i93mjcyimye","time":1609648018,"event":{"mods":["Aspiration","BaseMod","Bestiary","Colored Powertips","Downfall","Ironclad Rager","Minty Spire (QoL Compilation)","Quick Restart","Relic Stats","Replay The Spire","Spicy Shops","StSLib","The Jungle","Wandering Minibosses"],"gold_per_floor":[216,216,220,220,241,269,269,302,347,347,0,13,56,65,65,188,188,212,237,152,912,36,67,17,36,59,79,117,117,130,148,148,277,277,297,297,322,340,365,398,417,417,417],"floor_reached":42,"playtime":4115,"items_purged":[],"score":621,"play_id":"68d380c5-25ba-4ec7-8489-98f4fea0caa5","local_time":"20210103152658","is_ascension_mode":true,"campfire_choices":[{"floor":7,"key":"REST"},{"floor":15,"key":"REST"},{"data":"Loop","floor":29,"key":"SMITH"},{"floor":32,"key":"RECALL"}],"circlet_count":0,"master_deck":["Strike_B","Strike_B","Strike_B","Strike_B","Defend_B","Defend_B","Defend_B","Defend_B","Zap","Dualcast","Time Bomb","Ball Lightning","Tempest+1","Darkness+1","Coolheaded+1","expansioncontent:PrepareCrush+1","Redo+1","Coolheaded+1","Electrodynamics","Multi-Cast+1","Turbo+1","Cold Snap+1","Crystallizer+1","Capacitor","Fission+1","Self Repair","Ball Lightning+1","Loop+1","Machine Learning","Panic Button+1","Auto Shields+1","ReplayTheSpireMod:Calculation Training+1","Storm+1","Amplify+1","ReplayTheSpireMod:Reroute Power+1","Decay","Sweeping Beam+1","Leap+1","Barrage+1","Barrage+1","ReplayTheSpireMod:Repulse+1","FIFO Queue+1","ReplayTheSpireMod:Omega Cannon+1","Loop"],"relics":["Cracked Core","Golden Idol","Toxic Egg 2","Replay:WaspNest","ReplayTheSpireMod:Shallot","aspiration:EnhancedActuators","Molten Egg 2","Turnip","aspiration:BursterCore","Toy Ornithopter","wanderingMiniBosses:MasterThiefsPresence","aspiration:Nostalgia","Ring of the Snake","Potion Belt","Chameleon Ring","MealTicket","ReplayFunnel","Prayer Wheel","SacredBark"],"acts_visited":["Exordium","TheCity","TheBeyond"],"potions_floor_usage":[6,21,23,25,33,33,37,39,39],"damage_taken":[{"damage":0.0,"enemies":"Small Slimes","floor":1.0,"turns":3.0},{"damage":14.0,"enemies":"Jaw Worm","floor":3.0,"turns":6.0},{"damage":6.0,"enemies":"Cultist","floor":5.0,"turns":3.0},{"damage":30,"enemies":"3 Sentries","floor":6,"turns":8},{"damage":26,"enemies":"Lagavulin","floor":8,"turns":4},{"damage":8,"enemies":"Gremlin Gang","floor":12,"turns":4},{"damage":0,"enemies":"Replay:BlueRogue","floor":13,"turns":4},{"damage":0,"enemies":"Blue Slaver","floor":14,"turns":2},{"damage":2,"enemies":"Slime Boss","floor":16,"turns":5},{"damage":0,"enemies":"Spheric Guardian","floor":18,"turns":2},{"damage":9,"enemies":"2 Thieves","floor":19,"turns":3},{"damage":2,"enemies":"Centurion and Healer","floor":21,"turns":7},{"damage":1,"enemies":"Slavers","floor":23,"turns":2},{"damage":0,"enemies":"Snake Plant","floor":25,"turns":1},{"damage":0,"enemies":"Snecko","floor":27,"turns":2},{"damage":8,"enemies":"Replay:Snechameleon","floor":28,"turns":4},{"damage":5,"enemies":"Chosen and Byrds","floor":30,"turns":4},{"damage":0,"enemies":"Centurion and Healer","floor":31,"turns":3},{"damage":21,"enemies":"Automaton","floor":33,"turns":5},{"damage":0,"enemies":"Orb Walker","floor":35,"turns":2},{"damage":6,"enemies":"3 Shapes","floor":37,"turns":3},{"damage":2,"enemies":"Maw","floor":38,"turns":5},{"damage":0,"enemies":"Transient","floor":39,"turns":5},{"damage":11,"enemies":"Giant Head","floor":40,"turns":6},{"damage":27,"enemies":"Writhing Mass","floor":41,"turns":4},{"damage":38,"enemies":"4 Shapes","floor":42,"turns":2}],"seed_played":"-6995488641896199627","potions_obtained":[{"floor":5,"key":"Regen Potion"},{"floor":8,"key":"LiquidBronze"},{"floor":12,"key":"FocusPotion"},{"floor":13,"key":"SpeedPotion"},{"floor":16,"key":"Swift Potion"},{"floor":25,"key":"Explosive Potion"},{"floor":28,"key":"LiquidBronze"},{"floor":33,"key":"Adrenaline Potion"},{"floor":38,"key":"CultistPotion"},{"floor":39,"key":"sneckomod:MuddlingPotion"}],"is_trial":false,"path_per_floor":["M","?","M","?","M","E","R","E","T","?","$","M","E","M","R","B",null,"M","M","?","M","$","E","?","M","T","M","E","R","M","M","R","B",null,"M","?","M","M","M","E","M","M"],"character_chosen":"DEFECT","items_purchased":["Molten Egg 2","expansioncontent:PrepareCrush+1","aspiration:Nostalgia","Capacitor","Fission+1","Potion Belt","Chameleon Ring","SkillPotion"],"campfire_rested":2,"item_purchase_floors":[11,11,22,22,22,22,22,22],"current_hp_per_floor":[75,69,55,55,49,34,54,28,28,28,28,20,20,20,40,38,69,69,60,60,63,63,67,67,69,69,69,61,61,56,63,63,48,69,69,69,63,61,69,65,38,0,0],"gold":417,"neow_bonus":"HUNDRED_GOLD","is_daily":false,"chose_seed":false,"campfire_upgraded":1,"win_rate":0.0,"timestamp":1609648018,"path_taken":["M","?","M","?","M","E","R","E","T","?","$","M","E","?","R","BOSS","M","?","?","M","$","E","?","?","T","M","E","R","M","?","R","BOSS","M","?","M","?","M","E","M","M"],"items_purchased_type":["Relic","Card","Relic","Card","Card","Relic","Relic","Potion"],"build_version":"2020-12-22","purchased_purges":0,"victory":false,"max_hp_per_floor":[75,69,69,69,69,69,69,69,69,69,69,69,69,69,69,69,69,69,69,69,69,69,69,69,69,69,69,69,69,69,69,69,69,69,69,69,69,69,69,69,69,69,69],"relic_stats":{"counters":[26,98],"Golden Idol":166,"MealTicket":0,"Prayer Wheel":7,"Turnip":[11],"aspiration:BursterCore":[71],"obtain_stats":[{"Potion Belt":22,"ReplayFunnel":28,"Golden Idol":2,"aspiration:Nostalgia":22,"SacredBark":34,"wanderingMiniBosses:MasterThiefsPresence":21,"Replay:WaspNest":6,"aspiration:BursterCore":17,"Chameleon Ring":22,"ReplayTheSpireMod:Shallot":8,"aspiration:EnhancedActuators":9,"Molten Egg 2":11,"MealTicket":23,"Prayer Wheel":30,"Turnip":13,"Toxic Egg 2":4,"Cracked Core":0,"Toy Ornithopter":20,"Ring of the Snake":22},{"Potion Belt":12,"ReplayFunnel":16,"Golden Idol":1,"aspiration:Nostalgia":12,"SacredBark":19,"wanderingMiniBosses:MasterThiefsPresence":12,"Replay:WaspNest":4,"aspiration:BursterCore":9,"Chameleon Ring":12,"ReplayTheSpireMod:Shallot":5,"aspiration:EnhancedActuators":5,"Molten Egg 2":5,"MealTicket":13,"Prayer Wheel":17,"Turnip":7,"Toxic Egg 2":2,"Cracked Core":0,"Toy Ornithopter":11,"Ring of the Snake":12},{"Potion Belt":51,"ReplayFunnel":60,"Golden Idol":3,"aspiration:Nostalgia":51,"SacredBark":71,"wanderingMiniBosses:MasterThiefsPresence":51,"Replay:WaspNest":20,"aspiration:BursterCore":39,"Chameleon Ring":51,"ReplayTheSpireMod:Shallot":24,"aspiration:EnhancedActuators":24,"Molten Egg 2":24,"MealTicket":53,"Prayer Wheel":62,"Turnip":32,"Toxic Egg 2":9,"Cracked Core":0,"Toy Ornithopter":44,"Ring of the Snake":51}],"Toy Ornithopter":26,"Ring of the Snake":[28]},"card_choices":[{"not_picked":["Turbo","ReplayGash"],"picked":"Time Bomb","floor":1.0},{"not_picked":["Leap","Cold Snap"],"picked":"Ball Lightning","floor":3.0},{"not_picked":["Blizzard","FTL"],"picked":"Tempest+1","floor":5},{"not_picked":["BasicCrystalCard+1","Undo+1"],"picked":"Darkness+1","floor":6},{"not_picked":["Hologram+1","Leap+1"],"picked":"Coolheaded+1","floor":8},{"not_picked":["Skim+1","Leap+1"],"picked":"Redo+1","floor":12},{"not_picked":["Ball Lightning+1","ReplayTheSpireMod:System Scan+1"],"picked":"Coolheaded+1","floor":13},{"not_picked":["Redo+1","Streamline+1"],"picked":"Electrodynamics","floor":14},{"not_picked":["All For One+1","Thunder Strike+1"],"picked":"Multi-Cast+1","floor":16},{"not_picked":["Go for the Eyes+1","Doom and Gloom+1"],"picked":"Turbo+1","floor":18},{"not_picked":["Gash+1","Streamline+1"],"picked":"Cold Snap+1","floor":19},{"not_picked":["Hologram+1","Glacier+1"],"picked":"Crystallizer+1","floor":21},{"not_picked":["Gash+1","Compile Driver+1"],"picked":"Self Repair","floor":23},{"not_picked":["Rip and Tear+1","Redo+1"],"picked":"Ball Lightning+1","floor":25},{"not_picked":["Capacitor+1","Coolheaded+1"],"picked":"Loop","floor":27},{"not_picked":["Streamline+1","Compile Driver+1"],"picked":"ReplayTheSpireMod:Fabricate Wheel+1","floor":28},{"not_picked":["Steam+1","Rebound+1"],"picked":"Panic Button+1","floor":30},{"not_picked":["Reinforced Body+1","Panic Button+1"],"picked":"Auto Shields+1","floor":30},{"not_picked":["Heatsinks","Ball Lightning+1"],"picked":"ReplayTheSpireMod:Calculation Training+1","floor":31},{"not_picked":["Conserve Battery+1","Stack+1"],"picked":"Storm+1","floor":31},{"not_picked":["ReplayTheSpireMod:Fabricate Wheel+1","Rainbow+1"],"picked":"Amplify+1","floor":33},{"not_picked":["Static Discharge","Leap+1"],"picked":"ReplayTheSpireMod:Reroute Power+1","floor":35},{"not_picked":["Recycle+1","Stack+1","Gash+1"],"picked":"SKIP","floor":35},{"not_picked":["Rebound+1","Redo+1"],"picked":"Sweeping Beam+1","floor":37},{"not_picked":["Rebound+1","Reprogram+1"],"picked":"Leap+1","floor":37},{"not_picked":["Chaos+1","Stack+1"],"picked":"Barrage+1","floor":38},{"not_picked":["Crystallizer","Steam Power+1"],"picked":"Barrage+1","floor":38},{"not_picked":["Panic Button+1","Turbo+1"],"picked":"ReplayTheSpireMod:Repulse+1","floor":39},{"not_picked":["Blizzard+1","ReplayTheSpireMod:Repulse+1"],"picked":"FIFO Queue+1","floor":39},{"not_picked":["Leap+1","ReplayTheSpireMod:GoodbyeWorld+1"],"picked":"ReplayTheSpireMod:Omega Cannon+1","floor":40},{"not_picked":["Redo+1","Rebound+1"],"picked":"Loop","floor":41},{"not_picked":["Steam+1","Beam Cell+1","Barrage+1"],"picked":"SKIP","floor":41}],"player_experience":216562,"relics_obtained":[{"floor":6,"key":"Replay:WaspNest"},{"floor":8,"key":"ReplayTheSpireMod:Shallot"},{"floor":9,"key":"aspiration:EnhancedActuators"},{"floor":13,"key":"Turnip"},{"floor":21,"key":"wanderingMiniBosses:MasterThiefsPresence"},{"floor":23,"key":"MealTicket"},{"floor":28,"key":"ReplayFunnel"}],"event_choices":[{"damage_healed":0.0,"max_hp_gain":0.0,"max_hp_loss":6.0,"gold_gain":0.0,"event_name":"Golden Idol","player_choice":"Lose Max HP","floor":2.0,"gold_loss":0.0,"damage_taken":0.0,"relics_obtained":["Golden Idol"]},{"cards_removed":["Injury"],"damage_healed":0,"gold_gain":0,"player_choice":"Card Removal","damage_taken":0,"max_hp_gain":0,"max_hp_loss":0,"event_name":"Wheel of Change","floor":10,"gold_loss":0},{"damage_healed":0,"gold_gain":0,"player_choice":"Obtained Relic","damage_taken":0,"relics_obtained":["Toy Ornithopter"],"max_hp_gain":0,"max_hp_loss":0,"event_name":"Addict","floor":20,"gold_loss":85},{"damage_healed":0,"gold_gain":0,"player_choice":"Bet on Murderer","damage_taken":0,"max_hp_gain":0,"max_hp_loss":0,"event_name":"The Joust","floor":24,"gold_loss":50},{"damage_healed":0,"gold_gain":0,"player_choice":"Cursed","damage_taken":0,"max_hp_gain":0,"max_hp_loss":0,"event_name":"Wheel of Change","floor":36,"gold_loss":0,"cards_obtained":["Decay"]}],"is_beta":false,"boss_relics":[{"not_picked":["Cursed Key","Calling Bell"],"picked":"aspiration:BursterCore"},{"not_picked":["Replay:Fungal Core","Tiny House"],"picked":"SacredBark"}],"items_purged_floors":[],"is_endless":false,"potions_floor_spawned":[5,8,12,13,16,18,25,28,33,38,39],"killed_by":"4 Shapes","ascension_level":2}}