{"host":"9l1knhxfturzliqa","time":1609673509,"event":{"mods":["BaseMod","Colored Map","Colored Powertips","DeckTracker","Highlight Path","Keyboard Shortcuts","Minty Spire (QoL Compilation)","Random Character Button"],"gold_per_floor":[111,111,12,12,27,40,40,55,107,107,121,154,230,258,258,258,258],"floor_reached":16,"playtime":1431,"items_purged":["Regret"],"score":149,"play_id":"aa5d2569-4a80-4efc-893e-96a96d8bcdd7","local_time":"20210103203149","is_ascension_mode":true,"campfire_choices":[{"data":"Blade Dance","floor":7.0,"key":"SMITH"},{"floor":15.0,"key":"REST"}],"circlet_count":0,"master_deck":["Strike_G+1","Strike_G","Strike_G","Strike_G+1","Defend_G","Defend_G","Defend_G","Defend_G","Defend_G","Survivor","Neutralize","Escape Plan","Quick Slash","Poisoned Stab","Blade Dance+1","Dagger Spray","Cloak And Dagger","Tactician","Blur"],"relics":["Ring of the Snake","Shovel","Art of War","Anchor","Darkstone Periapt","Bottled Flame","Bag of Preparation"],"acts_visited":["Exordium"],"potions_floor_usage":[],"damage_taken":[{"damage":14.0,"enemies":"Jaw Worm","floor":1.0,"turns":5.0},{"damage":0.0,"enemies":"2 Louse","floor":5.0,"turns":3.0},{"damage":0.0,"enemies":"Cultist","floor":6.0,"turns":3.0},{"damage":3.0,"enemies":"Looter","floor":8.0,"turns":2.0},{"damage":0.0,"enemies":"Blue Slaver","floor":11.0,"turns":2.0},{"damage":1.0,"enemies":"Lagavulin","floor":12.0,"turns":5.0},{"damage":12.0,"enemies":"Gremlin Nob","floor":14.0,"turns":4.0},{"damage":29,"enemies":"Hexaghost","floor":16,"turns":9}],"seed_played":"2798309910368884901","potions_obtained":[{"floor":1.0,"key":"PowerPotion"},{"floor":8.0,"key":"Fire Potion"},{"floor":11.0,"key":"Swift Potion"}],"is_trial":false,"path_per_floor":["M","?","$","?","M","M","R","M","T","?","M","E","T","E","R","B"],"character_chosen":"THE_SILENT","items_purchased":["Quick Slash"],"campfire_rested":1,"item_purchase_floors":[3],"current_hp_per_floor":[49,35,35,28,28,28,28,25,25,18,18,17,17,5,26,0,0],"gold":258,"neow_bonus":"ONE_RARE_RELIC","is_daily":false,"chose_seed":false,"campfire_upgraded":1,"win_rate":0.0,"timestamp":1609673509,"path_taken":["M","?","$","?","M","M","R","M","T","?","M","E","?","E","R","BOSS"],"items_purchased_type":["Card"],"build_version":"2020-12-22","purchased_purges":1,"victory":false,"max_hp_per_floor":[70,70,70,70,70,70,70,70,70,70,70,70,70,70,70,70,70],"card_choices":[{"not_picked":["Flying Knee","Calculated Gamble"],"picked":"Escape Plan","floor":1.0},{"not_picked":["Catalyst","Acrobatics"],"picked":"Poisoned Stab","floor":5.0},{"not_picked":["Underhanded Strike","Slice"],"picked":"Blade Dance","floor":6.0},{"not_picked":["Caltrops","Bane"],"picked":"Dagger Spray","floor":8.0},{"not_picked":["Endless Agony","Bane"],"picked":"Cloak And Dagger","floor":11.0},{"not_picked":["Flying Knee","Escape Plan"],"picked":"Tactician","floor":12.0},{"not_picked":["Outmaneuver","Underhanded Strike"],"picked":"Blur","floor":14.0}],"player_experience":321021,"relics_obtained":[{"floor":9.0,"key":"Anchor"},{"floor":12.0,"key":"Darkstone Periapt"},{"floor":13.0,"key":"Bottled Flame"},{"floor":14.0,"key":"Bag of Preparation"}],"event_choices":[{"damage_healed":0.0,"max_hp_gain":0.0,"max_hp_loss":0.0,"gold_gain":0.0,"event_name":"Shining Light","player_choice":"Entered Light","floor":2.0,"gold_loss":0.0,"damage_taken":14.0,"cards_upgraded":["Strike_G","Strike_G"]},{"damage_healed":0.0,"max_hp_gain":0.0,"max_hp_loss":0.0,"gold_gain":0.0,"event_name":"Scrap Ooze","player_choice":"Success","floor":4.0,"gold_loss":0.0,"damage_taken":7.0,"relics_obtained":["Art of War"]},{"cards_removed":["Strike_G"],"damage_healed":0.0,"max_hp_gain":0.0,"max_hp_loss":0.0,"gold_gain":0.0,"event_name":"Golden Wing","player_choice":"Card Removal","floor":10.0,"gold_loss":0.0,"damage_taken":7.0}],"is_beta":false,"boss_relics":[],"items_purged_floors":[3],"is_endless":false,"potions_floor_spawned":[1,8,11],"killed_by":"Hexaghost","ascension_level":7}}