{"host":"be3r5d8qs4ku9xfy","time":1609635742,"event":{"mods":["2.2 Compatiblity","AchievementEnabler","Act Like it!","Aspiration","BaseMod","Better Altar","Better Note","Better Sensory Stone","Better Skull","Better Third Choice","BetterRewards","Card Forge","Colored Map","Colored Powertips","DNKmod","DeckTracker","Defuse TimeMaze Blight","Downfall","Friendly Minions","Gensokyo","Hallownest","Highlight Path","Hubris","Infinite Spire","Keyboard Shortcuts","Lobotomy","Minty Spire (QoL Compilation)","Quick Restart","Rare Cards Sparkle","Replay The Spire","Shop Mod","StSLib","SuperFastMode","Synergy Search","The Animator","The Construct","The Jungle"],"gold_per_floor":[1012,1012,486,502,293,318,334,334,382,414,429,456,482,594,606,715,727,751,863,1125,1154,776,817,844,844,869,881,567,586,624,624,624,729,729,745,758,356,356,66,97,97,127,127,147,176,176,176,189,189,215],"floor_reached":51,"playtime":1880,"items_purged":["ReplayGash"],"score":936,"play_id":"70996993-0f0c-4b2f-bc80-3a919800ccfd","local_time":"20210102200222","daily_mods":["Draft","Specialized","Vintage","Heirloom","Time Dilation","Flight","downfall:Lament"],"is_ascension_mode":false,"campfire_choices":[{"floor":15,"key":"DIG"},{"data":"infinitespire:Oblivion","floor":32,"key":"SMITH"},{"data":"expansioncontent:DonusPower","floor":46,"key":"SMITH"},{"data":"Capacitor","floor":49,"key":"SMITH"}],"circlet_count":0,"master_deck":["Barrage","Static Discharge","Static Discharge","Static Discharge","Streamline","Rip and Tear","Crystallizer","Capacitor+1","Rip and Tear","Rip and Tear","Rebound","Conserve Battery+1","Sweeping Beam","Barrage+1","Barrage","Stack","Hello World","Undo","Gash","Barrage","Self Repair","Rebound+1","expansioncontent:DarkVoid+1","Go for the Eyes","Ball Lightning","expansioncontent:DonusPower+1","Rebound","Skim+1","Beam Cell","Hyperbeam+1","Eruption","Slimebound:Strike_Slimebound","Streamline","Replay:SS_hec_1","Double Energy+1","Rip and Tear+1","Glacier+1","Ball Lightning+1","Sweeping Beam+1","Compile Driver","Self Repair","Sunder","expansioncontent:DecasProtection","FIFO Queue","infinitespire:SevenWalls","infinitespire:Oblivion+1","ReplayTheSpireMod:Omega Cannon","Replay:Sssssssssshield","Lockon","Rip and Tear","Replay:Sssssssssstrike","Crystallizer","hubris:DuctTapeCard","Aggregate+1","Sunder"],"relics":["FrozenCore","Hammer of Thor","Seething Fire","Anvil of the Gods","replay:Trail_Library","NeowsBlessing","Replay:Towering Pillar of Hats","Regal Pillow","Membership Card","Akabeko","Strawberry","infinitespire:BottledMercury","infinitespire:Midas Blood","Oddly Smooth Stone","Bronze Scales","Pen Nib","Nunchaku","infinitespire:PuzzleCube","Bottled Flame","MawBank","hubris:Metronome","aspiration:EnhancedActuators","Ginger","construct:RocketBooster","aspiration:FrozenJewel","Mercury Hourglass","Orrery","Shuriken","Singing Bowl","Orichalcum","Juzu Bracelet","Meat on the Bone","Replay:Wax Seal","Darkstone Periapt","hubris:Zylophone","Prayer Wheel","Inserter","Blood Vial","infinitespire:Freezer","ReplayTheSpireMod:Ninjato","Blue Candle","Replay:Frozen Program","Pantograph","infinitespire:Lucky Rock","Smiling Mask","hubris:DuctTape","ReplayFunnel","Carrot","hubris:Reverence","Ancient Tea Set"],"acts_visited":["Exordium","TheCity","TheBeyond"],"potions_floor_usage":[16,33,50,50],"damage_taken":[{"damage":0,"enemies":"Jaw Worm","floor":1,"turns":1},{"damage":0,"enemies":"Cultist","floor":4,"turns":1},{"damage":0,"enemies":"3 Sentries","floor":6,"turns":1},{"damage":0,"enemies":"2 Louse","floor":7,"turns":1},{"damage":8,"enemies":"Lagavulin","floor":10,"turns":3},{"damage":9,"enemies":"Blue Slaver","floor":11,"turns":2},{"damage":9,"enemies":"Replay:BlueRogue","floor":12,"turns":2},{"damage":0,"enemies":"Lots of Slimes","floor":13,"turns":1},{"damage":8,"enemies":"Slime Boss","floor":16,"turns":4},{"damage":0,"enemies":"Spheric Guardian","floor":18,"turns":1},{"damage":10,"enemies":"Shell Parasite","floor":21,"turns":1},{"damage":11,"enemies":"Replay:Snechameleon","floor":23,"turns":4},{"damage":0,"enemies":"Book of Stabbing","floor":24,"turns":2},{"damage":0,"enemies":"3 Cultists","floor":27,"turns":2},{"damage":0,"enemies":"Centurion and Healer","floor":29,"turns":2},{"damage":19,"enemies":"Slavers","floor":30,"turns":3},{"damage":0,"enemies":"Automaton","floor":33,"turns":6},{"damage":0,"enemies":"Orb Walker","floor":35,"turns":2},{"damage":0,"enemies":"3 Darklings","floor":36,"turns":2},{"damage":0,"enemies":"Nightmare","floor":40,"turns":1},{"damage":18,"enemies":"Reptomancer","floor":42,"turns":3},{"damage":3,"enemies":"Sphere and 2 Shapes","floor":44,"turns":1},{"damage":1,"enemies":"R_Hoarder","floor":45,"turns":3},{"damage":0,"enemies":"Spire Growth","floor":48,"turns":2},{"damage":36,"enemies":"infinitespire:MassOfShapes","floor":50,"turns":5}],"seed_played":"-8290350771318522623","potions_obtained":[{"floor":4,"key":"Fruit Juice"},{"floor":10,"key":"Swift Potion"},{"floor":12,"key":"Death Potion"},{"floor":16,"key":"Elixir"},{"floor":18,"key":"SkillPotion"},{"floor":27,"key":"BlessingOfTheForge"},{"floor":33,"key":"Explosive Potion"},{"floor":44,"key":"DistilledChaos"}],"is_trial":true,"path_per_floor":["M","WH","$","M","$","E","M","WH","T","E","M","E","M","WH","R_BF","B",null,"M","WH","WH","M","$","E","E","WH","T","M","$","M","E","AVR","R","B",null,"M","M","$","AVR","$","NM","WH","E","T","M","E","R","WH","M","R","B",null],"character_chosen":"DEFECT","items_purchased":["Self Repair","Rebound","expansioncontent:DarkVoid","Membership Card","Akabeko","Strawberry","Go for the Eyes","Ball Lightning","expansioncontent:DonusPower","infinitespire:Midas Blood","Streamline","Replay:SS_hec_1","aspiration:FrozenJewel","Mercury Hourglass","Orrery","Meat on the Bone","Replay:Wax Seal","Self Repair","Sunder","expansioncontent:DecasProtection","Replay:Sssssssssshield","Lockon","ReplayTheSpireMod:Ninjato","Blue Candle","Replay:Frozen Program","Rip and Tear","Replay:Sssssssssstrike","Pantograph","infinitespire:Lucky Rock"],"campfire_rested":0,"item_purchase_floors":[3,3,3,3,3,3,5,5,5,5,22,22,22,22,22,28,28,28,28,28,37,37,37,37,37,39,39,39,39],"current_hp_per_floor":[100,100,107,107,107,107,107,107,107,106,104,95,95,95,95,99,112,112,112,112,102,102,98,100,111,111,111,111,111,106,106,106,106,125,125,125,125,125,125,127,127,109,109,108,118,118,130,132,132,133],"gold":215,"neow_bonus":"TEN_PERCENT_HP_BONUS","is_daily":false,"chose_seed":false,"campfire_upgraded":3,"win_rate":0.0,"timestamp":1609635742,"path_taken":["M","WH","$","M","$","E","M","WH","T","E","M","E","M","WH","R_BF","BOSS","M","WH","WH","M","$","E","E","WH","T","M","$","M","E","AVR","R","BOSS","M","M","$","AVR","$","NM","WH","E","T","M","E","R","WH","M","R","BOSS"],"items_purchased_type":["Card","Card","Card","Relic","Relic","Relic","Card","Card","Card","Relic","Card","Card","Relic","Relic","Relic","Relic","Relic","Card","Card","Card","Card","Card","Relic","Relic","Relic","Card","Card","Relic","Relic"],"build_version":"2020-12-22","purchased_purges":1,"victory":true,"max_hp_per_floor":[100,100,107,107,107,107,107,107,107,107,107,107,107,107,107,112,112,112,112,112,112,112,112,114,125,125,125,125,125,125,125,125,125,125,125,125,125,125,125,127,127,127,127,127,129,129,141,141,141,141],"card_choices":[{"not_picked":["ReplaySolidLightProjector","BasicCrystalCard"],"picked":"Streamline","floor":0},{"not_picked":["hubris:PowerSurge","Streamline"],"picked":"Rip and Tear","floor":0},{"not_picked":["Tempest","Time Bomb"],"picked":"Crystallizer","floor":0},{"not_picked":["BasicCrystalCard","Ball Lightning"],"picked":"Capacitor","floor":0},{"not_picked":["Go for the Eyes","Ball Lightning"],"picked":"Rip and Tear","floor":0},{"not_picked":["BasicCrystalCard","Sweeping Beam"],"picked":"Rip and Tear","floor":0},{"not_picked":["Loop","Conserve Battery"],"picked":"Rebound","floor":0},{"not_picked":["ReplayTheSpireMod:Repulse","Turbo"],"picked":"Conserve Battery","floor":0},{"not_picked":["Redo","Reprogram"],"picked":"Sweeping Beam","floor":0},{"not_picked":["Rebound","Force Field"],"picked":"Barrage","floor":0},{"not_picked":["Stack","Beam Cell"],"picked":"Barrage","floor":0},{"not_picked":["Barrage","Heatsinks"],"picked":"Stack","floor":0},{"not_picked":["Steam","Reprogram"],"picked":"Hello World","floor":0},{"not_picked":["ReplaySolidLightProjector","Redo"],"picked":"Undo","floor":0},{"not_picked":["Sweeping Beam","Rebound"],"picked":"Gash","floor":0},{"not_picked":["Conserve Battery","Leap"],"picked":"Rebound","floor":6},{"not_picked":["Steam","Defragment"],"picked":"Skim","floor":10},{"not_picked":["ReplayRNGCard","Leap"],"picked":"Beam Cell","floor":12},{"not_picked":["Seek","Creative AI"],"picked":"Hyperbeam","floor":16},{"not_picked":["Fusion","Cold Snap"],"picked":"Double Energy","floor":22},{"not_picked":["Turbo","Defragment"],"picked":"Rip and Tear+1","floor":22},{"not_picked":["Reinforced Body","Ball Lightning"],"picked":"Glacier+1","floor":22},{"not_picked":["hubris:PowerSurge","Rebound"],"picked":"Ball Lightning+1","floor":22},{"not_picked":["Beam Cell+1","Go for the Eyes"],"picked":"Sweeping Beam+1","floor":22},{"not_picked":["Streamline","Steam Power+1"],"picked":"Compile Driver","floor":23},{"not_picked":["Redo","Rebound+1","Hologram"],"picked":"Singing Bowl","floor":24},{"not_picked":["Stack","Panic Button"],"picked":"FIFO Queue","floor":30},{"not_picked":["Electrodynamics","Machine Learning"],"picked":"ReplayTheSpireMod:Omega Cannon","floor":33},{"not_picked":["Coolheaded+1","Skim+1","Rainbow"],"picked":"Singing Bowl","floor":40},{"not_picked":["Force Field","Redo"],"picked":"Aggregate+1","floor":42},{"not_picked":["Aggregate","Beam Cell+1","BasicCrystalCard+1"],"picked":"Singing Bowl","floor":45}],"player_experience":40756,"relics_obtained":[{"floor":1,"key":"Regal Pillow"},{"floor":4,"key":"infinitespire:BottledMercury"},{"floor":6,"key":"Oddly Smooth Stone"},{"floor":7,"key":"Bronze Scales"},{"floor":9,"key":"Nunchaku"},{"floor":10,"key":"infinitespire:PuzzleCube"},{"floor":11,"key":"Bottled Flame"},{"floor":12,"key":"MawBank"},{"floor":13,"key":"hubris:Metronome"},{"floor":15,"key":"aspiration:EnhancedActuators"},{"floor":18,"key":"Ginger"},{"floor":21,"key":"construct:RocketBooster"},{"floor":23,"key":"Shuriken"},{"floor":24,"key":"Singing Bowl"},{"floor":26,"key":"Orichalcum"},{"floor":27,"key":"Juzu Bracelet"},{"floor":29,"key":"Darkstone Periapt"},{"floor":30,"key":"hubris:Zylophone"},{"floor":35,"key":"Blood Vial"},{"floor":36,"key":"infinitespire:Freezer"},{"floor":40,"key":"Smiling Mask"},{"floor":42,"key":"hubris:DuctTape"},{"floor":43,"key":"ReplayFunnel"},{"floor":44,"key":"Carrot"},{"floor":45,"key":"hubris:Reverence"},{"floor":48,"key":"Ancient Tea Set"}],"event_choices":[],"is_beta":false,"boss_relics":[{"not_picked":["aspiration:FutureDiary","Replay:Bronze Core"],"picked":"FrozenCore"},{"not_picked":["hubris:GrandSneckoEye","aspiration:RunicSpoon"],"picked":"Inserter"}],"items_purged_floors":[28],"is_endless":false,"potions_floor_spawned":[4,10,12,16,18,27,33,35,44],"ascension_level":0}}