{"host":"xwqwvmlzre68xjvm","time":1609679609,"event":{"mods":["AchievementEnabler","BaseMod","Colored Map","Colored Powertips","Hermit","Marisa£¨Ùöéë¡¡Øª×âÞÞ£©","Minty Spire (QoL Compilation)","Replay The Spire","StSLib","SuperFastMode","The Bug Knight","The Cursed","The Hierophant","The Runesmith"],"gold_per_floor":[109,124,124,124,144,144,176,188,188,219,236,252,252,252,252,381,381,397,420,345,192,192,192],"floor_reached":22,"playtime":875,"items_purged":[],"score":216,"play_id":"0475fc84-e64f-438e-933e-961060a9b48a","local_time":"20210103221329","is_ascension_mode":true,"campfire_choices":[{"data":"Loop","floor":6.0,"key":"SMITH"},{"data":"Dualcast","floor":13.0,"key":"SMITH"},{"floor":15.0,"key":"REST"}],"circlet_count":0,"master_deck":["Defend_B","Defend_B","Zap","Dualcast+1","Loop+1","Darkness","Leap","Conserve Battery","Creative AI","Doubt","Voices","Loop+1"],"relics":["Cracked Core","Ring of Shattering","Ring of Fury","Happy Flower","Turnip","Golden Idol","Kintsugi","Blood Vial"],"acts_visited":["Exordium","TheCity"],"potions_floor_usage":[16,16,22],"damage_taken":[{"damage":0.0,"enemies":"2 Louse","floor":1.0,"turns":3.0},{"damage":13.0,"enemies":"Jaw Worm","floor":2.0,"turns":4.0},{"damage":0.0,"enemies":"Cultist","floor":5.0,"turns":3.0},{"damage":24.0,"enemies":"Lagavulin","floor":7.0,"turns":4.0},{"damage":8.0,"enemies":"Exordium Wildlife","floor":8.0,"turns":3.0},{"damage":8.0,"enemies":"Gremlin Nob","floor":10.0,"turns":3.0},{"damage":3.0,"enemies":"Looter","floor":11.0,"turns":3.0},{"damage":10.0,"enemies":"Large Slime","floor":12.0,"turns":4.0},{"damage":14,"enemies":"Hexaghost","floor":16,"turns":9},{"damage":46,"enemies":"3 Byrds","floor":18,"turns":5},{"damage":14,"enemies":"Shell Parasite","floor":19,"turns":4},{"damage":27,"enemies":"Snecko","floor":22,"turns":5}],"seed_played":"-8810300347056658818","potions_obtained":[{"floor":1.0,"key":"Dexterity Potion"},{"floor":2.0,"key":"Swift Potion"},{"floor":7.0,"key":"PotionOfCapacity"},{"floor":19,"key":"Energy Potion"}],"is_trial":false,"path_per_floor":["M","M","?","?","M","R","E","M","T","E","M","M","R","?","R","B",null,"M","M","?","$","M"],"character_chosen":"DEFECT","items_purchased":["Blood Vial"],"campfire_rested":1,"item_purchase_floors":[21],"current_hp_per_floor":[75,62,62,85,85,85,61,53,53,45,42,32,32,32,55,41,79,33,19,19,19,0,0],"gold":192,"neow_bonus":"ONE_RANDOM_RARE_CARD","is_daily":false,"chose_seed":false,"campfire_upgraded":2,"win_rate":0.0,"timestamp":1609679609,"path_taken":["M","M","?","?","?","R","E","M","T","E","M","M","R","?","R","BOSS","M","M","?","$","M"],"items_purchased_type":["Relic"],"build_version":"2020-12-22","purchased_purges":0,"victory":false,"max_hp_per_floor":[75,75,75,85,85,85,85,85,85,85,85,85,85,79,79,79,79,79,79,79,79,79,79],"card_choices":[{"not_picked":["ReplayTheSpireMod:Reroute Power","Conserve Battery"],"picked":"Loop","floor":1.0},{"not_picked":["Chill","Steam"],"picked":"Darkness","floor":2.0},{"not_picked":["Barrage","Auto Shields","ReplayTheSpireMod:System Scan"],"picked":"SKIP","floor":5.0},{"not_picked":["All For One","Reprogram","FIFO Queue"],"picked":"SKIP","floor":7.0},{"not_picked":["Cold Snap","Storm","ReplaySolidLightProjector"],"picked":"SKIP","floor":8.0},{"not_picked":["Chill","Skim"],"picked":"Leap","floor":10.0},{"not_picked":["Cold Snap","Gash","Streamline"],"picked":"SKIP","floor":11.0},{"not_picked":["FIFO Queue","Cold Snap"],"picked":"Conserve Battery","floor":12.0},{"not_picked":["Echo Form","Biased Cognition"],"picked":"Creative AI","floor":16},{"not_picked":["Rebound","Darkness"],"picked":"Loop+1","floor":18},{"not_picked":["Go for the Eyes+1","Scrape","Coolheaded"],"picked":"SKIP","floor":19}],"player_experience":61567,"relics_obtained":[{"floor":3.0,"key":"Ring of Shattering"},{"floor":3.0,"key":"Ring of Fury"},{"floor":7.0,"key":"Happy Flower"},{"floor":10.0,"key":"Turnip"}],"event_choices":[{"cards_removed":["Amplify"],"damage_healed":13.0,"max_hp_gain":10.0,"max_hp_loss":0.0,"gold_gain":0.0,"event_name":"Bonfire Elementals","player_choice":"Offered Rare","floor":4.0,"gold_loss":0.0,"damage_taken":0.0},{"damage_healed":0.0,"max_hp_gain":0.0,"max_hp_loss":6.0,"gold_gain":0.0,"event_name":"Golden Idol","player_choice":"Lose Max HP","floor":14.0,"gold_loss":0.0,"damage_taken":0.0,"relics_obtained":["Golden Idol"]},{"cards_removed":["Defend_B"],"damage_healed":0,"gold_gain":0,"player_choice":"Gave Gold","damage_taken":0,"max_hp_gain":0,"max_hp_loss":0,"event_name":"Beggar","floor":20,"gold_loss":75}],"is_beta":false,"boss_relics":[{"not_picked":["ReplayTheSpireMod:DimensionalGlitch","Cursed Key"],"picked":"Kintsugi"}],"items_purged_floors":[],"is_endless":false,"potions_floor_spawned":[1,2,7,19],"killed_by":"Snecko","ascension_level":2}}