{"host":"rolltorest","time":1609711817,"event":{"mods":["BaseMod","Minty Spire (QoL Compilation)","Relic Stats","Robot Space Explorer","Slay the Relics Exporter","StSLib"],"gold_per_floor":[114,131,206,221,236,236,268,268,268,302,302,13,13,46,46,150,150,169,189,114,39,39,39,39,39],"floor_reached":24,"playtime":622,"items_purged":["RobotSpaceExplorer:Strike"],"score":354,"play_id":"01f27c1c-efa1-4ae4-bbed-c2abbdc2769b","local_time":"20210103141017","is_ascension_mode":true,"campfire_choices":[{"data":"RobotSpaceExplorer:Asteroid","floor":6,"key":"SMITH"},{"data":"RobotSpaceExplorer:DoubleBlock","floor":8,"key":"SMITH"},{"data":"RobotSpaceExplorer:HighVoltage","floor":15,"key":"SMITH"},{"data":"1","floor":23,"key":"LIFT"}],"circlet_count":0,"master_deck":["AscendersBane","RobotSpaceExplorer:Strike","RobotSpaceExplorer:Strike+1","RobotSpaceExplorer:Strike","RobotSpaceExplorer:Defend","RobotSpaceExplorer:Defend","RobotSpaceExplorer:Defend","RobotSpaceExplorer:Defend","RobotSpaceExplorer:Scan","RobotSpaceExplorer:MiniLasers","RobotSpaceExplorer:HighVoltage+1","RobotSpaceExplorer:ScrapMissile","RobotSpaceExplorer:FrostMissile+1","RobotSpaceExplorer:Asteroid+1","RobotSpaceExplorer:DoubleBlock+1","RobotSpaceExplorer:TurboDodge","RobotSpaceExplorer:Explosion","CurseOfTheBell"],"relics":["RobotSpaceExplorer:RoboCore","Bronze Scales","Pear","Prayer Wheel","Bag of Preparation","Strawberry","Dream Catcher","Calling Bell","Regal Pillow","Singing Bowl","Girya","Bag of Marbles"],"acts_visited":["Exordium","TheCity"],"potions_floor_usage":[10,16],"damage_taken":[{"damage":2,"enemies":"Small Slimes","floor":1,"turns":4},{"damage":0,"enemies":"Jaw Worm","floor":2,"turns":5},{"damage":0,"enemies":"2 Louse","floor":4,"turns":2},{"damage":7,"enemies":"Large Slime","floor":5,"turns":5},{"damage":34,"enemies":"Gremlin Nob","floor":7,"turns":4},{"damage":20,"enemies":"Lagavulin","floor":10,"turns":7},{"damage":18,"enemies":"Gremlin Nob","floor":14,"turns":4},{"damage":19,"enemies":"Hexaghost","floor":16,"turns":10},{"damage":10,"enemies":"Shell Parasite","floor":18,"turns":5},{"damage":9,"enemies":"Chosen","floor":19,"turns":4},{"damage":53,"enemies":"Book of Stabbing","floor":24,"turns":7}],"seed_played":"-5440308374612986160","potions_obtained":[{"floor":1,"key":"Regen Potion"},{"floor":5,"key":"FairyPotion"},{"floor":7,"key":"ColorlessPotion"}],"is_trial":false,"path_per_floor":["M","M","?","M","M","R","E","R","T","E","?","$","?","E","R","B",null,"M","M","?","$","?","R","E"],"character_chosen":"RobotSpaceExplorer","items_purchased":["Bag of Preparation","Strawberry"],"campfire_rested":0,"item_purchase_floors":[12,12],"current_hp_per_floor":[48,48,37,37,30,30,22,22,32,27,10,17,40,22,22,3,70,64,59,59,59,59,59,6,6],"gold":39,"neow_bonus":"THREE_RARE_CARDS","is_daily":false,"chose_seed":false,"campfire_upgraded":3,"win_rate":0.0,"timestamp":1609711817,"path_taken":["M","M","?","M","M","R","E","R","T","E","?","?","?","E","R","BOSS","M","M","?","$","?","R","E"],"items_purchased_type":["Relic","Relic"],"build_version":"2020-12-18","purchased_purges":1,"victory":false,"max_hp_per_floor":[75,75,75,75,75,75,75,75,85,85,85,92,92,92,92,92,92,96,100,97,97,97,97,97,97],"relic_stats":{"Dream Catcher":0,"Regal Pillow":0,"Singing Bowl":8,"counters":[11,57],"Bronze Scales":[142],"Prayer Wheel":2,"Bag of Preparation":[10],"obtain_stats":[{"Calling Bell":17,"Girya":17,"Dream Catcher":14,"Regal Pillow":17,"Pear":9,"Singing Bowl":17,"Bronze Scales":7,"Strawberry":12,"RobotSpaceExplorer:RoboCore":0,"Prayer Wheel":10,"Bag of Preparation":12,"Bag of Marbles":22},{"Calling Bell":8,"Girya":8,"Dream Catcher":7,"Regal Pillow":8,"Pear":5,"Singing Bowl":8,"Bronze Scales":5,"Strawberry":6,"RobotSpaceExplorer:RoboCore":0,"Prayer Wheel":6,"Bag of Preparation":6,"Bag of Marbles":10},{"Calling Bell":41,"Girya":41,"Dream Catcher":31,"Regal Pillow":41,"Pear":20,"Singing Bowl":41,"Bronze Scales":20,"Strawberry":27,"RobotSpaceExplorer:RoboCore":0,"Prayer Wheel":27,"Bag of Preparation":27,"Bag of Marbles":50}]},"card_choices":[{"not_picked":["RobotSpaceExplorer:Explosion","RobotSpaceExplorer:BlastShield"],"picked":"RobotSpaceExplorer:HighVoltage","floor":0},{"not_picked":["RobotSpaceExplorer:SlimeMissile","RobotSpaceExplorer:ShockKick"],"picked":"RobotSpaceExplorer:ScrapMissile","floor":1},{"not_picked":["RobotSpaceExplorer:SwiftStep","RobotSpaceExplorer:MetalStrike"],"picked":"RobotSpaceExplorer:FrostMissile","floor":2},{"not_picked":["RobotSpaceExplorer:Electroshield","RobotSpaceExplorer:ShockKick"],"picked":"RobotSpaceExplorer:Asteroid","floor":4},{"not_picked":["RobotSpaceExplorer:StunGrenade","RobotSpaceExplorer:MetalStrike","RobotSpaceExplorer:GlueShot"],"picked":"SKIP","floor":5},{"not_picked":["RobotSpaceExplorer:GlueShot","RobotSpaceExplorer:ToxicBomb"],"picked":"RobotSpaceExplorer:DoubleBlock","floor":7},{"not_picked":["RobotSpaceExplorer:StarLightning","RobotSpaceExplorer:MetalStrike"],"picked":"RobotSpaceExplorer:TurboDodge","floor":10},{"not_picked":["RobotSpaceExplorer:SwiftStep","RobotSpaceExplorer:JunkDive","RobotSpaceExplorer:Ammunition"],"picked":"SKIP","floor":14},{"not_picked":["RobotSpaceExplorer:Accelerator","RobotSpaceExplorer:Multitool"],"picked":"RobotSpaceExplorer:Explosion","floor":16},{"not_picked":["RobotSpaceExplorer:Ammunition","RobotSpaceExplorer:ShovelStrike+1","RobotSpaceExplorer:MiniBoosters"],"picked":"Singing Bowl","floor":18},{"not_picked":["RobotSpaceExplorer:SurgingShield","RobotSpaceExplorer:StarLightning","RobotSpaceExplorer:GlueShot"],"picked":"Singing Bowl","floor":18},{"not_picked":["RobotSpaceExplorer:ShockKick","RobotSpaceExplorer:SwiftStep","RobotSpaceExplorer:Reload+1"],"picked":"Singing Bowl","floor":19},{"not_picked":["RobotSpaceExplorer:Scanner","RobotSpaceExplorer:FranticSearch+1","RobotSpaceExplorer:Counterblock"],"picked":"Singing Bowl","floor":19}],"player_experience":1757735,"relics_obtained":[{"floor":7,"key":"Bronze Scales"},{"floor":9,"key":"Pear"},{"floor":10,"key":"Prayer Wheel"},{"floor":14,"key":"Dream Catcher"},{"floor":17,"key":"Regal Pillow"},{"floor":17,"key":"Singing Bowl"},{"floor":17,"key":"Girya"}],"event_choices":[{"damage_healed":0,"gold_gain":75,"player_choice":"Gather Gold","damage_taken":11,"max_hp_gain":0,"max_hp_loss":0,"event_name":"World of Goop","floor":3,"gold_loss":0},{"damage_healed":0,"gold_gain":0,"player_choice":"Entered Light","damage_taken":17,"max_hp_gain":0,"max_hp_loss":0,"event_name":"Shining Light","floor":11,"gold_loss":0,"cards_upgraded":["RobotSpaceExplorer:FrostMissile","RobotSpaceExplorer:Strike"]},{"damage_healed":23,"gold_gain":0,"player_choice":"Healed and dodged fight","damage_taken":0,"max_hp_gain":0,"max_hp_loss":0,"event_name":"Mushrooms","floor":13,"gold_loss":0,"cards_obtained":["Parasite"]},{"cards_removed":["Parasite"],"damage_healed":0,"gold_gain":0,"player_choice":"Gave Gold","damage_taken":0,"max_hp_gain":0,"max_hp_loss":0,"event_name":"Beggar","floor":20,"gold_loss":75},{"damage_healed":0,"gold_gain":0,"player_choice":"Opened","damage_taken":0,"relics_obtained":["Bag of Marbles"],"max_hp_gain":0,"max_hp_loss":0,"event_name":"The Mausoleum","floor":22,"gold_loss":0}],"is_beta":true,"boss_relics":[{"not_picked":["SacredBark","Velvet Choker"],"picked":"Calling Bell"}],"items_purged_floors":[21],"is_endless":false,"potions_floor_spawned":[1,5,7],"killed_by":"Book of Stabbing","ascension_level":11}}