{"host":"s5t6tedanf5l3voc","time":1609635912,"event":{"mods":["BaseMod","BetterRewards","Colored Powertips","GifTheSpireLib","Googly Eyes","Infinite Spire","Minty Spire (QoL Compilation)","Shop Mod","StSLib","The Animator"],"gold_per_floor":[130,280,107,107,122,122,148,148,173,191,191,201,239,239,239,311,311,321,321,331,331,346,346,357,357,380,399,399,399,453,453,453,532,532,562,572,572,582,593,593,619,619,619,619,634,634,50,75,75,75,75,75,75,518,568,623,691,691,114,114,114],"floor_reached":60,"playtime":4561,"items_purged":["animator:Defend","Shame","Regret"],"score":2354,"play_id":"f918a340-ffb9-4d55-b3cc-db5c40ea40d4","local_time":"20210102170512","is_ascension_mode":true,"campfire_choices":[{"floor":6,"key":"REST"},{"data":"animator:Kaijin","floor":8,"key":"SMITH"},{"floor":11,"key":"REST"},{"data":"animator:Hans","floor":15,"key":"SMITH"},{"floor":23,"key":"REST"},{"floor":25,"key":"REST"},{"floor":32,"key":"RECALL"},{"floor":40,"key":"REST"},{"floor":44,"key":"REST"},{"floor":49,"key":"REST"},{"floor":53,"key":"REST"}],"circlet_count":0,"master_deck":["AscendersBane","animator:Strike_TenSura","animator:Defend_TenSura+1","animator:Strike","animator:Strike+1","animator:Strike","animator:Defend+1","animator:Defend","animator:Benimaru","animator:Shuna","animator:Hans","animator:Rimuru","animator:Kaijin+1","animator:Shion","animator:Fredrika","animator:SakuraMatou+1","animator:Archer","animator:Elesis+1","animator:Souei","animator:Layla+1","animator:SakuraMatou","animator:Vesta","animator:Biyorigo","animator:Benimaru","animator:ShinjiMatou","animator:Millim+8","animator:Hans","animator:Raven","animator:Pride+1","Injury","animator:Wiz+1","animator:Hakurou+1","animator:Shizu","animator:PandorasActor+1","animator:PandorasActor+1","animator:Souei+1","Parasite","animator:Nanami","animator:Aqua","animator:Rimuru","animator:YunYun","animator:Shuna+1","animator:Rimuru","animator:Raven","animator:Hakurou+1","animator:Ainz+1"],"relics":["animator:TheEgnaroPiece","animator:AncientMedallion"],"acts_visited":["Exordium","TheCity","TheBeyond","TheEnding","EYB:TheUnnamedReign"],"potions_floor_usage":[1,7,16,16,20,30,33,39,41,48,51,51,56,60],"damage_taken":[{"damage":3,"enemies":"Small Slimes","floor":1,"turns":3},{"damage":12,"enemies":"Jaw Worm","floor":5,"turns":4},{"damage":10,"enemies":"3 Sentries","floor":7,"turns":4},{"damage":1,"enemies":"Cultist","floor":10,"turns":4},{"damage":0,"enemies":"2 Fungi Beasts","floor":12,"turns":2},{"damage":3,"enemies":"Gremlin Nob","floor":13,"turns":3},{"damage":13,"enemies":"The Guardian","floor":16,"turns":7},{"damage":13,"enemies":"Spheric Guardian","floor":18,"turns":4},{"damage":13,"enemies":"Shell Parasite","floor":20,"turns":3},{"damage":21,"enemies":"Snecko","floor":22,"turns":5},{"damage":33,"enemies":"Cultist and Chosen","floor":24,"turns":4},{"damage":34,"enemies":"Centurion and Healer","floor":27,"turns":6},{"damage":14,"enemies":"animator:HornedBat","floor":30,"turns":4},{"damage":50,"enemies":"Collector","floor":33,"turns":6},{"damage":20,"enemies":"3 Darklings","floor":35,"turns":4},{"damage":10,"enemies":"Orb Walker","floor":36,"turns":2},{"damage":3,"enemies":"Sphere and 2 Shapes","floor":38,"turns":3},{"damage":14,"enemies":"Writhing Mass","floor":39,"turns":4},{"damage":62,"enemies":"Giant Head","floor":41,"turns":7},{"damage":0,"enemies":"3 Darklings","floor":45,"turns":3},{"damage":2,"enemies":"Mind Bloom Boss Battle","floor":48,"turns":5},{"damage":64,"enemies":"Donu and Deca","floor":50,"turns":8},{"damage":1,"enemies":"infinitespire:MassOfShapes","floor":51,"turns":9},{"damage":9,"enemies":"animator:UNNAMED_HAT","floor":55,"turns":13},{"damage":64,"enemies":"animator:TRIPLE_SHAPES_WEAK","floor":56,"turns":10},{"damage":68,"enemies":"animator:UNNAMED_CULTIST_2","floor":60,"turns":7}],"seed_played":"-1305986750903881048","potions_obtained":[{"floor":5,"key":"PowerPotion"},{"floor":7,"key":"SkillPotion"},{"floor":12,"key":"SkillPotion"},{"floor":16,"key":"EssenceOfSteel"},{"floor":24,"key":"PowerPotion"},{"floor":27,"key":"animator:GrowthPotion"},{"floor":33,"key":"LiquidBronze"},{"floor":36,"key":"SmokeBomb"},{"floor":37,"key":"FairyPotion"},{"floor":37,"key":"Energy Potion"},{"floor":39,"key":"Explosive Potion"},{"floor":41,"key":"animator:FalseLifePotion"},{"floor":46,"key":"EntropicBrew"},{"floor":55,"key":"animator:FalseLifePotion"},{"floor":56,"key":"animator:FalseLifePotion"}],"is_trial":false,"path_per_floor":["M","?","$","?","M","R","E","R","T","M","R","M","E","?","R","B",null,"M","?","M","?","M","R","M","R","T","M","?","?","E","AVR","R","B",null,"M","M","AVR","M","M","R","E","?","T","R","M","?","$","?","R","B","B",null,"R","??","M","M","T","?","$","M"],"character_chosen":"THE_ANIMATOR","items_purchased":["Gremlin Horn","animator:Hans","Boot","animator:Rimuru","infinitespire:EmpoweringShard","animator:Kaijin","Regal Pillow","Regen Potion","Bag of Marbles","Champion Belt","Bag of Preparation","animator:Millim","animator:AncientMedallion","animator:AncientMedallion"],"campfire_rested":8,"item_purchase_floors":[0,0,0,0,0,0,0,0,3,47,47,59,59,59],"current_hp_per_floor":[20,20,20,20,8,41,31,31,31,31,61,61,58,32,32,19,51,38,38,25,25,5,38,5,38,38,4,4,62,48,56,56,10,58,40,32,32,31,19,58,42,42,42,79,81,81,81,83,83,19,23,67,82,91,84,53,53,54,54,0,0],"gold":114,"neow_bonus":"","is_daily":false,"chose_seed":false,"campfire_upgraded":2,"win_rate":0.0,"timestamp":1609635912,"path_taken":["M","?","$","?","?","R","E","R","T","M","R","M","E","?","R","BOSS","M","?","M","?","M","R","M","R","T","M","?","?","E","AVR","R","BOSS","M","M","AVR","M","M","R","E","?","T","R","M","?","$","?","R","BOSS","BOSS","R","??","M","M","T","?","$","M"],"items_purchased_type":["Relic","Card","Relic","Card","Relic","Card","Relic","Potion","Relic","Relic","Relic","Card","Relic","Relic"],"build_version":"2020-12-22","purchased_purges":3,"victory":false,"max_hp_per_floor":[60,60,60,60,60,60,60,60,60,61,61,61,61,61,61,61,61,61,61,61,61,62,62,62,62,62,62,62,62,62,70,70,74,74,76,78,78,80,82,82,79,79,79,79,81,81,81,83,83,80,82,82,82,91,91,91,91,92,92,92,92],"card_choices":[{"not_picked":["animator:Raven","animator:Darkness"],"picked":"animator:Shion","floor":1},{"not_picked":["animator:Kazuma","animator:Cocytus"],"picked":"animator:Fredrika","floor":1},{"not_picked":["animator:Yuuichirou","animator:Gluttony"],"picked":"animator:Archer","floor":5},{"not_picked":["animator:Azekura","animator:EmiyaShirou","animator:Emonzaemon"],"picked":"SKIP","floor":5},{"not_picked":["animator:KrulTepes","animator:Shinoa"],"picked":"animator:Elesis","floor":7},{"not_picked":["animator:Hakurou","animator:Veldora"],"picked":"animator:Souei","floor":10},{"not_picked":["animator:Shalltear","animator:Add"],"picked":"animator:Layla","floor":10},{"not_picked":["animator:Shalltear","animator:YunYun"],"picked":"animator:SakuraMatou","floor":12},{"not_picked":["animator:Rider","animator:ChaikaBohdan","animator:KrulTepes"],"picked":"SKIP","floor":12},{"not_picked":["animator:Shigure","animator:MaesHughes"],"picked":"animator:Vesta","floor":13},{"not_picked":["animator:ChaikaTrabant","animator:Wiz"],"picked":"animator:Biyorigo","floor":16},{"not_picked":["animator:RinTohsaka+1","animator:Berserker"],"picked":"animator:Benimaru","floor":18},{"not_picked":["animator:Demiurge","animator:Shion","animator:Add"],"picked":"SKIP","floor":18},{"not_picked":["animator:Shalltear","animator:Assassin"],"picked":"animator:ShinjiMatou+1","floor":20},{"not_picked":["animator:WinryRockbell","animator:HiiragiShinya+1"],"picked":"animator:Millim","floor":22},{"not_picked":["animator:Ciel","animator:Add"],"picked":"animator:Hans","floor":22},{"not_picked":["animator:WinryRockbell","animator:Laby+1"],"picked":"animator:Raven","floor":24},{"not_picked":["animator:Lu","animator:Viivi"],"picked":"animator:Pride","floor":24},{"not_picked":["animator:CrowleyEusford","animator:Mitsuba"],"picked":"animator:Wiz","floor":27},{"not_picked":["animator:Verdia","animator:Guy"],"picked":"animator:Laby","floor":27},{"not_picked":["animator:Millim","animator:Shuna"],"picked":"animator:Hakurou","floor":30},{"not_picked":["animator:Father","animator:Envy"],"picked":"animator:Shizu+1","floor":33},{"not_picked":["animator:Verdia","animator:Shion+1"],"picked":"animator:PandorasActor","floor":35},{"not_picked":["animator:Lancer+1","animator:Entoma+1","animator:PandorasActor"],"picked":"SKIP","floor":35},{"not_picked":["animator:CrowleyEusford+1","animator:Shinoa+1"],"picked":"animator:PandorasActor","floor":36},{"not_picked":["animator:Lu+1","animator:RoyMustang+1","animator:Gluttony+1"],"picked":"SKIP","floor":36},{"not_picked":["animator:Elsword+1","animator:Entoma+1"],"picked":"animator:Souei","floor":38},{"not_picked":["animator:ShinjiMatou","animator:Azekura","animator:AcuraAkari"],"picked":"SKIP","floor":38},{"not_picked":["animator:Assassin+1","animator:NarberalGamma+1"],"picked":"animator:Nanami+1","floor":39},{"not_picked":["animator:Hakurou+1","animator:Benimaru+1"],"picked":"animator:Millim+1","floor":39},{"not_picked":["animator:Laby","animator:HiiragiShinya"],"picked":"animator:Aqua+1","floor":41},{"not_picked":["animator:EmiyaShirou","animator:RoyMustang+1"],"picked":"animator:Shuna","floor":45},{"not_picked":["animator:ElricEdward+1","animator:Sloth+1","animator:Viivi+1"],"picked":"SKIP","floor":45},{"not_picked":["animator:SakuraMatou","animator:HiiragiShinya"],"picked":"animator:Rimuru","floor":48},{"not_picked":["animator:Aqua","animator:Elsword"],"picked":"animator:Raven","floor":55},{"not_picked":["animator:CrowleyEusford","animator:PandorasActor"],"picked":"animator:Hakurou+1","floor":56},{"not_picked":["animator:Albedo+1","animator:Biyorigo+1"],"picked":"animator:Ainz+1","floor":58}],"player_experience":905405,"relics_obtained":[{"floor":7,"key":"Juzu Bracelet"},{"floor":9,"key":"Vajra"},{"floor":13,"key":"animator:Buoy"},{"floor":26,"key":"animator:ShionDessert"},{"floor":30,"key":"Art of War"},{"floor":41,"key":"Ancient Tea Set"},{"floor":41,"key":"Du-Vu Doll"},{"floor":48,"key":"Lizard Tail"},{"floor":54,"key":"animator:TheEgnaroPiece"},{"floor":54,"key":"animator:AncientMedallion"},{"floor":57,"key":"animator:AncientMedallion"}],"event_choices":[{"damage_healed":0,"gold_gain":150,"player_choice":"AGREE","damage_taken":0,"max_hp_gain":0,"max_hp_loss":0,"event_name":"Liars Game","floor":2,"gold_loss":0,"cards_obtained":["Doubt"]},{"damage_healed":0,"gold_gain":0,"player_choice":"1 cards matched","damage_taken":0,"max_hp_gain":0,"max_hp_loss":0,"event_name":"Match and Keep!","floor":4,"gold_loss":0,"cards_obtained":["animator:SakuraMatou"]},{"damage_healed":0,"gold_gain":0,"player_choice":"Success","damage_taken":26,"relics_obtained":["infinitespire:Lucky Rock"],"max_hp_gain":0,"max_hp_loss":0,"event_name":"Scrap Ooze","floor":14,"gold_loss":0},{"damage_healed":0,"gold_gain":0,"player_choice":"Ignored","damage_taken":0,"max_hp_gain":0,"max_hp_loss":0,"event_name":"Cursed Tome","floor":19,"gold_loss":0},{"cards_removed":["Doubt"],"damage_healed":0,"gold_gain":0,"player_choice":"Elegance","damage_taken":0,"max_hp_gain":0,"max_hp_loss":0,"event_name":"Back to Basics","floor":21,"gold_loss":0},{"damage_healed":0,"gold_gain":0,"player_choice":"Stole Relic","damage_taken":0,"relics_obtained":["Blue Candle"],"max_hp_gain":0,"max_hp_loss":0,"event_name":"Addict","floor":28,"gold_loss":0,"cards_obtained":["Shame"]},{"cards_removed":["animator:Laby"],"damage_healed":58,"gold_gain":0,"player_choice":"Offered Uncommon","damage_taken":0,"max_hp_gain":0,"max_hp_loss":0,"event_name":"Bonfire Elementals","floor":29,"gold_loss":0},{"damage_healed":0,"gold_gain":0,"player_choice":"2 cards matched","damage_taken":0,"max_hp_gain":0,"max_hp_loss":0,"event_name":"Match and Keep!","floor":42,"gold_loss":0,"cards_obtained":["animator:Rimuru","animator:YunYun"]},{"damage_healed":0,"gold_gain":0,"player_choice":"Got Potions","damage_taken":0,"max_hp_gain":0,"max_hp_loss":0,"event_name":"Lab","floor":46,"gold_loss":0},{"damage_healed":0,"gold_gain":0,"player_choice":"Fight","damage_taken":0,"max_hp_gain":0,"max_hp_loss":0,"event_name":"MindBloom","floor":48,"gold_loss":0}],"is_beta":false,"boss_relics":[{"not_picked":["animator:CursedBlade","Velvet Choker"],"picked":"Cursed Key"},{"not_picked":["SacredBark","infinitespire:Cupcake"],"picked":"Fusion Hammer"}],"items_purged_floors":[0,31,47],"is_endless":false,"potions_floor_spawned":[5,7,12,16,24,27,33,36,38,39,41,56],"killed_by":"animator:UNNAMED_CULTIST_2","ascension_level":20}}