{"host":"lvhfn8l5bvc4nolx","time":1609644628,"event":{"mods":["AchievementEnabler","BaseMod","Colored Map","Keyboard Shortcuts","Minty Spire (QoL Compilation)","Permanent Neow","Quick Restart","SuperFastMode"],"gold_per_floor":[20,20,45,45,63,63,102,102,126,126,145,75,114,129,129,260,260,279,292,53,79,79,79,104,104,104,135,158,178,178,115,115,240,240,264,305,234,234,249,53,0,333,333,348,170,170,180,180,180],"floor_reached":48,"playtime":3813,"items_purged":["Strike_P","Defend_P","Defend_P","Vigilance"],"score":786,"play_id":"30c67cbb-dba3-436d-9c39-7458cd636d23","local_time":"20210103123028","is_ascension_mode":true,"campfire_choices":[{"floor":6.0,"key":"REST"},{"data":"Fasting2","floor":8.0,"key":"SMITH"},{"data":"Eruption","floor":10.0,"key":"SMITH"},{"data":"TalkToTheHand","floor":15.0,"key":"SMITH"},{"data":"Vault","floor":23.0,"key":"SMITH"},{"data":"Omniscience","floor":25.0,"key":"SMITH"},{"floor":32.0,"key":"REST"}],"circlet_count":0,"master_deck":["Strike_P+1","Eruption+1","Apotheosis+1","Fasting2+1","WheelKick+1","SandsOfTime","FollowUp","Adaptation","TalkToTheHand+1","CrushJoints","Omniscience+1","LessonLearned+1","InnerPeace+1","CrushJoints+1","FearNoEvil+1","Flash of Steel","Flash of Steel+1","Vault+1","MentalFortress","Scrawl","Wish","Ragnarok","Prostrate+1","Devotion","Worship","Pray+1","Prostrate","WindmillStrike","CutThroughFate+1"],"relics":["PureWater","Anchor","Strawberry","Membership Card","CaptainsWheel","Astrolabe","CloakClasp","Happy Flower","Prayer Wheel","Regal Pillow","Sozu","MealTicket","Red Mask","OrangePellets"],"acts_visited":["Exordium","TheCity","TheBeyond"],"potions_floor_usage":[],"damage_taken":[{"damage":4.0,"enemies":"Jaw Worm","floor":1.0,"turns":2.0},{"damage":2.0,"enemies":"2 Louse","floor":3.0,"turns":2.0},{"damage":0.0,"enemies":"Cultist","floor":5.0,"turns":3.0},{"damage":16.0,"enemies":"3 Sentries","floor":7.0,"turns":5.0},{"damage":6.0,"enemies":"3 Louse","floor":11.0,"turns":4.0},{"damage":40.0,"enemies":"Lagavulin","floor":13.0,"turns":3.0},{"damage":0.0,"enemies":"Lots of Slimes","floor":14.0,"turns":1.0},{"damage":0.0,"enemies":"Hexaghost","floor":16.0,"turns":4.0},{"damage":0.0,"enemies":"Chosen","floor":18.0,"turns":4.0},{"damage":3.0,"enemies":"Spheric Guardian","floor":19.0,"turns":3.0},{"damage":4.0,"enemies":"3 Cultists","floor":24.0,"turns":5.0},{"damage":26.0,"enemies":"Slavers","floor":27.0,"turns":5.0},{"damage":20.0,"enemies":"Centurion and Healer","floor":28.0,"turns":4.0},{"damage":0.0,"enemies":"Snecko","floor":29.0,"turns":3.0},{"damage":0.0,"enemies":"Collector","floor":33.0,"turns":8.0},{"damage":31.0,"enemies":"3 Darklings","floor":35.0,"turns":4.0},{"damage":9.0,"enemies":"3 Shapes","floor":36.0,"turns":8.0},{"damage":1.0,"enemies":"Spire Growth","floor":39.0,"turns":3.0},{"damage":0,"enemies":"Writhing Mass","floor":44,"turns":2},{"damage":32,"enemies":"3 Darklings","floor":47,"turns":3},{"damage":29,"enemies":"Jaw Worm Horde","floor":48,"turns":2}],"seed_played":"5294544000388564282","potions_obtained":[{"floor":3.0,"key":"Explosive Potion"},{"floor":5.0,"key":"SteroidPotion"},{"floor":14.0,"key":"LiquidMemories"},{"floor":16.0,"key":"EntropicBrew"},{"floor":27.0,"key":"Dexterity Potion"}],"is_trial":false,"path_per_floor":["M","?","M","?","M","R","E","R","T","R","M","$","E","M","R","B",null,"M","M","$","T","?","R","M","R","T","E","M","M","?","$","R","B",null,"M","M","$","?","M","$","?","?","T","M","$","?","M","M"],"character_chosen":"WATCHER","items_purchased":["Membership Card","Adaptation","TalkToTheHand","EmptyFist","CloakClasp","Flash of Steel","Ragnarok","Devotion","Worship","MealTicket","Prostrate","OrangePellets"],"campfire_rested":2,"item_purchase_floors":[12,12,12,12,20,20,37,40,40,40,45,45],"current_hp_per_floor":[61,43,41,41,41,62,46,46,53,53,47,47,7,7,7,7,61,61,58,58,58,58,58,54,54,54,28,8,8,8,8,46,46,71,40,31,31,31,30,30,30,30,30,30,45,45,13,0,0],"gold":180,"neow_bonus":"RANDOM_COLORLESS_2","is_daily":false,"chose_seed":false,"campfire_upgraded":5,"win_rate":0.0,"timestamp":1609644628,"path_taken":["M","?","M","?","M","R","E","R","T","R","M","$","E","M","R","BOSS","M","M","$","?","?","R","M","R","T","E","M","?","?","?","R","BOSS","M","M","$","?","M","$","?","?","T","M","$","?","M","M"],"items_purchased_type":["Relic","Card","Card","Card","Relic","Card","Card","Card","Card","Relic","Card","Relic"],"build_version":"2020-12-22","purchased_purges":4,"victory":false,"max_hp_per_floor":[72,72,72,72,72,72,72,72,79,79,79,79,79,79,79,79,79,79,79,79,79,79,79,79,79,79,79,79,79,79,79,79,79,79,79,79,79,79,79,79,79,79,79,79,79,79,79,79,79],"card_choices":[{"not_picked":["Thinking Ahead","Master of Strategy"],"picked":"Apotheosis","floor":0.0},{"not_picked":["WreathOfFlame","Swivel"],"picked":"Fasting2","floor":1.0},{"not_picked":["Collect","DeceiveReality"],"picked":"Halt","floor":3.0},{"not_picked":["EmptyFist","Evaluate"],"picked":"WheelKick","floor":5.0},{"not_picked":["Evaluate","BowlingBash"],"picked":"SandsOfTime","floor":7.0},{"not_picked":["Evaluate","BattleHymn"],"picked":"FollowUp","floor":11.0},{"not_picked":["ReachHeaven","LikeWater"],"picked":"CrushJoints","floor":13.0},{"not_picked":["EmptyBody","ClearTheMind","PathToVictory"],"picked":"SKIP","floor":14.0},{"not_picked":["Alpha","Judgement"],"picked":"Omniscience","floor":16.0},{"not_picked":["Conclude","CutThroughFate","BowlingBash+1"],"picked":"SKIP","floor":18.0},{"not_picked":["TalkToTheHand","Worship"],"picked":"FearNoEvil","floor":19.0},{"not_picked":["Wireheading+1","Protect","FlyingSleeves"],"picked":"SKIP","floor":24.0},{"not_picked":["Crescendo+1","EmptyFist","FollowUp"],"picked":"SKIP","floor":27.0},{"not_picked":["SashWhip+1","Evaluate"],"picked":"MentalFortress","floor":28.0},{"not_picked":["InnerPeace","Prostrate","Indignation"],"picked":"SKIP","floor":28.0},{"not_picked":["CrushJoints","Consecrate"],"picked":"Scrawl","floor":29.0},{"not_picked":["EmptyFist+1","FearNoEvil+1","ClearTheMind+1"],"picked":"SKIP","floor":29.0},{"not_picked":["SpiritShield","MasterReality"],"picked":"Wish","floor":33.0},{"not_picked":["Adaptation","EmptyFist+1","Indignation"],"picked":"SKIP","floor":35.0},{"not_picked":["ForeignInfluence","ClearTheMind","Consecrate+1"],"picked":"SKIP","floor":35.0},{"not_picked":["ThirdEye","Halt+1","CutThroughFate+1"],"picked":"SKIP","floor":36.0},{"not_picked":["Halt","SignatureMove","Crescendo+1"],"picked":"SKIP","floor":36.0},{"not_picked":["SashWhip+1","Wireheading+1"],"picked":"Prostrate+1","floor":39},{"not_picked":["FollowUp+1","BattleHymn","InnerPeace+1"],"picked":"SKIP","floor":39},{"not_picked":["FlurryOfBlows","WindmillStrike+1"],"picked":"Pray+1","floor":44},{"not_picked":["BattleHymn+1","ClearTheMind","Weave"],"picked":"SKIP","floor":44},{"not_picked":["Wireheading+1","Judgement"],"picked":"CutThroughFate+1","floor":47},{"not_picked":["BowlingBash","EmptyFist+1","FearNoEvil+1"],"picked":"SKIP","floor":47}],"player_experience":366952,"relics_obtained":[{"floor":7.0,"key":"Anchor"},{"floor":9.0,"key":"Strawberry"},{"floor":13.0,"key":"CaptainsWheel"},{"floor":21.0,"key":"Happy Flower"},{"floor":26.0,"key":"Prayer Wheel"},{"floor":27.0,"key":"Regal Pillow"}],"event_choices":[{"damage_healed":0.0,"max_hp_gain":0.0,"max_hp_loss":0.0,"gold_gain":0.0,"event_name":"Golden Idol","player_choice":"Take Damage","floor":2.0,"gold_loss":0.0,"damage_taken":18.0,"relics_obtained":["Golden Idol"]},{"damage_healed":0.0,"max_hp_gain":0.0,"max_hp_loss":0.0,"gold_gain":0.0,"event_name":"Accursed Blacksmith","player_choice":"Forge","floor":4.0,"gold_loss":0.0,"damage_taken":0.0,"cards_upgraded":["Apotheosis"]},{"damage_healed":0.0,"max_hp_gain":0.0,"max_hp_loss":0.0,"gold_gain":0.0,"event_name":"Match and Keep!","player_choice":"2 cards matched","floor":22.0,"gold_loss":0.0,"damage_taken":0.0,"cards_obtained":["Flash of Steel","Vault"]},{"cards_removed":["Defend_P"],"damage_healed":0.0,"max_hp_gain":0.0,"max_hp_loss":0.0,"gold_gain":0.0,"event_name":"Purifier","player_choice":"Purged","floor":30.0,"gold_loss":0.0,"damage_taken":0.0},{"cards_removed":["Halt"],"damage_healed":0.0,"max_hp_gain":0.0,"max_hp_loss":0.0,"gold_gain":0.0,"event_name":"Falling","player_choice":"Removed Skill","floor":38.0,"gold_loss":0.0,"damage_taken":0.0},{"damage_healed":0,"gold_gain":0,"player_choice":"Paid","damage_taken":0,"relics_obtained":["Red Mask"],"max_hp_gain":0,"max_hp_loss":0,"event_name":"Tomb of Lord Red Mask","floor":41,"gold_loss":53},{"damage_healed":0,"gold_gain":333,"player_choice":"Gave Idol","damage_taken":0,"max_hp_gain":0,"max_hp_loss":0,"event_name":"The Moai Head","floor":42,"relics_lost":["Golden Idol"],"gold_loss":0},{"damage_healed":0,"gold_gain":0,"cards_transformed":["EmptyFist"],"player_choice":"Transformed","damage_taken":0,"max_hp_gain":0,"max_hp_loss":0,"event_name":"Transmorgrifier","floor":46,"gold_loss":0,"cards_obtained":["WindmillStrike"]}],"is_beta":false,"boss_relics":[{"not_picked":["SacredBark","Tiny House"],"picked":"Astrolabe"},{"not_picked":["Pandora\u0027s Box","Black Star"],"picked":"Sozu"}],"items_purged_floors":[12,20,31,45],"is_endless":false,"potions_floor_spawned":[3,5,14,16,24,27,28,35,36],"killed_by":"Jaw Worm Horde","ascension_level":6}}