{"host":"y89x8uui45kcjy42","time":1609686513,"event":{"mods":["2.2 Compatiblity","BaseMod","CapriCore","Colored Map","Colored Powertips","Custom Start","Friendly Minions","Keyboard Shortcuts","Lobotomy","Minty Spire (QoL Compilation)","Relic Stats","Slay the Relics Exporter","StSLib","SuperFastMode","Uncapped"],"gold_per_floor":[119,44,60,135,147,147,147,147],"floor_reached":7,"playtime":121,"items_purged":[],"score":82,"play_id":"6f3117af-e5fe-4c95-ae57-d6b19e19519d","local_time":"20210104000833","is_ascension_mode":true,"campfire_choices":[{"data":"Feed","floor":6,"key":"SMITH"}],"circlet_count":0,"master_deck":["AscendersBane","Strike_R","Strike_R","Strike_R","Strike_R","Defend_R","Defend_R","Defend_R","Defend_R","Bash","FairyFestival","QueenOfHatred","Shrug It Off","CherryBlossoms","Feed+1"],"relics":["Burning Blood","CogitoBucket"],"acts_visited":["Exordium"],"potions_floor_usage":[],"damage_taken":[{"damage":6,"enemies":"2 Louse","floor":1,"turns":3},{"damage":7,"enemies":"Jaw Worm","floor":3,"turns":3},{"damage":55,"enemies":"Cultist","floor":5,"turns":6},{"damage":51,"enemies":"Gremlin Nob","floor":7,"turns":3}],"seed_played":"473961799321491152","potions_obtained":[],"is_trial":false,"path_per_floor":["M","?","M","?","M","R","E"],"character_chosen":"IRONCLAD","items_purchased":[],"campfire_rested":0,"item_purchase_floors":[],"current_hp_per_floor":[68,68,70,59,29,29,0,0],"gold":147,"neow_bonus":"","is_daily":false,"chose_seed":false,"campfire_upgraded":1,"win_rate":0.0,"timestamp":1609686513,"path_taken":["M","?","M","?","M","R","E"],"items_purchased_type":[],"build_version":"2020-12-22","purchased_purges":0,"victory":false,"max_hp_per_floor":[75,75,75,75,75,75,75,75],"relic_stats":{"counters":[4,15],"obtain_stats":[{"CogitoBucket":0,"Burning Blood":0},{"CogitoBucket":0,"Burning Blood":0},{"CogitoBucket":0,"Burning Blood":0}],"Burning Blood":18},"card_choices":[{"not_picked":["FieryBird","VoidDream"],"picked":"FairyFestival","floor":1},{"not_picked":["Heavy Blade","Clothesline","Battle Trance"],"picked":"SKIP","floor":1},{"not_picked":["VoidDream","GalaxyChild"],"picked":"QueenOfHatred","floor":3},{"not_picked":["Heavy Blade","Cleave"],"picked":"Shrug It Off","floor":3},{"not_picked":["MHz","ShyLook","LongBird"],"picked":"Singing Bowl","floor":5},{"not_picked":["OSAHOGD","Bloodbath"],"picked":"CherryBlossoms","floor":5},{"not_picked":["Twin Strike","Intimidate"],"picked":"Feed","floor":5}],"player_experience":553311,"relics_obtained":[],"event_choices":[{"cards_removed":["Strike_R"],"damage_healed":0,"gold_gain":0,"player_choice":"Card Removal","damage_taken":0,"max_hp_gain":0,"max_hp_loss":0,"event_name":"The Cleric","floor":2,"gold_loss":75},{"damage_healed":0,"gold_gain":75,"player_choice":"Gather Gold","damage_taken":11,"max_hp_gain":0,"max_hp_loss":0,"event_name":"World of Goop","floor":4,"gold_loss":0}],"is_beta":false,"boss_relics":[],"items_purged_floors":[],"is_endless":false,"potions_floor_spawned":[],"killed_by":"Gremlin Nob","ascension_level":20}}