{"host":"raai0vtvcfkt8csp","time":1609717137,"event":{"mods":["2.2 Compatiblity","BaseMod","Beaked The Cultist","Block Reminder","DeckTracker","Defective Defect","GifTheSpireLib","Minty Spire (QoL Compilation)","Quick Restart","Random Character Button","Rare Cards Sparkle","StSLib","Unceasing Turn Reminder"],"gold_per_floor":[114,114,7,33,33,65,80,100,100,135,155,175,175,207,207,309,309,323,339,352,368,384,409,426,443,443,6,6,6,40,53,53,154,154,168,16,33,83,101,101,101,131,131,111,131,166,179,192,192,192,192,192,37,63,63],"floor_reached":56,"playtime":6428,"items_purged":[],"score":1395,"play_id":"0a2864df-24e4-498f-bf31-8ca79b154db0","local_time":"20210104003857","is_ascension_mode":true,"campfire_choices":[{"data":"beaked:Ceremony","floor":13,"key":"SMITH"},{"floor":15,"key":"REST"},{"floor":29,"key":"REST"},{"data":"beaked:Ceremony","floor":32,"key":"SMITH"},{"floor":40,"key":"RECALL"},{"data":"beaked:Ceremony","floor":52,"key":"SMITH"}],"circlet_count":0,"master_deck":["beaked:Strike_Y","beaked:Strike_Y","beaked:Strike_Y","beaked:Defend_Y","beaked:Defend_Y","beaked:Defend_Y","beaked:Defend_Y","beaked:Ceremony+1","beaked:Ceremony+1","beaked:Ceremony+1","beaked:Windmill","beaked:Recite","beaked:Hexing","beaked:Flinch","beaked:BraceForImpact","beaked:BloodForTheGods","beaked:MachineSpirit","beaked:CrazyRituals","beaked:Resilience","beaked:VigorBurst","beaked:Caw","beaked:BraceForImpact+1","beaked:MachineSpirit+1","beaked:BarbedWire+1","beaked:DigDeep","beaked:Molting+1","beaked:WarriorEssence+1","beaked:BloodForTheGods+1","beaked:StunningBlow","beaked:DarkTribute","beaked:Daydream+1","beaked:CursingBlood+1","beaked:LiftOff","beaked:Hexing","beaked:Insight","beaked:Insight","beaked:CrazyRituals","beaked:Insight","beaked:Insight","beaked:Hexing","beaked:Foresight","beaked:RitualOfBody","beaked:AwakenedForm","beaked:Insight","beaked:Insight","beaked:Insight","beaked:Insight","beaked:VigorBurst","beaked:Brace+1","beaked:MaddeningMurmurs+1","beaked:Hexing+1","beaked:Insight+1","beaked:WarriorSpirit+1"],"relics":["beaked:MendingPlumage","Potion Belt","FaceOfCleric","CultistMask","Regal Pillow","beaked:ThroatLozenge","The Courier","Mummified Hand","Singing Bowl","Astrolabe","beaked:ShinyBauble","Juzu Bracelet","Busted Crown","Peace Pipe","Bag of Marbles","Unceasing Top","Frozen Egg 2","Bottled Tornado","Vajra"],"acts_visited":["Exordium","TheCity","TheBeyond","TheEnding"],"potions_floor_usage":[10,11,24,24,25,25,30,30,37,37,42,46,54,55,55,55,55,55,55,55,55,55,55,55,55],"damage_taken":[{"damage":16,"enemies":"2 Louse","floor":1,"turns":4},{"damage":31,"enemies":"Lagavulin","floor":6,"turns":7},{"damage":9,"enemies":"Cultist","floor":7,"turns":4},{"damage":9,"enemies":"Jaw Worm","floor":8,"turns":5},{"damage":38,"enemies":"3 Sentries","floor":10,"turns":8},{"damage":27,"enemies":"Large Slime","floor":11,"turns":5},{"damage":52,"enemies":"Exordium Wildlife","floor":12,"turns":6},{"damage":40,"enemies":"Gremlin Nob","floor":14,"turns":5},{"damage":104,"enemies":"The Guardian","floor":16,"turns":12},{"damage":36,"enemies":"Chosen","floor":18,"turns":7},{"damage":49,"enemies":"Spheric Guardian","floor":19,"turns":7},{"damage":32,"enemies":"Centurion and Healer","floor":20,"turns":7},{"damage":35,"enemies":"Snecko","floor":21,"turns":6},{"damage":85,"enemies":"Snake Plant","floor":22,"turns":8},{"damage":88,"enemies":"Book of Stabbing","floor":23,"turns":7},{"damage":85,"enemies":"Centurion and Healer","floor":24,"turns":12},{"damage":119,"enemies":"Cultist and Chosen","floor":25,"turns":9},{"damage":130,"enemies":"Slavers","floor":30,"turns":7},{"damage":74,"enemies":"Shelled Parasite and Fungi","floor":31,"turns":7},{"damage":116,"enemies":"Automaton","floor":33,"turns":9},{"damage":115,"enemies":"3 Shapes","floor":35,"turns":6},{"damage":75,"enemies":"3 Darklings","floor":37,"turns":10},{"damage":83,"enemies":"Mind Bloom Boss Battle","floor":38,"turns":8},{"damage":107,"enemies":"Sphere and 2 Shapes","floor":39,"turns":8},{"damage":121,"enemies":"beaked:SuperParasite","floor":42,"turns":10},{"damage":101,"enemies":"4 Shapes","floor":45,"turns":9},{"damage":275,"enemies":"Nemesis","floor":46,"turns":13},{"damage":125,"enemies":"Jaw Worm Horde","floor":47,"turns":8},{"damage":34,"enemies":"3 Darklings","floor":48,"turns":9},{"damage":135,"enemies":"Donu and Deca","floor":50,"turns":10},{"damage":135,"enemies":"Shield and Spear","floor":54,"turns":8},{"damage":183,"enemies":"The Heart","floor":55,"turns":8}],"seed_played":"2266640717265717158","potions_obtained":[{"floor":6,"key":"Explosive Potion"},{"floor":8,"key":"SpeedPotion"},{"floor":11,"key":"FearPotion"},{"floor":14,"key":"EssenceOfSteel"},{"floor":16,"key":"Energy Potion"},{"floor":18,"key":"FearPotion"},{"floor":20,"key":"EntropicBrew"},{"floor":25,"key":"PowerPotion"},{"floor":31,"key":"GamblersBrew"},{"floor":35,"key":"ColorlessPotion"},{"floor":37,"key":"EssenceOfSteel"},{"floor":42,"key":"EntropicBrew"},{"floor":44,"key":"SmokeBomb"},{"floor":47,"key":"EntropicBrew"}],"is_trial":false,"path_per_floor":["M","?","$","T","?","E","M","M","T","E","M","M","R","E","R","B",null,"M","M","M","M","M","E","M","M","T","$","?","R","E","M","R","B",null,"M","$","M","?","M","R","T","E","T","?","M","E","M","M","R","B",null,"R","$","E","B",null],"character_chosen":"BEAKED_THE_CULTIST","items_purchased":["beaked:Recite","beaked:Hexing","beaked:LiftOff","beaked:Hexing","beaked:Insight","beaked:Insight","beaked:CrazyRituals","beaked:Insight","beaked:Insight","beaked:Hexing","beaked:Foresight","beaked:Insight","beaked:Insight","beaked:Insight","beaked:Insight","beaked:MaddeningMurmurs+1","beaked:Hexing+1","beaked:Insight+1"],"campfire_rested":2,"item_purchase_floors":[3,3,27,27,27,27,27,27,27,27,27,36,36,36,36,53,53,53],"current_hp_per_floor":[41,41,41,41,41,29,32,40,40,24,43,50,50,34,62,22,63,59,59,59,65,68,57,70,19,19,19,6,43,64,80,80,57,81,43,43,87,93,96,96,96,99,99,99,96,60,82,109,109,104,110,110,110,111,69],"gold":63,"neow_bonus":"RANDOM_COMMON_RELIC","is_daily":false,"chose_seed":false,"campfire_upgraded":3,"win_rate":0.0,"timestamp":1609717137,"path_taken":["M","?","?","?","?","E","?","M","T","E","M","M","R","E","R","BOSS","M","?","?","M","M","E","M","M","T","$","?","R","E","M","R","BOSS","M","$","M","?","M","R","?","E","T","?","M","E","M","M","R","BOSS","R","$","E","BOSS"],"items_purchased_type":["Card","Card","Card","Card","Card","Card","Card","Card","Card","Card","Card","Card","Card","Card","Card","Card","Card","Card"],"build_version":"2020-12-22","purchased_purges":0,"victory":true,"max_hp_per_floor":[50,50,50,50,50,51,52,53,53,54,55,56,56,62,62,63,63,64,65,66,67,68,69,70,71,71,71,76,76,79,80,80,81,81,84,84,87,93,96,96,96,99,99,99,102,105,108,109,109,110,110,110,110,111,112],"card_choices":[{"not_picked":["beaked:BraceForImpact","beaked:Molting"],"picked":"beaked:Windmill","floor":1},{"not_picked":["beaked:Redirect","beaked:Resilience"],"picked":"beaked:Flinch","floor":6},{"not_picked":["beaked:Windmill","beaked:Redirect"],"picked":"beaked:BraceForImpact","floor":7},{"not_picked":["beaked:Tradeoff","beaked:FakeOut"],"picked":"beaked:BloodForTheGods","floor":8},{"not_picked":["beaked:Foresight","beaked:Flinch"],"picked":"beaked:MachineSpirit","floor":10},{"not_picked":["beaked:SurvivalInstinct","beaked:MimicWarrior"],"picked":"beaked:CrazyRituals","floor":11},{"not_picked":["beaked:BraceForImpact","beaked:Redirect"],"picked":"beaked:Resilience","floor":12},{"not_picked":["beaked:MaddeningMurmurs","beaked:Struggle"],"picked":"beaked:VigorBurst","floor":14},{"not_picked":["beaked:Sacrifice","beaked:FakeOut"],"picked":"beaked:Caw","floor":16},{"not_picked":["beaked:Pecker","beaked:Evade"],"picked":"beaked:DigDeep","floor":18},{"not_picked":["beaked:Poke","beaked:Recite"],"picked":"beaked:Molting+1","floor":19},{"not_picked":["beaked:BraceForImpact","beaked:Daydream+1"],"picked":"beaked:WarriorEssence+1","floor":20},{"not_picked":["beaked:Caw","beaked:CursingBlood"],"picked":"beaked:BloodForTheGods+1","floor":21},{"not_picked":["beaked:Overexert+1","beaked:Poke"],"picked":"beaked:StunningBlow","floor":22},{"not_picked":["beaked:SacrificialAttack","beaked:DigDeep"],"picked":"beaked:DarkTribute","floor":23},{"not_picked":["beaked:TuckingFeathers+1","beaked:Roost+1"],"picked":"beaked:Daydream+1","floor":24},{"not_picked":["beaked:MimicWarrior+1","beaked:WarriorEssence"],"picked":"beaked:CursingBlood+1","floor":25},{"not_picked":["beaked:StickSmack+1","beaked:DarkPact","beaked:Flinch"],"picked":"Singing Bowl","floor":30},{"not_picked":["beaked:Windmill","beaked:Tradeoff"],"picked":"beaked:RitualOfBody","floor":31},{"not_picked":["beaked:Sacrifice","beaked:KnowThyFoe"],"picked":"beaked:AwakenedForm","floor":33},{"not_picked":["beaked:Poke"],"picked":"Singing Bowl","floor":35},{"not_picked":["beaked:Overpower"],"picked":"Singing Bowl","floor":37},{"not_picked":[],"picked":"beaked:VigorBurst","floor":38},{"not_picked":["beaked:WindBringer"],"picked":"Singing Bowl","floor":39},{"not_picked":["beaked:Tweet"],"picked":"Singing Bowl","floor":42},{"not_picked":["beaked:Cower"],"picked":"Singing Bowl","floor":45},{"not_picked":["beaked:CursingBlood"],"picked":"Singing Bowl","floor":46},{"not_picked":["beaked:Overpower"],"picked":"Singing Bowl","floor":47},{"not_picked":[],"picked":"beaked:Brace+1","floor":48},{"not_picked":[],"picked":"beaked:WarriorSpirit+1","floor":54}],"player_experience":655857,"relics_obtained":[{"floor":4,"key":"Regal Pillow"},{"floor":6,"key":"beaked:ThroatLozenge"},{"floor":9,"key":"The Courier"},{"floor":10,"key":"Mummified Hand"},{"floor":14,"key":"Singing Bowl"},{"floor":23,"key":"beaked:ShinyBauble"},{"floor":30,"key":"Juzu Bracelet"},{"floor":38,"key":"Peace Pipe"},{"floor":41,"key":"Bag of Marbles"},{"floor":42,"key":"Unceasing Top"},{"floor":43,"key":"Frozen Egg 2"},{"floor":46,"key":"Bottled Tornado"},{"floor":54,"key":"Vajra"}],"event_choices":[{"damage_healed":0,"gold_gain":0,"player_choice":"Trade","damage_taken":0,"relics_obtained":["FaceOfCleric"],"max_hp_gain":0,"max_hp_loss":0,"event_name":"FaceTrader","floor":2,"gold_loss":0},{"damage_healed":0,"gold_gain":0,"player_choice":"Ignored","damage_taken":0,"max_hp_gain":0,"max_hp_loss":0,"event_name":"Liars Game","floor":5,"gold_loss":0},{"damage_healed":0,"gold_gain":0,"player_choice":"Shed Blood","damage_taken":18,"max_hp_gain":5,"max_hp_loss":0,"event_name":"Forgotten Altar","floor":28,"gold_loss":0},{"damage_healed":0,"gold_gain":0,"player_choice":"Fight","damage_taken":0,"max_hp_gain":0,"max_hp_loss":0,"event_name":"MindBloom","floor":38,"gold_loss":0},{"damage_healed":0,"gold_gain":0,"player_choice":"Bought 1 Potion","damage_taken":0,"max_hp_gain":0,"max_hp_loss":0,"event_name":"The Woman in Blue","floor":44,"gold_loss":0}],"is_beta":false,"boss_relics":[{"not_picked":["SacredBark","Sozu"],"picked":"Astrolabe"},{"not_picked":["SlaversCollar","Cursed Key"],"picked":"Busted Crown"}],"items_purged_floors":[],"is_endless":false,"potions_floor_spawned":[6,8,11,14,16,18,20,22,23,25,31,35,37,42,47,48],"ascension_level":1}}