{"host":"nukjzc0ca34w6eem","time":1609707506,"event":{"mods":["2.2 Compatiblity","AchievementEnabler","BaseMod","Colored Powertips","Minty Spire (QoL Compilation)","StSLib"],"gold_per_floor":[118,133,13,13,13,44,59,77,77,77,88,88,88,98,98,202,202,220,12,22,22,38,38,56,56,56],"floor_reached":25,"playtime":1985,"items_purged":["Defend_G","Caltrops"],"score":236,"play_id":"6513b2e1-9da2-452b-be30-b5e878dc80a5","local_time":"20210103125826","is_ascension_mode":true,"campfire_choices":[{"data":"Caltrops","floor":10,"key":"SMITH"},{"data":"Poisoned Stab","floor":13,"key":"SMITH"},{"data":"Dagger Throw","floor":15,"key":"SMITH"},{"floor":23,"key":"REST"}],"circlet_count":0,"master_deck":["Survivor","Neutralize+1","Escape Plan","Cloak And Dagger+1","Sucker Punch","Dagger Spray","Poisoned Stab+1","Caltrops+1","Dagger Throw+1","A Thousand Cuts","Storm of Steel","Outmaneuver","Eviscerate","Well Laid Plans","Corpse Explosion","Acrobatics","Outmaneuver","Blur","Prepared","Finisher","Infinite Blades","Prepared","Backflip"],"relics":["Ring of the Snake","Blue Candle","Bottled Tornado","Pandora\u0027s Box","Lantern"],"acts_visited":["Exordium","TheCity"],"potions_floor_usage":[6,16,16,22,22,22],"damage_taken":[{"damage":0,"enemies":"Jaw Worm","floor":1,"turns":6},{"damage":2,"enemies":"Cultist","floor":2,"turns":4},{"damage":18,"enemies":"Gremlin Nob","floor":6,"turns":4},{"damage":1,"enemies":"2 Louse","floor":7,"turns":3},{"damage":0,"enemies":"Large Slime","floor":8,"turns":5},{"damage":4,"enemies":"Blue Slaver","floor":11,"turns":3},{"damage":4,"enemies":"2 Fungi Beasts","floor":14,"turns":2},{"damage":15,"enemies":"Slime Boss","floor":16,"turns":11},{"damage":20,"enemies":"Chosen","floor":18,"turns":5},{"damage":21,"enemies":"Shell Parasite","floor":20,"turns":4},{"damage":23,"enemies":"Snake Plant","floor":22,"turns":3},{"damage":28,"enemies":"Centurion and Healer","floor":24,"turns":6},{"damage":0,"enemies":"Snecko","floor":25,"turns":2}],"seed_played":"-4688947406120341119","potions_obtained":[{"floor":1,"key":"CultistPotion"},{"floor":6,"key":"PowerPotion"},{"floor":8,"key":"SkillPotion"},{"floor":12,"key":"LiquidBronze"},{"floor":16,"key":"Weak Potion"},{"floor":22,"key":"Fruit Juice"}],"is_trial":false,"path_per_floor":["M","M","$","?","$","E","M","M","T","R","M","?","R","M","R","B",null,"M","$","M","T","M","R","M","M"],"character_chosen":"THE_SILENT","items_purchased":["Sucker Punch","Finisher","Infinite Blades"],"campfire_rested":1,"item_purchase_floors":[3,19,19],"current_hp_per_floor":[70,68,68,68,68,50,49,49,49,49,45,45,45,41,41,26,70,50,50,29,29,11,33,5,5,5],"gold":56,"neow_bonus":"UPGRADE_CARD","is_daily":false,"chose_seed":false,"campfire_upgraded":3,"win_rate":0.0,"timestamp":1609707506,"path_taken":["M","M","$","?","$","E","M","?","T","R","M","?","R","M","R","BOSS","M","$","M","?","M","R","M","M"],"items_purchased_type":["Card","Card","Card"],"build_version":"2020-12-22","purchased_purges":2,"victory":false,"max_hp_per_floor":[70,70,70,70,70,70,70,70,70,70,70,70,70,70,70,70,70,70,70,70,70,75,75,75,75,75],"card_choices":[{"not_picked":["Terror","Slice"],"picked":"Escape Plan","floor":1},{"not_picked":["Infinite Blades","Riddle With Holes"],"picked":"Cloak And Dagger","floor":2},{"not_picked":["Eviscerate","Riddle With Holes"],"picked":"Dagger Spray","floor":6},{"not_picked":["Bane","Flying Knee"],"picked":"Poisoned Stab","floor":7},{"not_picked":["PiercingWail","Leg Sweep"],"picked":"Caltrops","floor":8},{"not_picked":["Predator","PiercingWail","Cloak And Dagger"],"picked":"SKIP","floor":11},{"not_picked":["Riddle With Holes","Predator"],"picked":"Dagger Throw","floor":14},{"not_picked":["Wraith Form v2","Venomology"],"picked":"A Thousand Cuts","floor":16},{"not_picked":["Cloak And Dagger+1","PiercingWail"],"picked":"Prepared","floor":18},{"not_picked":["Acrobatics","Dagger Throw","Terror+1"],"picked":"SKIP","floor":20},{"not_picked":["Blur+1","Poisoned Stab"],"picked":"Prepared","floor":22},{"not_picked":["Venomology","Catalyst"],"picked":"Backflip","floor":24}],"player_experience":235418,"relics_obtained":[{"floor":6,"key":"Blue Candle"},{"floor":9,"key":"Bottled Tornado"},{"floor":21,"key":"Lantern"}],"event_choices":[{"damage_healed":0,"gold_gain":0,"player_choice":"Forge","damage_taken":0,"max_hp_gain":0,"max_hp_loss":0,"event_name":"Accursed Blacksmith","floor":4,"gold_loss":0,"cards_upgraded":["Cloak And Dagger"]},{"damage_healed":0,"gold_gain":0,"player_choice":"Got Potions","damage_taken":0,"max_hp_gain":0,"max_hp_loss":0,"event_name":"Lab","floor":12,"gold_loss":0}],"is_beta":false,"boss_relics":[{"not_picked":["HoveringKite","Tiny House"],"picked":"Pandora\u0027s Box"}],"items_purged_floors":[3,19],"is_endless":false,"potions_floor_spawned":[1,6,8,16,22],"killed_by":"Snecko","ascension_level":3}}