{"host":"xwqwvmlzre68xjvm","time":1609660855,"event":{"mods":["AchievementEnabler","BaseMod","Colored Map","Colored Powertips","Hermit","Marisa£¨Ùöéë¡¡Øª×âÞÞ£©","Minty Spire (QoL Compilation)","Replay The Spire","StSLib","SuperFastMode","The Bug Knight","The Cursed","The Hierophant","The Runesmith"],"gold_per_floor":[109,109,124,49,60,93,93,110,110,110,110,140,58,84,84,84,84],"floor_reached":16,"playtime":1119,"items_purged":["Bash"],"score":124,"play_id":"3e898778-cc05-4663-a8bb-57c8226d1c48","local_time":"20210103170055","is_ascension_mode":true,"campfire_choices":[{"floor":11,"key":"REST"},{"floor":15,"key":"DIG"}],"circlet_count":0,"master_deck":["Strike_R","Strike_R","Strike_R","Strike_R","Defend_R","Defend_R","Defend_R","Defend_R","ReplayTheSpireMod:Strike From Hell","Armaments+1","Feel No Pain","Shrug It Off","Feed","Inflame","Sickly","Flex","Defy Death"],"relics":["Burning Blood","NeowsBlessing","Replay:Baseball","Ring of Fury","Ring of Peace","Replay:Multitool","Du-Vu Doll","Mirror"],"acts_visited":["Exordium"],"potions_floor_usage":[8,8,12,12,16],"damage_taken":[{"damage":0,"enemies":"Small Slimes","floor":1,"turns":1},{"damage":0,"enemies":"Cultist","floor":3,"turns":1},{"damage":0,"enemies":"Jaw Worm","floor":5,"turns":1},{"damage":59,"enemies":"HollowMod:MossKnight","floor":6,"turns":30},{"damage":19,"enemies":"Exordium Thugs","floor":8,"turns":5},{"damage":26,"enemies":"3 Sentries","floor":12,"turns":13},{"damage":3,"enemies":"Replay:BlueRogue","floor":14,"turns":8},{"damage":30,"enemies":"The Guardian","floor":16,"turns":8}],"seed_played":"2432136969082662380","potions_obtained":[{"floor":6,"key":"Languid Potion"},{"floor":7,"key":"Energy Potion"},{"floor":7,"key":"SneckoOil"},{"floor":8,"key":"FearPotion"},{"floor":14,"key":"AttackPotion"}],"is_trial":false,"path_per_floor":["M","?","M","$","M","E","?","M","T","?","R","E","$","E","R","B"],"character_chosen":"IRONCLAD","items_purchased":["Defy Death"],"campfire_rested":1,"item_purchase_floors":[13],"current_hp_per_floor":[80,80,80,80,80,27,27,18,18,18,43,26,26,29,29,0,0],"gold":84,"neow_bonus":"THREE_ENEMY_KILL","is_daily":false,"chose_seed":false,"campfire_upgraded":0,"win_rate":0.0,"timestamp":1609660855,"path_taken":["M","?","M","$","M","E","?","?","T","?","R","E","?","E","R","BOSS"],"items_purchased_type":["Card"],"build_version":"2020-12-22","purchased_purges":1,"victory":false,"max_hp_per_floor":[80,80,80,80,80,80,80,84,84,84,84,87,87,87,87,87,87],"card_choices":[{"not_picked":["True Grit","Sever Soul"],"picked":"ReplayTheSpireMod:Strike From Hell","floor":1},{"not_picked":["Perfected Strike","Intimidate"],"picked":"Feel No Pain","floor":3},{"not_picked":["Body Slam","Pommel Strike"],"picked":"Shrug It Off","floor":5},{"not_picked":["Replay:Undeath\u0027s Touch","Anger"],"picked":"Feed","floor":6},{"not_picked":["Fire Breathing","Infernal Blade"],"picked":"Inflame","floor":8},{"not_picked":["Rupture","Perfected Strike"],"picked":"Flex","floor":12},{"not_picked":["Blood for Blood","Anger","Wild Strike"],"picked":"SKIP","floor":14}],"player_experience":43523,"relics_obtained":[{"floor":6,"key":"Replay:Baseball"},{"floor":10,"key":"Ring of Fury"},{"floor":10,"key":"Ring of Peace"},{"floor":12,"key":"Replay:Multitool"},{"floor":14,"key":"Du-Vu Doll"},{"floor":15,"key":"Mirror"}],"event_choices":[{"damage_healed":0,"gold_gain":0,"player_choice":"Got Potions","damage_taken":0,"max_hp_gain":0,"max_hp_loss":0,"event_name":"Lab","floor":7,"gold_loss":0}],"is_beta":false,"boss_relics":[],"items_purged_floors":[4],"is_endless":false,"potions_floor_spawned":[6,8,14],"killed_by":"The Guardian","ascension_level":1}}