{"host":"hjw1ay65n7jm40lc","time":1609681297,"event":{"mods":["AchievementEnabler","BaseMod","Block Reminder","Colored Map","Colored Powertips","Curses Come First","Downfall","Googly Eyes","Hermit","Highlight Path","Jorbs\u0027s Wanderer Trilogy","Minty Spire (QoL Compilation)","Quick Restart","Relic Stats","StSLib"],"gold_per_floor":[115,133,133,83,94,121,121,150,195,207,263,263,290,308,308,411,411,425,425,437,437,448,476,476,506,530,553,587,587,316,329,329,431,431,443,461,461,472,483,511,526,526,595,447,496,496,15,85,85,85],"floor_reached":51,"playtime":4674,"items_purged":["Decay"],"score":889,"play_id":"d1cf1bc1-a0e8-48c5-a1a3-6b62632148a3","local_time":"20210103084137","is_ascension_mode":true,"campfire_choices":[{"data":"hermit:HighCaliber","floor":7.0,"key":"SMITH"},{"data":"hermit:Dissolve","floor":12.0,"key":"SMITH"},{"data":"hermit:Gambit","floor":15.0,"key":"SMITH"},{"floor":24.0,"key":"REST"},{"floor":29.0,"key":"REST"},{"data":"hermit:HeroicBravado","floor":32.0,"key":"SMITH"},{"data":"hermit:FatalDesire","floor":42,"key":"SMITH"},{"data":"hermit:HighCaliber","floor":46,"key":"SMITH"},{"floor":49,"key":"REST"}],"circlet_count":0,"master_deck":["hermit:Strike_Hermit","hermit:Strike_Hermit","hermit:Strike_Hermit","hermit:Defend_Hermit","hermit:Defend_Hermit","hermit:Defend_Hermit","hermit:Defend_Hermit","hermit:Snapshot","hermit:Covet","hermit:Dissolve+1","hermit:HighCaliber+1","hermit:Malice","hermit:RoundhouseKick","hermit:Showdown","hermit:BodyArmor","hermit:Gambit+1","hermit:HeroicBravado+1","hermit:HighCaliber+1","hermit:DeadMansHand+1","hermit:HeroicBravado+1","hermit:FatalDesire+1","hermit:Maintenance+1"],"relics":["hermit:Momento","StrikeDummy","Tiny Chest","Happy Flower","Art of War","Potion Belt","Shuriken","Philosopher\u0027s Stone","TungstenRod","WingedGreaves","Toxic Egg 2","Boot","Lantern","Bag of Marbles","Anchor","Snecko Eye","Dead Branch","Bottled Tornado","Medical Kit","Centennial Puzzle","hermit:CharredGlove","hermit:RyeStalk","Du-Vu Doll"],"acts_visited":["Exordium","TheCity","TheBeyond"],"potions_floor_usage":[48,50],"damage_taken":[{"damage":0.0,"enemies":"Small Slimes","floor":1.0,"turns":3.0},{"damage":0.0,"enemies":"Jaw Worm","floor":2.0,"turns":3.0},{"damage":0.0,"enemies":"2 Louse","floor":5.0,"turns":2.0},{"damage":8.0,"enemies":"Gremlin Nob","floor":6.0,"turns":3.0},{"damage":0.0,"enemies":"3 Sentries","floor":8.0,"turns":6.0},{"damage":9.0,"enemies":"Large Slime","floor":10.0,"turns":4.0},{"damage":0.0,"enemies":"Gremlin Nob","floor":11.0,"turns":3.0},{"damage":14.0,"enemies":"Gremlin Nob","floor":13.0,"turns":3.0},{"damage":6.0,"enemies":"Looter","floor":14.0,"turns":3.0},{"damage":12.0,"enemies":"Slime Boss","floor":16.0,"turns":9.0},{"damage":5.0,"enemies":"Shell Parasite","floor":18.0,"turns":4.0},{"damage":12.0,"enemies":"Spheric Guardian","floor":20.0,"turns":4.0},{"damage":23.0,"enemies":"Centurion and Healer","floor":22.0,"turns":5.0},{"damage":30.0,"enemies":"Book of Stabbing","floor":23.0,"turns":7.0},{"damage":9.0,"enemies":"Gremlin Leader","floor":25.0,"turns":6.0},{"damage":18.0,"enemies":"Slavers","floor":28.0,"turns":5.0},{"damage":1.0,"enemies":"Sentry and Sphere","floor":31.0,"turns":3.0},{"damage":0.0,"enemies":"Collector","floor":33.0,"turns":10.0},{"damage":0.0,"enemies":"Orb Walker","floor":35.0,"turns":3.0},{"damage":0.0,"enemies":"3 Shapes","floor":36.0,"turns":3.0},{"damage":11.0,"enemies":"3 Darklings","floor":38.0,"turns":4.0},{"damage":0.0,"enemies":"Maw","floor":39.0,"turns":8.0},{"damage":20.0,"enemies":"Reptomancer","floor":40.0,"turns":9.0},{"damage":0,"enemies":"Writhing Mass","floor":41,"turns":8},{"damage":12,"enemies":"Nemesis","floor":48,"turns":7},{"damage":38,"enemies":"Donu and Deca","floor":50,"turns":12}],"seed_played":"6366637973894333114","potions_obtained":[{"floor":1.0,"key":"hexamod:EctoCoolerPotion"},{"floor":2.0,"key":"BlessingOfTheForge"},{"floor":8.0,"key":"FairyPotion"},{"floor":10.0,"key":"Energy Potion"},{"floor":11.0,"key":"FairyPotion"},{"floor":16.0,"key":"Swift Potion"},{"floor":20.0,"key":"Swift Potion"},{"floor":22.0,"key":"Block Potion"},{"floor":23.0,"key":"Fire Potion"},{"floor":28.0,"key":"Swift Potion"},{"floor":31.0,"key":"Fire Potion"},{"floor":35.0,"key":"hermit:Tonic"},{"floor":38.0,"key":"hexamod:EctoCoolerPotion"},{"floor":41,"key":"hermit:Eclipse"},{"floor":48,"key":"SpeedPotion"}],"is_trial":false,"path_per_floor":["M","M","?","?","M","E","R","E","T","M","?","R","E","M","R","B",null,"M","?","M","?","M","E","R","E","T","T","E","R","$","M","R","B",null,"M","M","?","M","M","E","M","R","T","$","T","R","$","E","R","B",null],"character_chosen":"HERMIT","items_purchased":["Anchor","BlessingOfTheForge","Medical Kit","hermit:CharredGlove","hermit:RyeStalk","Weak Potion"],"campfire_rested":3,"item_purchase_floors":[30,30,44,47,47,47],"current_hp_per_floor":[75,75,75,75,75,67,67,67,67,58,58,58,44,38,38,26,75,70,70,58,58,35,5,27,18,18,18,22,44,44,43,43,43,75,75,75,75,64,64,44,44,44,44,44,44,44,44,32,54,16],"gold":85,"neow_bonus":"TRANSFORM_CARD","is_daily":false,"chose_seed":false,"campfire_upgraded":6,"win_rate":0.0,"timestamp":1609681297,"path_taken":["M","M","?","?","M","E","R","E","T","M","?","R","E","M","R","BOSS","M","?","M","?","M","E","R","E","T","?","E","R","$","?","R","BOSS","M","?","?","M","M","E","M","R","T","$","?","R","$","E","R","BOSS"],"items_purchased_type":["Relic","Potion","Relic","Relic","Relic","Potion"],"build_version":"2020-12-22","purchased_purges":1,"victory":true,"max_hp_per_floor":[75,75,75,75,75,75,75,75,75,75,75,75,75,75,75,75,75,75,75,75,75,75,75,75,75,75,75,75,75,75,75,75,75,75,75,75,75,75,75,75,75,75,75,75,75,75,75,75,75,75],"relic_stats":{"Centennial Puzzle":[6],"Happy Flower":[40],"counters":[26,137],"Shuriken":[48],"Dead Branch":[40],"Snecko Eye":[97,94,92,94],"Tiny Chest":2,"Art of War":[5],"Boot":[72],"Medical Kit":[4],"obtain_stats":[{"Potion Belt":11,"Lantern":27,"Happy Flower":8,"Dead Branch":40,"Bottled Tornado":43,"Boot":26,"Medical Kit":44,"Du-Vu Doll":48,"hermit:RyeStalk":47,"Anchor":30,"Centennial Puzzle":45,"Shuriken":13,"hermit:CharredGlove":47,"Snecko Eye":34,"Tiny Chest":6,"Philosopher\u0027s Stone":17,"WingedGreaves":23,"Art of War":9,"Bag of Marbles":28,"Toxic Egg 2":25,"StrikeDummy":3,"hermit:Momento":0,"TungstenRod":19},{"Potion Belt":6,"Lantern":15,"Happy Flower":5,"Dead Branch":23,"Bottled Tornado":24,"Boot":15,"Medical Kit":24,"Du-Vu Doll":25,"hermit:RyeStalk":24,"Anchor":16,"Centennial Puzzle":24,"Shuriken":8,"hermit:CharredGlove":24,"Snecko Eye":18,"Tiny Chest":4,"Philosopher\u0027s Stone":10,"WingedGreaves":14,"Art of War":5,"Bag of Marbles":16,"Toxic Egg 2":15,"StrikeDummy":2,"hermit:Momento":0,"TungstenRod":11},{"Potion Belt":21,"Lantern":65,"Happy Flower":17,"Dead Branch":110,"Bottled Tornado":118,"Boot":65,"Medical Kit":118,"Du-Vu Doll":125,"hermit:RyeStalk":118,"Anchor":70,"Centennial Puzzle":118,"Shuriken":27,"hermit:CharredGlove":118,"Snecko Eye":83,"Tiny Chest":11,"Philosopher\u0027s Stone":39,"WingedGreaves":59,"Art of War":17,"Bag of Marbles":70,"Toxic Egg 2":65,"StrikeDummy":6,"hermit:Momento":0,"TungstenRod":43}],"TungstenRod":54},"card_choices":[{"not_picked":["hermit:DeadMansHand","hermit:ShadowCloak"],"picked":"hermit:HighCaliber","floor":1.0},{"not_picked":["hermit:Vantage","hermit:HighCaliber"],"picked":"hermit:Malice","floor":2.0},{"not_picked":["hermit:Midnight","hermit:Malice","hermit:HoleUp"],"picked":"SKIP","floor":5.0},{"not_picked":["hermit:LuckOfTheDraw","hermit:LowProfile"],"picked":"hermit:RoundhouseKick","floor":6.0},{"not_picked":["hermit:BigShot","hermit:Malice","hermit:Deadeye"],"picked":"SKIP","floor":8.0},{"not_picked":["hermit:CalledShot","hermit:Roulette","hermit:CursedWeapon"],"picked":"SKIP","floor":10.0},{"not_picked":["hermit:Vantage","hermit:ShadowCloak"],"picked":"hermit:Showdown","floor":11.0},{"not_picked":["hermit:FlashPowder","hermit:Glare"],"picked":"hermit:BodyArmor","floor":13.0},{"not_picked":["hermit:Horror","hermit:GoldenBullet"],"picked":"hermit:Gambit","floor":14.0},{"not_picked":["hermit:EternalForm","hermit:Purgatory"],"picked":"hermit:HeroicBravado","floor":16.0},{"not_picked":["hermit:Dive","hermit:ItchyTrigger+1","hermit:SprayPray"],"picked":"SKIP","floor":18.0},{"not_picked":["hermit:Desperado+1","hermit:SprayPray","hermit:ItchyTrigger"],"picked":"SKIP","floor":20.0},{"not_picked":["hermit:Dive","hermit:TakeAim","hermit:FlashPowder"],"picked":"SKIP","floor":22.0},{"not_picked":["hermit:CalledShot","hermit:Coalescence"],"picked":"hermit:HighCaliber","floor":23.0},{"not_picked":["hermit:Roulette","hermit:Headshot","hermit:Coalescence+1"],"picked":"SKIP","floor":25.0},{"not_picked":["hermit:Vantage+1","hermit:CalledShot+1","hermit:NoHoldsBarred"],"picked":"SKIP","floor":28.0},{"not_picked":["hermit:Desperado","hermit:Dive+1"],"picked":"hermit:DeadMansHand+1","floor":31.0},{"not_picked":["hermit:FromBeyond+1","hermit:Magnum"],"picked":"hermit:HeroicBravado+1","floor":33.0},{"not_picked":["hermit:LowProfile+1","hermit:Manifest+1","hermit:Virtue+1"],"picked":"SKIP","floor":35.0},{"not_picked":["hermit:Manifest+1","hermit:Glare+1"],"picked":"hermit:FatalDesire","floor":36.0},{"not_picked":["hermit:PistolWhip","hermit:Malice","hermit:Deadeye"],"picked":"SKIP","floor":38.0},{"not_picked":["hermit:Vantage+1","hermit:Feint+1","hermit:HighCaliber+1"],"picked":"SKIP","floor":39.0},{"not_picked":["hermit:Enervate","hermit:Misfire+1","hermit:CalledShot+1"],"picked":"SKIP","floor":40.0},{"not_picked":["hermit:Feint+1","hermit:Desperado+1","hermit:Malice"],"picked":"SKIP","floor":41},{"not_picked":["hermit:HighCaliber+1","hermit:Headshot+1"],"picked":"hermit:Maintenance+1","floor":48}],"player_experience":780885,"relics_obtained":[{"floor":6.0,"key":"Tiny Chest"},{"floor":8.0,"key":"Happy Flower"},{"floor":9.0,"key":"Art of War"},{"floor":13.0,"key":"Shuriken"},{"floor":23.0,"key":"WingedGreaves"},{"floor":25.0,"key":"Toxic Egg 2"},{"floor":26.0,"key":"Boot"},{"floor":27.0,"key":"Lantern"},{"floor":28.0,"key":"Bag of Marbles"},{"floor":40.0,"key":"Dead Branch"},{"floor":43,"key":"Bottled Tornado"},{"floor":45,"key":"Centennial Puzzle"},{"floor":48,"key":"Du-Vu Doll"}],"event_choices":[{"damage_healed":0.0,"max_hp_gain":0.0,"max_hp_loss":0.0,"gold_gain":0.0,"event_name":"Big Fish","player_choice":"Box","floor":3.0,"gold_loss":0.0,"damage_taken":0.0,"relics_obtained":["StrikeDummy"],"cards_obtained":["Regret"]},{"cards_removed":["Regret"],"damage_healed":0.0,"max_hp_gain":0.0,"max_hp_loss":0.0,"gold_gain":0.0,"event_name":"The Cleric","player_choice":"Card Removal","floor":4.0,"gold_loss":50.0,"damage_taken":0.0},{"damage_healed":0.0,"max_hp_gain":0.0,"max_hp_loss":0.0,"gold_gain":30.0,"event_name":"Dead Adventurer","player_choice":"Searched \u00273\u0027 times","floor":11.0,"gold_loss":0.0,"damage_taken":0.0,"relics_obtained":["Potion Belt"]},{"damage_healed":0.0,"max_hp_gain":0.0,"max_hp_loss":0.0,"gold_gain":0.0,"event_name":"The Mausoleum","player_choice":"Opened","floor":19.0,"gold_loss":0.0,"damage_taken":0.0,"relics_obtained":["TungstenRod"]},{"damage_healed":0.0,"max_hp_gain":0.0,"max_hp_loss":0.0,"gold_gain":0.0,"event_name":"Forgotten Altar","player_choice":"Smashed Altar","floor":21.0,"gold_loss":0.0,"damage_taken":0.0,"cards_obtained":["Decay"]},{"damage_healed":0.0,"max_hp_gain":0.0,"max_hp_loss":0.0,"gold_gain":0.0,"event_name":"Tomb of Lord Red Mask","player_choice":"Ignored","floor":37.0,"gold_loss":0.0,"damage_taken":0.0}],"is_beta":false,"boss_relics":[{"not_picked":["Runic Pyramid","SlaversCollar"],"picked":"Philosopher\u0027s Stone"},{"not_picked":["hermit:DentedPlate","Sozu"],"picked":"Snecko Eye"}],"items_purged_floors":[30],"is_endless":false,"potions_floor_spawned":[1,2,8,10,11,16,20,22,23,28,31,35,38,41,48],"ascension_level":2}}