{"host":"lg1piimdyocafd6j","time":1609673186,"event":{"mods":["AchievementEnabler","BaseMod","Better Third Choice","BetterRewards","Colored Map","Colored Powertips","Downfall","Minty Spire (QoL Compilation)","Quick Restart","Rare Cards Sparkle","Remove Card Discount Mod","Shop Mod","StSLib","SuperFastMode"],"gold_per_floor":[117,103,116,116,136,136,121,121,147,166,166,177,206,206,206,311,311,322,352,275,275,264,264,283,283,283,283,309,320,334,352,352,453,453,467,478,478,493,715,741,741,767,767,345,357,357,357,386,386,386,386,386,308,333,333],"floor_reached":56,"playtime":2775,"items_purged":["Strike_R","Strike_R","Strike_R","Bash","Defend_R","Defend_R","Defend_R","Defend_R","Strike_R","Strike_R","Whirlwind"],"score":1503,"play_id":"8168a06b-e9b7-444a-93b4-8b6735f4b10f","local_time":"20210103122626","is_ascension_mode":false,"campfire_choices":[{"floor":6,"key":"RECALL"},{"data":"Barricade","floor":8,"key":"SMITH"},{"data":"Entrench","floor":15,"key":"SMITH"},{"data":"Body Slam","floor":23,"key":"SMITH"},{"data":"Armaments","floor":25,"key":"SMITH"},{"data":"Armaments","floor":27,"key":"SMITH"},{"data":"Body Slam","floor":32,"key":"SMITH"},{"data":"Juggernaut","floor":41,"key":"SMITH"},{"data":"Shrug It Off","floor":47,"key":"SMITH"},{"data":"Iron Wave","floor":49,"key":"SMITH"},{"data":"Iron Wave","floor":52,"key":"SMITH"}],"circlet_count":0,"master_deck":["Shrug It Off+1","Iron Wave+1","Barricade+1","Armaments+1","Entrench+1","Armaments+1","Iron Wave+1","Body Slam+1","Body Slam+1","Shrug It Off+1","Juggernaut+1","Entrench+1","Ghostly Armor+1","Entrench+1","Body Slam+1"],"relics":["Burning Blood","Membership Card","Lantern","Ornamental Fan","Oddly Smooth Stone","Black Star","Red Mask","DollysMirror","PreservedInsect","Omamori","Calling Bell","Vajra","Shuriken","Mango","Happy Flower","Toy Ornithopter","Strawberry","Toxic Egg 2","Boot","Gremlin Horn","Pen Nib","Sling","Ginger","Sundial","Ancient Tea Set","Pantograph","Bag of Preparation","Art of War","War Paint"],"acts_visited":["Exordium","TheCity","TheBeyond","TheEnding"],"potions_floor_usage":[18,18,18,40,40,40,50,50,55,55],"damage_taken":[{"damage":0,"enemies":"Jaw Worm","floor":1,"turns":7},{"damage":0,"enemies":"2 Louse","floor":3,"turns":2},{"damage":0,"enemies":"Cultist","floor":5,"turns":8},{"damage":7,"enemies":"Blue Slaver","floor":10,"turns":3},{"damage":0,"enemies":"2 Fungi Beasts","floor":12,"turns":4},{"damage":0,"enemies":"Lagavulin","floor":13,"turns":5},{"damage":0,"enemies":"Hexaghost","floor":16,"turns":5},{"damage":15,"enemies":"2 Thieves","floor":18,"turns":4},{"damage":29,"enemies":"Masked Bandits","floor":19,"turns":7},{"damage":0,"enemies":"3 Byrds","floor":24,"turns":6},{"damage":4,"enemies":"Book of Stabbing","floor":28,"turns":5},{"damage":0,"enemies":"Snecko","floor":29,"turns":3},{"damage":0,"enemies":"Snake Plant","floor":30,"turns":2},{"damage":0,"enemies":"Chosen and Byrds","floor":31,"turns":3},{"damage":0,"enemies":"Collector","floor":33,"turns":5},{"damage":0,"enemies":"Orb Walker","floor":35,"turns":1},{"damage":5,"enemies":"3 Shapes","floor":36,"turns":6},{"damage":0,"enemies":"Maw","floor":38,"turns":4},{"damage":2,"enemies":"Reptomancer","floor":40,"turns":6},{"damage":0,"enemies":"Giant Head","floor":42,"turns":5},{"damage":0,"enemies":"Spire Growth","floor":45,"turns":4},{"damage":0,"enemies":"Reptomancer","floor":48,"turns":2},{"damage":15,"enemies":"Time Eater","floor":50,"turns":6},{"damage":0,"enemies":"Shield and Spear","floor":54,"turns":3},{"damage":122,"enemies":"The Heart","floor":55,"turns":12}],"seed_played":"-3869708401084239219","potions_obtained":[{"floor":3,"key":"Weak Potion"},{"floor":5,"key":"Explosive Potion"},{"floor":13,"key":"Fire Potion"},{"floor":21,"key":"FearPotion"},{"floor":21,"key":"Block Potion"},{"floor":21,"key":"Swift Potion"},{"floor":24,"key":"AttackPotion"},{"floor":33,"key":"Fire Potion"},{"floor":42,"key":"Block Potion"}],"is_trial":false,"path_per_floor":["M","$","M","?","M","R","$","R","T","M","?","M","E","?","R","B",null,"M","?","$","?","$","R","M","R","T","R","E","M","M","M","R","B",null,"M","M","T","M","?","E","R","E","T","$","M","T","R","E","R","B",null,"R","$","E","B",null],"character_chosen":"IRONCLAD","items_purchased":["Shrug It Off","Membership Card","Iron Wave","Barricade","Whirlwind","Armaments","Entrench","Energy Potion","Armaments","Body Slam","DollysMirror","Shrug It Off","Pen Nib","Sling","Ginger","EntropicBrew","BloodPotion","Entrench+1","Bag of Preparation"],"campfire_rested":0,"item_purchase_floors":[0,0,0,0,0,0,0,0,2,7,20,22,44,44,44,44,44,44,53],"current_hp_per_floor":[80,80,80,80,80,80,80,80,80,79,79,80,80,80,80,80,80,71,48,48,48,48,48,54,54,54,54,56,62,68,74,74,80,94,94,94,94,94,94,101,101,101,101,101,101,101,101,101,101,92,101,101,101,101,35],"gold":333,"neow_bonus":"","is_daily":false,"chose_seed":true,"campfire_upgraded":10,"win_rate":0.0,"timestamp":1609673186,"path_taken":["M","$","M","?","M","R","$","R","T","M","?","?","E","?","R","BOSS","M","?","$","?","$","R","M","R","T","R","E","M","M","M","R","BOSS","M","M","?","M","?","E","R","E","T","$","M","?","R","E","R","BOSS","R","$","E","BOSS"],"items_purchased_type":["Card","Relic","Card","Card","Card","Card","Card","Potion","Card","Card","Relic","Card","Relic","Relic","Relic","Potion","Potion","Card","Relic"],"build_version":"2020-12-22","purchased_purges":11,"victory":true,"max_hp_per_floor":[80,80,80,80,80,80,80,80,80,80,80,80,80,80,80,80,80,80,80,80,80,80,80,80,80,80,80,80,80,80,80,80,80,94,94,94,94,94,94,101,101,101,101,101,101,101,101,101,101,101,101,101,101,101,101],"card_choices":[{"not_picked":["Uppercut","Second Wind","Spot Weakness"],"picked":"SKIP","floor":1},{"not_picked":["Clash","True Grit","Headbutt"],"picked":"SKIP","floor":3},{"not_picked":["Rage","True Grit"],"picked":"Iron Wave","floor":5},{"not_picked":["Seeing Red","Anger","Clash"],"picked":"SKIP","floor":10},{"not_picked":["Anger","Sword Boomerang","Infernal Blade"],"picked":"SKIP","floor":12},{"not_picked":["Warcry","Berserk","Havoc"],"picked":"SKIP","floor":13},{"not_picked":["Shrug It Off","Sever Soul+1","Headbutt+1"],"picked":"SKIP","floor":18},{"not_picked":["Clash","Flex","Anger"],"picked":"SKIP","floor":24},{"not_picked":["Power Through","Perfected Strike","Pummel+1"],"picked":"SKIP","floor":28},{"not_picked":["Pommel Strike","Fire Breathing","True Grit+1"],"picked":"SKIP","floor":29},{"not_picked":["Burning Pact","Shrug It Off","Sword Boomerang"],"picked":"SKIP","floor":30},{"not_picked":["Cleave+1","Headbutt","Dark Embrace+1"],"picked":"SKIP","floor":31},{"not_picked":["Twin Strike+1","Clash+1"],"picked":"Juggernaut","floor":35},{"not_picked":["True Grit+1","Blood for Blood+1"],"picked":"Entrench+1","floor":36},{"not_picked":["Headbutt","Iron Wave+1","Inflame+1"],"picked":"SKIP","floor":38},{"not_picked":["Warcry+1","Exhume"],"picked":"Ghostly Armor+1","floor":40},{"not_picked":["Perfected Strike","Warcry+1","Clothesline"],"picked":"SKIP","floor":42},{"not_picked":["Anger","Sentinel+1"],"picked":"Body Slam+1","floor":45},{"not_picked":["Offering+1","Seeing Red+1","Anger"],"picked":"SKIP","floor":48},{"not_picked":["Shockwave+1","Entrench+1","Feel No Pain"],"picked":"SKIP","floor":54}],"player_experience":106092,"relics_obtained":[{"floor":9,"key":"Lantern"},{"floor":13,"key":"Oddly Smooth Stone"},{"floor":19,"key":"Red Mask"},{"floor":28,"key":"PreservedInsect"},{"floor":28,"key":"Omamori"},{"floor":34,"key":"Vajra"},{"floor":34,"key":"Shuriken"},{"floor":34,"key":"Mango"},{"floor":37,"key":"Happy Flower"},{"floor":40,"key":"Toy Ornithopter"},{"floor":40,"key":"Strawberry"},{"floor":42,"key":"Toxic Egg 2"},{"floor":42,"key":"Boot"},{"floor":43,"key":"Gremlin Horn"},{"floor":46,"key":"Sundial"},{"floor":48,"key":"Ancient Tea Set"},{"floor":48,"key":"Pantograph"},{"floor":54,"key":"Art of War"},{"floor":54,"key":"War Paint"}],"event_choices":[{"damage_healed":0,"gold_gain":0,"player_choice":"Ignored","damage_taken":0,"max_hp_gain":0,"max_hp_loss":0,"event_name":"Golden Wing","floor":4,"gold_loss":0},{"damage_healed":0,"gold_gain":0,"player_choice":"Gave Potion","damage_taken":0,"relics_obtained":["Ornamental Fan"],"max_hp_gain":0,"max_hp_loss":0,"event_name":"WeMeetAgain","floor":11,"gold_loss":0},{"damage_healed":0,"gold_gain":0,"player_choice":"Leave","damage_taken":0,"max_hp_gain":0,"max_hp_loss":0,"event_name":"The Cleric","floor":14,"gold_loss":0},{"damage_healed":0,"gold_gain":0,"player_choice":"Fought Bandits","damage_taken":0,"max_hp_gain":0,"max_hp_loss":0,"event_name":"Masked Bandits","floor":19,"gold_loss":0},{"damage_healed":0,"gold_gain":0,"player_choice":"Got Potions","damage_taken":0,"max_hp_gain":0,"max_hp_loss":0,"event_name":"Lab","floor":21,"gold_loss":0},{"damage_healed":0,"gold_gain":222,"player_choice":"Wore Mask","damage_taken":0,"max_hp_gain":0,"max_hp_loss":0,"event_name":"Tomb of Lord Red Mask","floor":39,"gold_loss":0}],"is_beta":false,"boss_relics":[{"not_picked":["Fusion Hammer","Pandora\u0027s Box"],"picked":"Black Star"},{"not_picked":["Astrolabe","Tiny House"],"picked":"Calling Bell"}],"items_purged_floors":[0,0,0,0,0,0,0,2,7,7,20],"is_endless":false,"potions_floor_spawned":[3,5,10,13,24,29,30,33,36,38,42,48,54],"ascension_level":0}}