{"host":"dhlnk6yox2l1s6up","time":1609710221,"event":{"mods":["BaseMod","Colored Map","Highlight Path","Minty Spire (QoL Compilation)","Relic Stats","StSLib"],"gold_per_floor":[117,77,89,107,119,154,154,189,189,218,218,238,313,341,341,444,444,444,444,185,185,185,185,185,185,185,135,135,135,135,135,135,135,135,135,135,135,135,135,135,135,135,135,135,135,135,135,135,135,135,135,135,13,13,13],"floor_reached":56,"playtime":3346,"items_purged":["Strike_R"],"score":1876,"play_id":"e591aae3-f229-4f7d-a45f-31f3c51dbdda","local_time":"20210103154341","is_ascension_mode":true,"campfire_choices":[{"floor":11.0,"key":"REST"},{"data":"Body Slam","floor":15.0,"key":"SMITH"},{"data":"Barricade","floor":23.0,"key":"SMITH"},{"data":"Inflame","floor":25.0,"key":"SMITH"},{"data":"Shockwave","floor":28.0,"key":"SMITH"},{"data":"Impervious","floor":32.0,"key":"SMITH"},{"floor":41,"key":"RECALL"},{"floor":49,"key":"REST"},{"floor":52,"key":"DIG"}],"circlet_count":0,"master_deck":["Strike_R","Strike_R+1","Strike_R+1","Defend_R","Defend_R","Defend_R","Defend_R+1","Bash","Headbutt","Cleave+1","Shrug It Off+1","Shockwave+1","Impervious+1","Inflame+1","Body Slam+1","Barricade+1","RitualDagger","Shrug It Off+1","Pummel+1","Body Slam+1","Limit Break+1","Pummel+1","Shrug It Off+1","Body Slam+1","Shrug It Off+1"],"relics":["Burning Blood","Boot","Champion Belt","Matryoshka","Ancient Tea Set","Anchor","Akabeko","Ectoplasm","Membership Card","PreservedInsect","Pear","MawBank","Nunchaku","Busted Crown","Shovel","MealTicket","Smiling Mask","Pantograph","Ice Cream","War Paint","Bottled Flame","Self Forming Clay","Whetstone"],"acts_visited":["Exordium","TheCity","TheBeyond","TheEnding"],"potions_floor_usage":[37,42,55,55,55],"damage_taken":[{"damage":9.0,"enemies":"Small Slimes","floor":1.0,"turns":5.0},{"damage":1.0,"enemies":"Cultist","floor":3.0,"turns":4.0},{"damage":4.0,"enemies":"Jaw Worm","floor":4.0,"turns":3.0},{"damage":13.0,"enemies":"Blue Slaver","floor":5.0,"turns":3.0},{"damage":6.0,"enemies":"3 Sentries","floor":6.0,"turns":11.0},{"damage":22.0,"enemies":"Gremlin Nob","floor":8.0,"turns":5.0},{"damage":15.0,"enemies":"Lagavulin","floor":10.0,"turns":8.0},{"damage":0.0,"enemies":"Large Slime","floor":12.0,"turns":4.0},{"damage":23.0,"enemies":"Gremlin Nob","floor":14.0,"turns":5.0},{"damage":26.0,"enemies":"The Guardian","floor":16.0,"turns":10.0},{"damage":6.0,"enemies":"Spheric Guardian","floor":18.0,"turns":4.0},{"damage":0.0,"enemies":"Book of Stabbing","floor":24.0,"turns":5.0},{"damage":0.0,"enemies":"Shell Parasite","floor":29.0,"turns":3.0},{"damage":0.0,"enemies":"Shelled Parasite and Fungi","floor":30.0,"turns":5.0},{"damage":16.0,"enemies":"Sentry and Sphere","floor":31.0,"turns":4.0},{"damage":0.0,"enemies":"Automaton","floor":33.0,"turns":9.0},{"damage":0,"enemies":"Orb Walker","floor":35,"turns":2},{"damage":11,"enemies":"Mind Bloom Boss Battle","floor":36,"turns":8},{"damage":13,"enemies":"3 Darklings","floor":37,"turns":7},{"damage":0,"enemies":"4 Shapes","floor":38,"turns":5},{"damage":13,"enemies":"Reptomancer","floor":40,"turns":4},{"damage":0,"enemies":"Giant Head","floor":42,"turns":5},{"damage":16,"enemies":"Maw","floor":44,"turns":6},{"damage":24,"enemies":"Writhing Mass","floor":45,"turns":8},{"damage":23,"enemies":"2 Orb Walkers","floor":46,"turns":5},{"damage":8,"enemies":"Nemesis","floor":47,"turns":7},{"damage":22,"enemies":"Time Eater","floor":50,"turns":8},{"damage":0,"enemies":"Shield and Spear","floor":54,"turns":2},{"damage":31,"enemies":"The Heart","floor":55,"turns":7}],"seed_played":"-1565351045451849306","potions_obtained":[{"floor":2.0,"key":"DuplicationPotion"},{"floor":2.0,"key":"Strength Potion"},{"floor":2.0,"key":"DuplicationPotion"},{"floor":5.0,"key":"HeartOfIron"},{"floor":6.0,"key":"BlessingOfTheForge"},{"floor":8.0,"key":"Ancient Potion"},{"floor":10.0,"key":"Block Potion"},{"floor":14.0,"key":"LiquidMemories"},{"floor":24.0,"key":"SkillPotion"},{"floor":31.0,"key":"AttackPotion"},{"floor":35,"key":"DuplicationPotion"},{"floor":37,"key":"SneckoOil"},{"floor":40,"key":"Dexterity Potion"},{"floor":44,"key":"Weak Potion"},{"floor":45,"key":"Strength Potion"}],"is_trial":false,"path_per_floor":["M","?","M","M","M","E","?","E","T","E","R","M","?","E","R","B",null,"M","?","$","?","?","R","E","R","T","?","R","M","M","M","R","B",null,"M","?","M","M","?","E","R","E","T","M","M","?","E","?","R","B",null,"R","$","E","B",null],"character_chosen":"IRONCLAD","items_purchased":["Membership Card","PreservedInsect","Self Forming Clay"],"campfire_rested":2,"item_purchase_floors":[20,20,53],"current_hp_per_floor":[69,69,74,76,69,69,53,37,37,28,52,58,47,30,30,10,63,63,57,57,57,42,42,58,58,58,58,58,64,70,60,60,66,88,94,89,82,88,88,81,81,87,87,77,59,42,40,40,68,77,91,91,95,95,70],"gold":13,"neow_bonus":"RANDOM_COMMON_RELIC","is_daily":false,"chose_seed":false,"campfire_upgraded":5,"win_rate":0.0,"timestamp":1609710221,"path_taken":["M","?","M","?","M","E","?","E","T","E","R","M","?","E","R","BOSS","M","?","$","?","?","R","E","R","T","?","R","M","?","M","R","BOSS","M","?","M","M","?","E","R","E","T","M","?","?","E","?","R","BOSS","R","$","E","BOSS"],"items_purchased_type":["Relic","Relic","Relic"],"build_version":"2020-12-22","purchased_purges":1,"victory":true,"max_hp_per_floor":[80,80,80,80,80,80,80,80,80,80,80,80,80,80,80,80,80,80,80,80,80,85,85,95,95,95,95,95,95,95,95,95,95,95,95,95,95,95,95,95,95,95,95,95,95,95,95,95,95,95,95,95,95,95,95],"relic_stats":{"counters":[29,162],"Self Forming Clay":[30],"PreservedInsect":362,"Whetstone":["Strike_R","Strike_R"],"War Paint":["Defend_R","Shrug It Off"],"Boot":[109],"MawBank":0,"Smiling Mask":0,"Burning Blood":168,"Nunchaku":[18],"Busted Crown":22,"Shovel":1,"Pantograph":25,"MealTicket":4,"Ectoplasm":1083,"Champion Belt":[43],"obtain_stats":[{"Ice Cream":46,"Pear":24,"Self Forming Clay":53,"PreservedInsect":20,"Whetstone":54,"War Paint":47,"Boot":0,"Ancient Tea Set":9,"MawBank":26,"Smiling Mask":42,"Burning Blood":0,"Akabeko":14,"Anchor":10,"Nunchaku":26,"Bottled Flame":52,"Matryoshka":8,"Busted Crown":34,"Shovel":36,"Pantograph":43,"MealTicket":40,"Ectoplasm":17,"Champion Belt":6,"Membership Card":20},{"Ice Cream":25,"Pear":12,"Self Forming Clay":27,"PreservedInsect":11,"Whetstone":28,"War Paint":26,"Boot":0,"Ancient Tea Set":6,"MawBank":12,"Smiling Mask":22,"Burning Blood":0,"Akabeko":9,"Anchor":7,"Nunchaku":12,"Bottled Flame":27,"Matryoshka":6,"Busted Crown":16,"Shovel":18,"Pantograph":22,"MealTicket":21,"Ectoplasm":10,"Champion Belt":5,"Membership Card":11},{"Ice Cream":138,"Pear":67,"Self Forming Clay":153,"PreservedInsect":62,"Whetstone":155,"War Paint":145,"Boot":0,"Ancient Tea Set":31,"MawBank":67,"Smiling Mask":119,"Burning Blood":0,"Akabeko":48,"Anchor":39,"Nunchaku":67,"Bottled Flame":153,"Matryoshka":31,"Busted Crown":88,"Shovel":98,"Pantograph":119,"MealTicket":114,"Ectoplasm":58,"Champion Belt":26,"Membership Card":62}]},"card_choices":[{"not_picked":["Wild Strike","Thunderclap"],"picked":"Headbutt","floor":1.0},{"not_picked":["Havoc","Double Tap"],"picked":"Cleave","floor":3.0},{"not_picked":["Pommel Strike","Second Wind"],"picked":"Shrug It Off","floor":4.0},{"not_picked":["Heavy Blade","Thunderclap"],"picked":"Shockwave","floor":5.0},{"not_picked":["Headbutt","Sever Soul"],"picked":"Impervious","floor":6.0},{"not_picked":["Wild Strike","Sever Soul"],"picked":"Inflame","floor":8.0},{"not_picked":["Havoc","True Grit","Thunderclap"],"picked":"SKIP","floor":10.0},{"not_picked":["Shrug It Off","Evolve"],"picked":"Body Slam","floor":12.0},{"not_picked":["Blood for Blood","Reckless Charge","Sever Soul"],"picked":"SKIP","floor":14.0},{"not_picked":["Limit Break","Fiend Fire"],"picked":"Barricade","floor":16.0},{"not_picked":["Sword Boomerang","Hemokinesis","Combust"],"picked":"SKIP","floor":18.0},{"not_picked":["Twin Strike","Wild Strike","Second Wind"],"picked":"SKIP","floor":24.0},{"not_picked":["Iron Wave+1","Spot Weakness"],"picked":"Shrug It Off","floor":29.0},{"not_picked":["Anger","Perfected Strike"],"picked":"Pummel+1","floor":30.0},{"not_picked":["Iron Wave","Whirlwind"],"picked":"Body Slam+1","floor":31.0},{"not_picked":["Bludgeon","Reaper"],"picked":"Limit Break","floor":33.0},{"not_picked":[],"picked":"Pummel+1","floor":35},{"not_picked":["Whirlwind"],"picked":"SKIP","floor":37},{"not_picked":["Cleave"],"picked":"SKIP","floor":38},{"not_picked":["Seeing Red+1"],"picked":"SKIP","floor":40},{"not_picked":["Headbutt"],"picked":"SKIP","floor":42},{"not_picked":[],"picked":"Shrug It Off+1","floor":44},{"not_picked":["Warcry+1"],"picked":"SKIP","floor":45},{"not_picked":[],"picked":"Body Slam+1","floor":47},{"not_picked":[],"picked":"Shrug It Off+1","floor":54}],"player_experience":5727584,"relics_obtained":[{"floor":6.0,"key":"Champion Belt"},{"floor":8.0,"key":"Matryoshka"},{"floor":9.0,"key":"Ancient Tea Set"},{"floor":10.0,"key":"Anchor"},{"floor":14.0,"key":"Akabeko"},{"floor":24.0,"key":"Pear"},{"floor":26.0,"key":"MawBank"},{"floor":26.0,"key":"Nunchaku"},{"floor":36,"key":"Shovel"},{"floor":40,"key":"MealTicket"},{"floor":42,"key":"Smiling Mask"},{"floor":43,"key":"Pantograph"},{"floor":46,"key":"Ice Cream"},{"floor":47,"key":"War Paint"},{"floor":52,"key":"Bottled Flame"},{"floor":54,"key":"Whetstone"}],"event_choices":[{"damage_healed":0.0,"max_hp_gain":0.0,"max_hp_loss":0.0,"gold_gain":0.0,"event_name":"The Woman in Blue","player_choice":"Bought 3 Potions","floor":2.0,"gold_loss":0.0,"damage_taken":0.0},{"damage_healed":0.0,"max_hp_gain":0.0,"max_hp_loss":0.0,"gold_gain":0.0,"event_name":"Shining Light","player_choice":"Entered Light","floor":7.0,"gold_loss":0.0,"damage_taken":16.0,"cards_upgraded":["Shrug It Off","Cleave"]},{"damage_healed":0.0,"max_hp_gain":0.0,"max_hp_loss":0.0,"gold_gain":75.0,"event_name":"World of Goop","player_choice":"Gather Gold","floor":13.0,"gold_loss":0.0,"damage_taken":11.0},{"damage_healed":0.0,"max_hp_gain":0.0,"max_hp_loss":0.0,"gold_gain":0.0,"event_name":"Nest","player_choice":"Joined the Cult","floor":19.0,"gold_loss":0.0,"damage_taken":6.0,"cards_obtained":["RitualDagger"]},{"damage_healed":0.0,"max_hp_gain":0.0,"max_hp_loss":0.0,"gold_gain":0.0,"event_name":"Ghosts","player_choice":"Ignored","floor":21.0,"gold_loss":0.0,"damage_taken":0.0},{"damage_healed":0.0,"max_hp_gain":5.0,"max_hp_loss":0.0,"gold_gain":0.0,"event_name":"Forgotten Altar","player_choice":"Shed Blood","floor":22.0,"gold_loss":0.0,"damage_taken":20.0},{"damage_healed":0.0,"max_hp_gain":0.0,"max_hp_loss":0.0,"gold_gain":250.0,"event_name":"The Joust","player_choice":"Bet on Owner","floor":27.0,"gold_loss":50.0,"damage_taken":0.0},{"damage_healed":0,"gold_gain":0,"player_choice":"Fight","damage_taken":0,"max_hp_gain":0,"max_hp_loss":0,"event_name":"MindBloom","floor":36,"gold_loss":0},{"damage_healed":0,"gold_gain":0,"player_choice":"Upgraded","damage_taken":0,"max_hp_gain":0,"max_hp_loss":0,"event_name":"Upgrade Shrine","floor":39,"gold_loss":0,"cards_upgraded":["Limit Break"]},{"damage_healed":0,"gold_gain":0,"player_choice":"Fight","damage_taken":0,"max_hp_gain":0,"max_hp_loss":0,"event_name":"Mysterious Sphere","floor":46,"gold_loss":0},{"cards_removed":["Strike_R"],"damage_healed":0,"gold_gain":0,"player_choice":"Removed Attack","damage_taken":0,"max_hp_gain":0,"max_hp_loss":0,"event_name":"Falling","floor":48,"gold_loss":0}],"is_beta":false,"boss_relics":[{"not_picked":["Tiny House","Fusion Hammer"],"picked":"Ectoplasm"},{"not_picked":["Calling Bell","Velvet Choker"],"picked":"Busted Crown"}],"items_purged_floors":[20],"is_endless":false,"potions_floor_spawned":[5,6,8,10,14,24,31,35,37,40,44,45,54],"ascension_level":8}}