{"host":"1cd1aqaox6jesai3","time":1609715682,"event":{"mods":["Act Like it!","Arknights The Spire","Astrologer","Bartender","BaseMod","Colored Powertips","Googly Eyes","Hallownest","Infinite Spire","Lobotomy","Mimic Mod","Minty Spire (QoL Compilation)","Replay The Spire","StSLib","The Bug Knight","The Construct","The Factory"],"gold_per_floor":[111,131,131,147,157,157,157],"floor_reached":6,"playtime":332,"items_purged":[],"score":38,"play_id":"d6f6e991-072c-4948-b325-86371b52a094","local_time":"20210103181442","is_ascension_mode":false,"campfire_choices":[],"circlet_count":0,"master_deck":["ats:Strike C","ats:Strike G","ats:Strike S","ats:Strike V","ats:Armor Crushing Shot","ats:Defend","ats:Defend","ats:Defend","ats:Defend","ats:Emotion Absorption","Scorched","ats:Poison Spread","ats:Apocalypse","Bash","ats:Explosion Area Strengthen","ats:Revitalization","QueenBee","ats:Explosion Area Strengthen"],"relics":["ats:Sanity","CogitoBucket"],"acts_visited":["Exordium"],"potions_floor_usage":[6,6],"damage_taken":[{"damage":7,"enemies":"Cultist","floor":1,"turns":5},{"damage":43,"enemies":"Jaw Worm","floor":2,"turns":3},{"damage":0,"enemies":"Small Slimes","floor":4,"turns":2},{"damage":14,"enemies":"Blue Slaver","floor":5,"turns":3},{"damage":16,"enemies":"Gremlin Nob","floor":6,"turns":2}],"seed_played":"3834130058178313221","potions_obtained":[{"floor":2,"key":"infinitespire:BlackPotion"},{"floor":4,"key":"BlessingOfTheForge"}],"is_trial":false,"path_per_floor":["M","M","?","M","M","E"],"character_chosen":"DOCTOR_CLASS","items_purchased":[],"campfire_rested":0,"item_purchase_floors":[],"current_hp_per_floor":[65,22,22,22,11,0,0],"gold":157,"neow_bonus":"","is_daily":false,"chose_seed":false,"campfire_upgraded":0,"win_rate":0.0,"timestamp":1609715682,"path_taken":["M","?","?","?","M","E"],"items_purchased_type":[],"build_version":"2020-12-22","purchased_purges":0,"victory":false,"max_hp_per_floor":[72,72,72,72,72,72,72],"card_choices":[{"not_picked":["MHz","UniverseFragment"],"picked":"Scorched","floor":1},{"not_picked":["ats:Assault Order","ats:Curse Doll"],"picked":"ats:Poison Spread","floor":1},{"not_picked":["ats:Leaping Hammer","ats:Composite Medical Shells"],"picked":"ats:Apocalypse","floor":2},{"not_picked":["ats:Apocalypse","ats:Red Shift"],"picked":"ats:Revitalization","floor":4},{"not_picked":["LittleHelper","BlackSwan"],"picked":"QueenBee","floor":5},{"not_picked":["ats:Revitalization","ats:Steam Pump"],"picked":"ats:Explosion Area Strengthen","floor":5}],"player_experience":151995,"relics_obtained":[],"event_choices":[{"damage_healed":0,"gold_gain":0,"player_choice":"2 cards matched","damage_taken":0,"max_hp_gain":0,"max_hp_loss":0,"event_name":"Match and Keep!","floor":3,"gold_loss":0,"cards_obtained":["Bash","ats:Explosion Area Strengthen"]}],"is_beta":false,"boss_relics":[],"items_purged_floors":[],"is_endless":false,"potions_floor_spawned":[2,4],"killed_by":"Gremlin Nob","ascension_level":0}}