{"host":"1c52r9kaxdyo25eq","time":1609670279,"event":{"mods":["AchievementEnabler","BaseMod","Minty Spire (QoL Compilation)","Rare Cards Sparkle","SuperFastMode","everything is the same but u backflip on backflip"],"gold_per_floor":[112,129,141,141,66,66,166,184,184,204,219,234,134,148,148,148,148],"floor_reached":16,"playtime":295,"items_purged":["Strike_R","Defend_R"],"score":134,"play_id":"d3915466-b6ce-4616-b6d1-c918cb28f51a","local_time":"20210103193759","is_ascension_mode":true,"campfire_choices":[{"data":"Heavy Blade","floor":6,"key":"SMITH"},{"floor":15,"key":"REST"}],"circlet_count":0,"master_deck":["Strike_R","Strike_R","Strike_R","Defend_R","Defend_R","Defend_R","Bash","Heavy Blade+1","Pommel Strike","Shrug It Off","Flex"],"relics":["Burning Blood","NeowsBlessing","Pear"],"acts_visited":["Exordium"],"potions_floor_usage":[12,12,16],"damage_taken":[{"damage":0,"enemies":"Cultist","floor":1,"turns":1},{"damage":0,"enemies":"Small Slimes","floor":2,"turns":1},{"damage":0,"enemies":"Jaw Worm","floor":3,"turns":1},{"damage":21,"enemies":"Red Slaver","floor":8,"turns":4},{"damage":16,"enemies":"Looter","floor":10,"turns":4},{"damage":38,"enemies":"Large Slime","floor":11,"turns":6},{"damage":19,"enemies":"Exordium Thugs","floor":12,"turns":4},{"damage":0,"enemies":"2 Fungi Beasts","floor":14,"turns":4},{"damage":41,"enemies":"The Guardian","floor":16,"turns":10}],"seed_played":"3657753254161348687","potions_obtained":[{"floor":2,"key":"SteroidPotion"},{"floor":10,"key":"Explosive Potion"},{"floor":11,"key":"Energy Potion"},{"floor":12,"key":"Dexterity Potion"}],"is_trial":false,"path_per_floor":["M","M","M","?","$","R","?","M","T","M","M","M","$","M","R","B"],"character_chosen":"IRONCLAD","items_purchased":[],"campfire_rested":1,"item_purchase_floors":[],"current_hp_per_floor":[78,80,80,73,73,73,73,58,68,58,26,13,13,19,46,5,5],"gold":148,"neow_bonus":"THREE_ENEMY_KILL","is_daily":false,"chose_seed":false,"campfire_upgraded":1,"win_rate":0.0,"timestamp":1609670279,"path_taken":["M","?","M","?","$","R","?","?","T","M","M","M","$","M","R","BOSS"],"items_purchased_type":[],"build_version":"2020-12-22","purchased_purges":2,"victory":false,"max_hp_per_floor":[80,80,80,80,80,80,80,80,90,90,90,90,90,90,90,90,90],"card_choices":[{"not_picked":["Havoc","True Grit","Sword Boomerang"],"picked":"SKIP","floor":1},{"not_picked":["Anger","Pummel"],"picked":"Heavy Blade","floor":2},{"not_picked":["Anger","Uppercut","Dark Embrace"],"picked":"SKIP","floor":3},{"not_picked":["Flex","Fire Breathing","Havoc"],"picked":"SKIP","floor":8},{"not_picked":["Burning Pact","Sword Boomerang"],"picked":"Pommel Strike","floor":10},{"not_picked":["Intimidate","Berserk"],"picked":"Shrug It Off","floor":11},{"not_picked":["Flex","Armaments","Perfected Strike"],"picked":"SKIP","floor":12},{"not_picked":["Intimidate","Sever Soul"],"picked":"Flex","floor":14}],"player_experience":542856,"relics_obtained":[{"floor":9,"key":"Pear"}],"event_choices":[{"cards_removed":["Strike_R"],"damage_healed":0,"gold_gain":0,"player_choice":"Card Removal","damage_taken":7,"max_hp_gain":0,"max_hp_loss":0,"event_name":"Golden Wing","floor":4,"gold_loss":0},{"damage_healed":0,"gold_gain":100,"player_choice":"Pray","damage_taken":0,"max_hp_gain":0,"max_hp_loss":0,"event_name":"Golden Shrine","floor":7,"gold_loss":0}],"is_beta":false,"boss_relics":[],"items_purged_floors":[5,13],"is_endless":false,"potions_floor_spawned":[2,10,11,12],"killed_by":"The Guardian","ascension_level":8}}