{"host":"iy58fyt9wsbv4cf1","time":1609632168,"event":{"mods":["BaseMod","Better Altar","Better Match","Better Skull","Better Third Choice","BetterRewards","Conspire","Custom Start","Defuse TimeMaze Blight","Hubris","Infinite Spire","Minty Spire (QoL Compilation)","Permanent Neow","Quick Restart","Spicy Shops","StSLib"],"gold_per_floor":[114,189,189,33,33,33,46,6,6,40,40,60,77,89,89,194,194,205,217,217,217,17,17,28,28,28,38,38,51,51,51],"floor_reached":30,"playtime":493,"items_purged":["Strike_B"],"score":230,"play_id":"4660e2bc-07ee-483f-8579-1631ae7f2653","local_time":"20210102190248","is_ascension_mode":false,"campfire_choices":[{"floor":6.0,"key":"REST"},{"data":"Double Energy","floor":11.0,"key":"SMITH"},{"floor":15.0,"key":"REST"},{"data":"hubris:DoWhile","floor":23.0,"key":"SMITH"},{"data":"Turbo","floor":28.0,"key":"SMITH"}],"circlet_count":0,"master_deck":["Strike_B","Strike_B","Strike_B","Defend_B","Defend_B","Defend_B","Defend_B","Zap","Dualcast","Tempest","Fusion","Double Energy+1","Conserve Battery","Auto Shields","hubris:DoWhile+1","Defragment+1","Turbo+1"],"relics":["Cracked Core","Art of War","hubris:Zylophone","Chemical X","infinitespire:SolderingIron","Letter Opener","Strange Spoon","conspire:SpecialSausage","infinitespire:Joker Card"],"acts_visited":["Exordium","TheCity"],"potions_floor_usage":[30],"damage_taken":[{"damage":1.0,"enemies":"2 Louse","floor":1.0,"turns":2.0},{"damage":5.0,"enemies":"Small Slimes","floor":7.0,"turns":2.0},{"damage":13.0,"enemies":"Lagavulin","floor":10.0,"turns":4.0},{"damage":0.0,"enemies":"Cultist","floor":12.0,"turns":2.0},{"damage":6.0,"enemies":"Gremlin Gang","floor":13.0,"turns":2.0},{"damage":0.0,"enemies":"2 Fungi Beasts","floor":14.0,"turns":2.0},{"damage":24.0,"enemies":"The Guardian","floor":16.0,"turns":7.0},{"damage":3.0,"enemies":"2 Thieves","floor":18.0,"turns":2.0},{"damage":0.0,"enemies":"Chosen","floor":19.0,"turns":1.0},{"damage":0.0,"enemies":"Snake Plant","floor":24.0,"turns":1.0},{"damage":3.0,"enemies":"Cultist and Chosen","floor":27.0,"turns":4.0},{"damage":11.0,"enemies":"Centurion and Healer","floor":29.0,"turns":3.0},{"damage":45,"enemies":"Nightmare","floor":30,"turns":6}],"seed_played":"-7921014183525449727","potions_obtained":[{"floor":12.0,"key":"SkillPotion"},{"floor":14.0,"key":"SkillPotion"},{"floor":24.0,"key":"GamblersBrew"}],"is_trial":false,"path_per_floor":["M","?","?","$","?","R","M","$","T","E","R","M","M","M","R","B",null,"M","M","?","?","$","R","M","AVR","T","M","R","M","NM"],"character_chosen":"DEFECT","items_purchased":["Art of War","hubris:Zylophone","Tempest","Fusion","Chemical X","Double Energy","Strange Spoon","Turbo"],"campfire_rested":2,"item_purchase_floors":[0,0,0,0,4,8,22,22],"current_hp_per_floor":[39,28,28,28,28,50,45,45,45,32,32,32,26,26,48,24,75,72,72,72,54,54,54,54,54,54,51,51,40,0,0],"gold":51,"neow_bonus":"","is_daily":false,"chose_seed":false,"campfire_upgraded":3,"win_rate":0.0,"timestamp":1609632168,"path_taken":["M","?","?","$","?","R","M","$","T","E","R","?","?","M","R","BOSS","M","M","?","?","$","R","M","AVR","T","M","R","M","NM"],"items_purchased_type":["Relic","Relic","Card","Card","Relic","Card","Relic","Card"],"build_version":"2020-12-22","purchased_purges":1,"victory":false,"max_hp_per_floor":[75,75,75,75,75,75,75,75,75,75,75,75,75,75,75,75,75,75,75,75,75,75,75,75,75,75,75,75,75,75,75],"card_choices":[{"not_picked":["Stack","Streamline","FTL"],"picked":"SKIP","floor":1.0},{"not_picked":["Gash","Go for the Eyes","Machine Learning"],"picked":"SKIP","floor":7.0},{"not_picked":["Stack","Static Discharge","Hello World"],"picked":"SKIP","floor":10.0},{"not_picked":["Redo","Recycle"],"picked":"Conserve Battery","floor":12.0},{"not_picked":["Go for the Eyes","Ball Lightning"],"picked":"Auto Shields","floor":13.0},{"not_picked":["Sweeping Beam","Compile Driver","hubris:SpecializedCircuitry"],"picked":"SKIP","floor":14.0},{"not_picked":["Multi-Cast","Rainbow"],"picked":"hubris:DoWhile","floor":16.0},{"not_picked":["Streamline","Compile Driver","Storm+1"],"picked":"SKIP","floor":18.0},{"not_picked":["Streamline","conspire:SharedLibrary+1"],"picked":"Defragment+1","floor":19.0},{"not_picked":["conspire:Rain","Auto Shields","Gash+1"],"picked":"SKIP","floor":24.0},{"not_picked":["Cold Snap","Leap","FTL"],"picked":"SKIP","floor":27.0},{"not_picked":["Barrage","Stack","Cold Snap"],"picked":"SKIP","floor":29.0}],"player_experience":34806,"relics_obtained":[{"floor":9.0,"key":"infinitespire:SolderingIron"},{"floor":10.0,"key":"Letter Opener"}],"event_choices":[{"damage_healed":0.0,"max_hp_gain":0.0,"max_hp_loss":0.0,"gold_gain":75.0,"event_name":"betterThird:BetterGoop","player_choice":"Gold","floor":2.0,"gold_loss":0.0,"damage_taken":11.0},{"damage_healed":0.0,"max_hp_gain":0.0,"max_hp_loss":0.0,"gold_gain":0.0,"event_name":"conspire:Investor","player_choice":"Leave","floor":3.0,"gold_loss":0.0,"damage_taken":0.0},{"damage_healed":0.0,"max_hp_gain":0.0,"max_hp_loss":0.0,"gold_gain":0.0,"event_name":"NoteForYourself","player_choice":"Ignored","floor":5.0,"gold_loss":0.0,"damage_taken":0.0},{"damage_healed":0.0,"max_hp_gain":0.0,"max_hp_loss":0.0,"gold_gain":0.0,"event_name":"Vampires","player_choice":"Ignored","floor":20.0,"gold_loss":0.0,"damage_taken":0.0}],"is_beta":false,"boss_relics":[{"not_picked":["Velvet Choker","Runic Pyramid","conspire:SeveredTorchhead"]}],"items_purged_floors":[25],"is_endless":false,"potions_floor_spawned":[12,14,24],"killed_by":"Nightmare","ascension_level":0}}