{"host":"t9ey1ebdrj6sa9fi","time":1609685033,"event":{"mods":["Act Like it!","BaseMod","Better Silent Start","Better Vampires","Colored Map","Colored Powertips","Emptier Cage","Gensokyo","Highlight Path","Minty Spire (QoL Compilation)","Optimize The Spire","Permanent Neow","Quick Restart","Random Character Button","Spicy Shops","StSLib","SuperFastMode","The Caster","The IronCluck","Wandering Minibosses","Wide Potions","everything is the same but u backflip on backflip"],"gold_per_floor":[116,132,151,33,33,33,62,62,62,94,94,94,106,106,106,106,106],"floor_reached":16,"playtime":908,"items_purged":[],"score":108,"play_id":"c146cee3-31b5-4680-be06-ac90f53b189c","local_time":"20210103154353","is_ascension_mode":false,"campfire_choices":[{"data":"caster:Grimoire","floor":6.0,"key":"SMITH"},{"data":"caster:SunGoddessAmaterasu","floor":11.0,"key":"SMITH"},{"floor":15.0,"key":"REST"}],"circlet_count":0,"master_deck":["caster:Meteor","caster:strike","caster:strike","caster:strike","caster:strike","caster:DivertFocus","caster:Channeling","caster:defend","caster:defend","caster:defend","caster:defend","caster:Fireball","caster:MagicBarrier","caster:Grimoire+1","caster:FlashFrost","caster:BurnItDown","caster:FrostDriver","Pain","caster:PyroclasticTide+1","caster:SunGoddessAmaterasu+1","caster:GlacialShield"],"relics":["caster:MagicBook","Gensokyo:LunaticRedEyes","Bottled Flame","Vajra","PreservedInsect","Molten Egg 2"],"acts_visited":["Gensokyo:Gensokyo"],"potions_floor_usage":[],"damage_taken":[{"damage":10.0,"enemies":"Gensokyo:Gryphon","floor":1.0,"turns":4.0},{"damage":0.0,"enemies":"Gensokyo:Python","floor":2.0,"turns":5.0},{"damage":2.0,"enemies":"Gensokyo:3_Fairies","floor":3.0,"turns":4.0},{"damage":19.0,"enemies":"Gensokyo:Aya","floor":7.0,"turns":7.0},{"damage":22.0,"enemies":"Gensokyo:Cirno","floor":10.0,"turns":6.0},{"damage":0.0,"enemies":"Gensokyo:3_Kodama","floor":13.0,"turns":2.0},{"damage":33,"enemies":"Gensokyo:Reimu","floor":16,"turns":7}],"seed_played":"757988477376060110","potions_obtained":[{"floor":7.0,"key":"Strength Potion"}],"is_trial":false,"path_per_floor":["M","M","M","$","?","R","E","?","T","E","R","?","M","?","R","B"],"character_chosen":"THE_CASTER","items_purchased":["caster:BurnItDown","caster:FrostDriver"],"campfire_rested":1,"item_purchase_floors":[4,4],"current_hp_per_floor":[54,54,52,52,52,52,33,33,33,11,11,11,11,11,30,0,0],"gold":106,"neow_bonus":"THREE_CARDS","is_daily":false,"chose_seed":false,"campfire_upgraded":2,"win_rate":0.0,"timestamp":1609685033,"path_taken":["M","M","M","$","?","R","E","?","T","E","R","?","M","?","R","BOSS"],"items_purchased_type":["Card","Card"],"build_version":"2020-12-22","purchased_purges":0,"victory":false,"max_hp_per_floor":[64,64,64,64,64,64,64,64,64,64,64,64,64,64,64,64,64],"card_choices":[{"not_picked":["caster:Embers","caster:Accumulation"],"picked":"caster:Fireball","floor":0.0},{"not_picked":["caster:Sultry","caster:MagicResonance"],"picked":"caster:MagicBarrier","floor":1.0},{"not_picked":["caster:Fissure","caster:FrostDriver"],"picked":"caster:Grimoire","floor":2.0},{"not_picked":["caster:MagicWeapon","caster:LAZER"],"picked":"caster:FlashFrost","floor":3.0},{"not_picked":["caster:GlacialShield","caster:Sandstorm"],"picked":"caster:PyroclasticTide","floor":7.0},{"not_picked":["caster:LAZER+1","caster:Sleet"],"picked":"caster:SunGoddessAmaterasu","floor":10.0},{"not_picked":["caster:MagicBarrier","caster:Incantation"],"picked":"caster:GlacialShield","floor":13.0}],"player_experience":27076,"relics_obtained":[{"floor":7.0,"key":"Bottled Flame"},{"floor":9.0,"key":"PreservedInsect"},{"floor":10.0,"key":"Molten Egg 2"}],"event_choices":[],"is_beta":false,"boss_relics":[],"items_purged_floors":[],"is_endless":false,"potions_floor_spawned":[7,13],"killed_by":"Gensokyo:Reimu","ascension_level":0}}