{"host":"utqe55yv0jihe4d6","time":1609649197,"event":{"mods":["2.2 Compatiblity","AchievementEnabler","BaseMod","Block Reminder","Colored Map","Colored Powertips","Minty Spire (QoL Compilation)","Quick Restart","Rare Cards Sparkle","Relic Stats","SuperFastMode"],"gold_per_floor":[116,116,41,61,129,129,163,163,163,188,188,207,223,235,235,307,307,325,63,73,126,138,138,168,83,83,83,101,130,130,146,146,217,217,228,48,101,101,121,179,192,192,192,202,253,293,330,358,358,358,358,358,358,38,64,64],"floor_reached":57,"playtime":2881,"items_purged":["Pain","Strike_R"],"score":3134,"play_id":"27bc2d6f-63db-45bc-bdc5-d551a77837c3","local_time":"20210102234637","is_ascension_mode":true,"campfire_choices":[{"data":"Bash","floor":6.0,"key":"SMITH"},{"data":"Uppercut","floor":8.0,"key":"SMITH"},{"data":"Battle Trance","floor":11.0,"key":"SMITH"},{"data":"True Grit","floor":15.0,"key":"SMITH"},{"data":"Corruption","floor":23.0,"key":"SMITH"},{"floor":27.0,"key":"DIG"},{"floor":32,"key":"DIG"},{"data":"Barricade","floor":42,"key":"SMITH"},{"floor":49,"key":"RECALL"},{"floor":53,"key":"DIG"}],"circlet_count":0,"master_deck":["AscendersBane","Strike_R","Strike_R","Strike_R","Strike_R","Defend_R","Defend_R","Defend_R","Defend_R","Bash+1","Thunderclap","Twin Strike","Uppercut+1","Battle Trance+1","True Grit+1","Corruption+1","Anger+1","Spot Weakness+1","Dark Embrace","Dual Wield","Entrench","Barricade+1","Dramatic Entrance","HandOfGreed","Bandage Up","Body Slam","Shockwave+1","Spot Weakness","Rage+1","Entrench","Reaper"],"relics":["Burning Blood","NeowsBlessing","WarpedTongs","Meat on the Bone","Dream Catcher","Nunchaku","Omamori","Coffee Dripper","Self Forming Clay","Red Skull","InkBottle","Shovel","Ornamental Fan","Bottled Tornado","Mango","Bag of Marbles","SlaversCollar","Dead Branch","Oddly Smooth Stone","Singing Bowl","Sundial","Pantograph","Calipers","Happy Flower"],"acts_visited":["Exordium","TheCity","TheBeyond","TheEnding"],"potions_floor_usage":[29,33,33,37,56],"damage_taken":[{"damage":0.0,"enemies":"2 Louse","floor":1.0,"turns":1.0},{"damage":0.0,"enemies":"Cultist","floor":4.0,"turns":1.0},{"damage":0.0,"enemies":"Gremlin Nob","floor":7.0,"turns":1.0},{"damage":35.0,"enemies":"Lagavulin","floor":10.0,"turns":5.0},{"damage":1.0,"enemies":"Jaw Worm","floor":12.0,"turns":5.0},{"damage":0.0,"enemies":"Looter","floor":13.0,"turns":3.0},{"damage":2.0,"enemies":"2 Fungi Beasts","floor":14.0,"turns":4.0},{"damage":58.0,"enemies":"Slime Boss","floor":16.0,"turns":12.0},{"damage":18.0,"enemies":"2 Thieves","floor":18.0,"turns":5.0},{"damage":13.0,"enemies":"3 Byrds","floor":20.0,"turns":7.0},{"damage":30.0,"enemies":"Snake Plant","floor":22.0,"turns":5.0},{"damage":23.0,"enemies":"Book of Stabbing","floor":24.0,"turns":4.0},{"damage":9.0,"enemies":"Snecko","floor":28.0,"turns":3.0},{"damage":24,"enemies":"Slavers","floor":29,"turns":4},{"damage":18,"enemies":"Cultist and Chosen","floor":31,"turns":5},{"damage":45,"enemies":"Champ","floor":33,"turns":17},{"damage":51,"enemies":"3 Shapes","floor":35,"turns":8},{"damage":6,"enemies":"2 Orb Walkers","floor":37,"turns":3},{"damage":0,"enemies":"3 Darklings","floor":39,"turns":1},{"damage":20,"enemies":"Nemesis","floor":40,"turns":7},{"damage":0,"enemies":"Maw","floor":41,"turns":5},{"damage":11,"enemies":"Sphere and 2 Shapes","floor":44,"turns":3},{"damage":0,"enemies":"Giant Head","floor":45,"turns":5},{"damage":14,"enemies":"3 Darklings","floor":46,"turns":2},{"damage":0,"enemies":"Transient","floor":47,"turns":6},{"damage":0,"enemies":"Reptomancer","floor":48,"turns":1},{"damage":18,"enemies":"Awakened One","floor":50,"turns":6},{"damage":6,"enemies":"Donu and Deca","floor":51,"turns":2},{"damage":0,"enemies":"Shield and Spear","floor":55,"turns":4},{"damage":63,"enemies":"The Heart","floor":56,"turns":7}],"seed_played":"-7258996924947642461","potions_obtained":[{"floor":4.0,"key":"Ancient Potion"},{"floor":7.0,"key":"SkillPotion"},{"floor":14.0,"key":"LiquidBronze"},{"floor":16.0,"key":"Block Potion"},{"floor":24.0,"key":"ColorlessPotion"},{"floor":28,"key":"Regen Potion"},{"floor":31,"key":"SneckoOil"},{"floor":33,"key":"SteroidPotion"},{"floor":39,"key":"SmokeBomb"},{"floor":44,"key":"ColorlessPotion"},{"floor":55,"key":"Swift Potion"}],"is_trial":false,"path_per_floor":["M","?","$","M","T","R","E","R","T","E","R","M","M","M","R","B",null,"M","$","M","T","M","R","E","?","T","R","M","E","?","M","R","B",null,"M","$","?","?","M","E","M","R","T","M","E","M","M","E","R","B","B",null,"R","$","E","B",null],"character_chosen":"IRONCLAD","items_purchased":["Self Forming Clay","DistilledChaos","Calipers"],"campfire_rested":0,"item_purchase_floors":[19,36,54],"current_hp_per_floor":[74,74,74,75,75,75,75,75,75,46,46,51,57,61,61,21,62,50,50,55,55,43,43,38,38,38,38,47,64,64,52,52,25,73,40,40,52,42,60,62,72,72,72,73,83,75,91,91,91,79,87,90,90,90,91,57],"gold":64,"neow_bonus":"THREE_ENEMY_KILL","is_daily":false,"chose_seed":false,"campfire_upgraded":6,"win_rate":0.0,"timestamp":1609649197,"path_taken":["M","?","?","?","?","R","E","R","T","E","R","M","M","?","R","BOSS","M","$","M","?","M","R","E","?","T","R","M","E","?","M","R","BOSS","M","$","?","?","M","E","M","R","T","M","E","M","M","E","R","BOSS","BOSS","R","$","E","BOSS"],"items_purchased_type":["Relic","Potion","Relic"],"build_version":"2020-12-22","purchased_purges":2,"victory":true,"max_hp_per_floor":[75,75,75,75,75,75,75,75,75,75,75,75,75,75,75,75,75,75,75,75,75,75,75,75,75,75,75,75,89,89,89,89,89,89,89,89,89,89,89,89,89,89,89,89,89,89,91,91,91,91,91,91,91,91,91,91],"relic_stats":{"Singing Bowl":2,"Happy Flower":[2],"counters":[30,142],"Self Forming Clay":[141],"Dead Branch":[305],"Burning Blood":157,"WarpedTongs":[133],"Dream Catcher":0,"Nunchaku":[34],"Shovel":3,"Ornamental Fan":[220],"Sundial":[2],"Pantograph":0,"obtain_stats":[{"Calipers":54,"NeowsBlessing":0,"Singing Bowl":45,"Happy Flower":55,"Self Forming Clay":19,"Dead Branch":37,"Oddly Smooth Stone":40,"Mango":29,"Omamori":10,"Bottled Tornado":27,"Burning Blood":0,"WarpedTongs":2,"SlaversCollar":34,"Dream Catcher":7,"Nunchaku":9,"Shovel":25,"Ornamental Fan":26,"Sundial":48,"Pantograph":53,"Coffee Dripper":17,"Bag of Marbles":32,"Red Skull":21,"InkBottle":24,"Meat on the Bone":5},{"Calipers":28,"NeowsBlessing":0,"Singing Bowl":23,"Happy Flower":29,"Self Forming Clay":9,"Dead Branch":18,"Oddly Smooth Stone":20,"Mango":14,"Omamori":4,"Bottled Tornado":12,"Burning Blood":0,"WarpedTongs":1,"SlaversCollar":16,"Dream Catcher":3,"Nunchaku":3,"Shovel":12,"Ornamental Fan":12,"Sundial":26,"Pantograph":28,"Coffee Dripper":8,"Bag of Marbles":15,"Red Skull":10,"InkBottle":12,"Meat on the Bone":2},{"Calipers":131,"NeowsBlessing":0,"Singing Bowl":114,"Happy Flower":135,"Self Forming Clay":37,"Dead Branch":93,"Oddly Smooth Stone":101,"Mango":60,"Omamori":8,"Bottled Tornado":53,"Burning Blood":0,"WarpedTongs":1,"SlaversCollar":82,"Dream Catcher":3,"Nunchaku":3,"Shovel":53,"Ornamental Fan":53,"Sundial":123,"Pantograph":131,"Coffee Dripper":32,"Bag of Marbles":65,"Red Skull":44,"InkBottle":53,"Meat on the Bone":2}],"InkBottle":[40],"Meat on the Bone":132},"card_choices":[{"not_picked":["Shrug It Off","Cleave"],"picked":"Thunderclap","floor":1.0},{"not_picked":["Thunderclap","Anger"],"picked":"Twin Strike","floor":4.0},{"not_picked":["Rampage","Rupture"],"picked":"Uppercut","floor":7.0},{"not_picked":["Thunderclap","Whirlwind"],"picked":"Battle Trance","floor":10.0},{"not_picked":["Rupture","Twin Strike"],"picked":"True Grit","floor":12.0},{"not_picked":["Havoc","Rampage","Twin Strike"],"picked":"SKIP","floor":13.0},{"not_picked":["Twin Strike","Hemokinesis","Warcry"],"picked":"SKIP","floor":14.0},{"not_picked":["Bludgeon","Barricade"],"picked":"Corruption","floor":16.0},{"not_picked":["Uppercut","Heavy Blade+1","Armaments"],"picked":"SKIP","floor":18.0},{"not_picked":["Flex","Wild Strike"],"picked":"Anger+1","floor":20.0},{"not_picked":["Iron Wave+1","Dropkick"],"picked":"Spot Weakness+1","floor":22.0},{"not_picked":["True Grit","Anger","Sword Boomerang"],"picked":"SKIP","floor":24.0},{"not_picked":["Anger","Shrug It Off+1"],"picked":"Dark Embrace","floor":28},{"not_picked":["Flex","Ghostly Armor"],"picked":"Dual Wield","floor":29},{"not_picked":["True Grit","Pommel Strike"],"picked":"Entrench","floor":31},{"not_picked":["Demon Form","Limit Break"],"picked":"Barricade","floor":33},{"not_picked":["Warcry+1","Clash","Uppercut+1"],"picked":"SKIP","floor":35},{"not_picked":["Swift Strike","Blind"],"picked":"Dramatic Entrance","floor":38},{"not_picked":["Chrysalis","Swift Strike"],"picked":"HandOfGreed","floor":38},{"not_picked":["Finesse","Flash of Steel"],"picked":"Bandage Up","floor":38},{"not_picked":["Sword Boomerang+1","Combust","Rupture"],"picked":"SKIP","floor":39},{"not_picked":["Clash","True Grit"],"picked":"Body Slam","floor":40},{"not_picked":["Iron Wave","Clothesline"],"picked":"Shockwave+1","floor":41},{"not_picked":["Blood for Blood","Cleave","Twin Strike"],"picked":"SKIP","floor":44},{"not_picked":["Rupture","Whirlwind"],"picked":"Spot Weakness","floor":45},{"not_picked":["True Grit","Heavy Blade+1"],"picked":"Rage+1","floor":46},{"not_picked":["Fiend Fire","Dual Wield","Havoc"],"picked":"Singing Bowl","floor":47},{"not_picked":["Pommel Strike+1","Perfected Strike"],"picked":"Entrench","floor":48},{"not_picked":["Pommel Strike","Iron Wave"],"picked":"Reaper","floor":55}],"player_experience":2922965,"relics_obtained":[{"floor":5.0,"key":"Meat on the Bone"},{"floor":7.0,"key":"Dream Catcher"},{"floor":9.0,"key":"Nunchaku"},{"floor":10.0,"key":"Omamori"},{"floor":21.0,"key":"Red Skull"},{"floor":24.0,"key":"InkBottle"},{"floor":26.0,"key":"Ornamental Fan"},{"floor":27.0,"key":"Bottled Tornado"},{"floor":29,"key":"Mango"},{"floor":32,"key":"Bag of Marbles"},{"floor":37,"key":"Dead Branch"},{"floor":40,"key":"Oddly Smooth Stone"},{"floor":45,"key":"Singing Bowl"},{"floor":48,"key":"Sundial"},{"floor":53,"key":"Pantograph"},{"floor":55,"key":"Happy Flower"}],"event_choices":[{"damage_healed":0.0,"max_hp_gain":0.0,"max_hp_loss":0.0,"gold_gain":0.0,"event_name":"Accursed Blacksmith","player_choice":"Rummage","floor":2.0,"gold_loss":0.0,"damage_taken":0.0,"relics_obtained":["WarpedTongs"],"cards_obtained":["Pain"]},{"damage_healed":0.0,"max_hp_gain":0.0,"max_hp_loss":0.0,"gold_gain":0.0,"event_name":"Addict","player_choice":"Obtained Relic","floor":25.0,"gold_loss":85.0,"damage_taken":0.0,"relics_obtained":["Shovel"]},{"damage_healed":0,"gold_gain":0,"player_choice":"Ignored","damage_taken":0,"max_hp_gain":0,"max_hp_loss":0,"event_name":"Ghosts","floor":30,"gold_loss":0},{"damage_healed":0,"gold_gain":0,"player_choice":"Fight","damage_taken":0,"max_hp_gain":0,"max_hp_loss":0,"event_name":"Mysterious Sphere","floor":37,"gold_loss":0},{"damage_healed":0,"gold_gain":0,"player_choice":"Memory 3","damage_taken":10,"max_hp_gain":0,"max_hp_loss":0,"event_name":"SensoryStone","floor":38,"gold_loss":0}],"is_beta":false,"boss_relics":[{"not_picked":["Cursed Key","Sozu"],"picked":"Coffee Dripper"},{"not_picked":["Black Star","Black Blood"],"picked":"SlaversCollar"}],"items_purged_floors":[3,36],"is_endless":false,"potions_floor_spawned":[4,7,14,16,24,28,31,33,39,44,45,47,55],"ascension_level":20}}