{"host":"u499vgr0907g2fby","time":1609644245,"event":{"mods":["BaseMod","Downfall","Googly Eyes","Minty Spire (QoL Compilation)","StSLib"],"gold_per_floor":[99,111,111,111,111,130,212,246,258,258,289,305,35,85,100,204,204,129,149,149,168,268,286,335,347,379,389,489,506,506,541,561,662,662,662,677,677,730,1080,1080,1104,1114,1039,1064,250,285,285,311,321,321],"floor_reached":51,"playtime":5402,"items_purged":["Regret"],"score":919,"play_id":"046dcf0c-debc-4a34-b34f-cafd3f300a9a","local_time":"20210102232405","is_ascension_mode":true,"campfire_choices":[{"data":"sneckomod:Unknown","floor":1,"key":"SMITH"},{"data":"sneckomod:UnknownRarePower","floor":18,"key":"SMITH"},{"floor":30,"key":"REST"},{"floor":35,"key":"RECALL"},{"floor":43,"key":"REST"},{"floor":47,"key":"REST"}],"circlet_count":0,"master_deck":["sneckomod:TailWhip","sneckomod:SnekBite","sneckomod:Unknown+1","sneckomod:SnakeSap+1","sneckomod:Unknown3Cost","sneckomod:QuickBite+1","expansioncontent:DecasProtection","sneckomod:UnknownUncommonPower","sneckomod:ImprovisedAttack+1","sneckomod:UnknownUncommonSkill","sneckomod:IronFang+1","sneckomod:UnknownRarePower+1","sneckomod:SoulExchange","sneckomod:SnekBeam+1","sneckomod:DiceCrush+1","sneckomod:WideSting+1","sneckomod:UnknownUncommonAttack+1","sneckomod:DiceBlock+1","sneckomod:UnknownUncommonAttack+1","sneckomod:SnekBeam+1","sneckomod:QuickMove+1","sneckomod:IronFang+1","sneckomod:UnknownBlock","sneckomod:MorePower","sneckomod:SnekBeam+1","sneckomod:DiceBlock","sneckomod:UnknownBlock+1","sneckomod:UnknownUncommonPower+1","sneckomod:UnknownRareSkill","sneckomod:UnknownCommonSkill+1","sneckomod:UnknownClassSLIMEBOUND+1","sneckomod:SnekBeam+1","sneckomod:UnknownWeak+1","sneckomod:QuickBite+1","sneckomod:UnknownUncommonAttack+1","sneckomod:QuickBite+1","sneckomod:SnekBeam+1","sneckomod:UnknownRarePower","sneckomod:UnknownRareAttack+1","sneckomod:QuickMove+1","sneckomod:Cheat"],"relics":["SlaversCollar","Toy Ornithopter","Molten Egg 2","Anchor","Boot","Oddly Smooth Stone","Pandora\u0027s Box","downfall:HeartBlessingGreen","Nilry\u0027s Codex","Nunchaku","CaptainsWheel","MutagenicStrength","Meat on the Bone","Fusion Hammer","Ginger","Old Coin","PreservedInsect","downfall:HeartBlessingRed","sneckomod:LoadedDie","Vajra","Letter Opener","Lee\u0027s Waffle","Ancient Tea Set","sneckomod:ConfusingCodex"],"acts_visited":["Exordium","TheCity","TheBeyond"],"potions_floor_usage":[8,15,16,16,23,31,33,33,46,48,50,50,50],"damage_taken":[{"damage":16,"enemies":"Jaw Worm","floor":2,"turns":5},{"damage":1,"enemies":"Small Slimes","floor":6,"turns":3},{"damage":30,"enemies":"3 Sentries","floor":8,"turns":7},{"damage":3,"enemies":"Cultist","floor":9,"turns":2},{"damage":12,"enemies":"Gremlin Nob","floor":11,"turns":3},{"damage":1,"enemies":"2 Fungi Beasts","floor":12,"turns":2},{"damage":8,"enemies":"downfall:FleeingMerchant","floor":13,"turns":5},{"damage":0,"enemies":"Exordium Thugs","floor":15,"turns":3},{"damage":7,"enemies":"downfall:Watcher","floor":16,"turns":7},{"damage":0,"enemies":"Chosen","floor":19,"turns":3},{"damage":6,"enemies":"Spheric Guardian","floor":21,"turns":3},{"damage":32,"enemies":"Cultist and Chosen","floor":23,"turns":5},{"damage":20,"enemies":"Snake Plant","floor":25,"turns":4},{"damage":22,"enemies":"Gremlin Leader","floor":26,"turns":6},{"damage":11,"enemies":"Snecko","floor":27,"turns":3},{"damage":5,"enemies":"downfall:Augmenter","floor":28,"turns":4},{"damage":0,"enemies":"Cultist and Chosen","floor":29,"turns":5},{"damage":26,"enemies":"Slavers","floor":31,"turns":4},{"damage":0,"enemies":"Shelled Parasite and Fungi","floor":32,"turns":5},{"damage":18,"enemies":"downfall:Silent","floor":33,"turns":5},{"damage":0,"enemies":"3 Darklings","floor":36,"turns":4},{"damage":33,"enemies":"2 Orb Walkers","floor":38,"turns":4},{"damage":15,"enemies":"Mind Bloom Boss Battle","floor":39,"turns":4},{"damage":0,"enemies":"Orb Walker","floor":42,"turns":6},{"damage":0,"enemies":"downfall:FleeingMerchant","floor":45,"turns":4},{"damage":2,"enemies":"Reptomancer","floor":46,"turns":3},{"damage":2,"enemies":"Giant Head","floor":48,"turns":5},{"damage":0,"enemies":"4 Shapes","floor":49,"turns":1},{"damage":6,"enemies":"downfall:Defect","floor":50,"turns":6}],"seed_played":"8565958449937141038","potions_obtained":[{"floor":5,"key":"Fire Potion"},{"floor":5,"key":"BlessingOfTheForge"},{"floor":5,"key":"GamblersBrew"},{"floor":6,"key":"ColorlessPotion"},{"floor":11,"key":"EssenceOfSteel"},{"floor":15,"key":"Slimebound:ThreeZeroPotion"},{"floor":19,"key":"sneckomod:MuddlingPotion"},{"floor":27,"key":"BlessingOfTheForge"},{"floor":29,"key":"LiquidBronze"},{"floor":31,"key":"champ:CounterPotion"},{"floor":48,"key":"sneckomod:OffclassReductionPotion"},{"floor":49,"key":"EssenceOfSteel"}],"is_trial":false,"path_per_floor":["R","M","?","?","?","M","T","E","M","?","E","M","$","T","M","B",null,"R","M","?","M","?","M","T","M","E","M","?","M","R","E","M","B",null,"R","M","?","?","?","?","T","M","R","T","$","E","R","E","M","B",null],"character_chosen":"THE_SNECKO","items_purchased":["sneckomod:UnknownUncommonAttack+1","sneckomod:IronFang+1","expansioncontent:Torchfire+1","Vajra","Letter Opener","Lee\u0027s Waffle","sneckomod:QuickBite+1","sneckomod:SnekBeam+1","Slimebound:ThreeZeroPotion","ColorlessPotion"],"campfire_rested":3,"item_purchase_floors":[13,13,13,45,45,45,45,45,45,45],"current_hp_per_floor":[90,74,67,67,67,66,66,41,38,38,26,25,17,17,22,25,90,90,90,74,68,68,61,61,41,19,8,3,3,30,9,36,40,90,90,90,90,57,69,69,69,69,90,90,97,95,97,97,97,97],"gold":321,"neow_bonus":"BOSS_RELIC","is_daily":false,"chose_seed":false,"campfire_upgraded":2,"win_rate":0.0,"timestamp":1609644245,"path_taken":["R","M","?","?","?","?","T","E","M","?","E","M","$","?","M","BOSS","R","M","?","M","?","M","T","?","E","M","?","M","R","E","M","BOSS","R","M","?","?","?","?","T","?","R","?","$","E","R","E","M","BOSS"],"items_purchased_type":["Card","Card","Card","Relic","Relic","Relic","Card","Card","Potion","Potion"],"build_version":"2020-12-22","purchased_purges":1,"victory":true,"max_hp_per_floor":[90,90,90,90,90,90,90,90,90,90,90,90,90,90,90,90,90,90,90,90,90,90,90,90,90,90,90,90,90,90,90,90,90,90,90,90,90,90,90,90,90,90,90,90,97,97,97,97,97,97],"card_choices":[{"not_picked":["sneckomod:UnknownVulnerable","sneckomod:UnknownClassGUARDIAN"],"picked":"sneckomod:SnakeSap","floor":2},{"not_picked":["sneckomod:Nope","sneckomod:QuickMove","sneckomod:UnknownClassPURPLE"],"picked":"SKIP","floor":6},{"not_picked":["sneckomod:TrashToTreasure","sneckomod:PureSnecko"],"picked":"sneckomod:Unknown3Cost","floor":8},{"not_picked":["sneckomod:UnknownVulnerable","sneckomod:RainOfDice+1","sneckomod:UnknownCommonSkill"],"picked":"SKIP","floor":9},{"not_picked":["sneckomod:WideSting+1","sneckomod:UnknownUncommonSkill"],"picked":"sneckomod:UnknownUncommonPower","floor":11},{"not_picked":["sneckomod:SerpentIdol","sneckomod:UnknownClassSLIMEBOUND"],"picked":"sneckomod:ImprovisedAttack+1","floor":12},{"not_picked":["sneckomod:UnknownClassGREEN","sneckomod:DiceBlock"],"picked":"sneckomod:UnknownUncommonSkill","floor":13},{"not_picked":["sneckomod:UnknownExhaust","sneckomod:PureSnecko","sneckomod:SoulDraw"],"picked":"SKIP","floor":15},{"not_picked":["sneckomod:Unknown3Cost","sneckomod:SerpentMind"],"picked":"sneckomod:UnknownRarePower","floor":16},{"not_picked":["sneckomod:RainOfDice+1","sneckomod:SoulRoll"],"picked":"sneckomod:DiceBlock+1","floor":19},{"not_picked":["sneckomod:UnknownBlock+1","sneckomod:UnknownVulnerable"],"picked":"sneckomod:UnknownUncommonAttack+1","floor":21},{"not_picked":["sneckomod:SoulCleanse","sneckomod:DiceBlock"],"picked":"sneckomod:SnekBeam+1","floor":23},{"not_picked":["sneckomod:UnknownUncommonAttack+1","sneckomod:SerpentIdol+1"],"picked":"sneckomod:QuickMove+1","floor":25},{"not_picked":["sneckomod:QuickMove","sneckomod:CheapStock"],"picked":"sneckomod:IronFang+1","floor":26},{"not_picked":["sneckomod:IronFang+1","sneckomod:Nope"],"picked":"sneckomod:UnknownBlock","floor":27},{"not_picked":["sneckomod:UnknownClassGUARDIAN","sneckomod:Unknown1Cost"],"picked":"sneckomod:MorePower","floor":28},{"not_picked":["sneckomod:DefensiveFlair","sneckomod:Unknown1Cost","sneckomod:UnknownClassBLUE"],"picked":"SKIP","floor":29},{"not_picked":["sneckomod:UnknownClassSLIMEBOUND+1","sneckomod:UnknownUncommonAttack+1"],"picked":"sneckomod:UnknownBlock+1","floor":31},{"not_picked":["sneckomod:RainOfDice+1","sneckomod:Nope","sneckomod:UnknownCommonSkill"],"picked":"SKIP","floor":31},{"not_picked":["sneckomod:UnknownCommonSkill","sneckomod:DiceCrush+1","sneckomod:Nope"],"picked":"SKIP","floor":32},{"not_picked":["sneckomod:Unknown+1","sneckomod:UnknownClassGUARDIAN+1"],"picked":"sneckomod:UnknownUncommonPower+1","floor":33},{"not_picked":["sneckomod:UnlimitedRolls","sneckomod:SoulExchange"],"picked":"sneckomod:UnknownRareSkill","floor":33},{"not_picked":["sneckomod:Unknown1Cost+1","sneckomod:UnknownBlock"],"picked":"sneckomod:UnknownCommonSkill+1","floor":36},{"not_picked":["sneckomod:UnknownClassBLUE+1","sneckomod:UnknownClassRED+1"],"picked":"sneckomod:UnknownClassSLIMEBOUND+1","floor":38},{"not_picked":["sneckomod:UnknownClassGUARDIAN","sneckomod:RainOfDice+1"],"picked":"sneckomod:SnekBeam+1","floor":38},{"not_picked":["sneckomod:Unknown1Cost","sneckomod:UnknownClassGUARDIAN+1"],"picked":"sneckomod:UnknownWeak+1","floor":39},{"not_picked":["sneckomod:SoulDraw+1","sneckomod:DiceCrush+1"],"picked":"sneckomod:QuickBite+1","floor":42},{"not_picked":["sneckomod:UnknownVulnerable+1","sneckomod:Unknown2Cost+1","sneckomod:UnknownBlock+1"],"picked":"SKIP","floor":42},{"not_picked":["sneckomod:MasterEye+1","sneckomod:UnknownBlock"],"picked":"sneckomod:UnknownUncommonAttack+1","floor":45},{"not_picked":["sneckomod:UnknownClassPURPLE+1","sneckomod:UnknownStrike+1"],"picked":"sneckomod:UnknownRarePower","floor":46},{"not_picked":["sneckomod:UnknownClassHEXA_GHOST_PURPLE+1","sneckomod:Unknown1Cost+1"],"picked":"sneckomod:UnknownRareAttack+1","floor":48},{"not_picked":["sneckomod:SoulDraw","sneckomod:UnknownStrike+1"],"picked":"sneckomod:QuickMove+1","floor":48},{"not_picked":["sneckomod:SoulDraw","sneckomod:UnknownUncommonPower"],"picked":"sneckomod:Cheat","floor":49}],"player_experience":1918907,"relics_obtained":[{"floor":7,"key":"Molten Egg 2"},{"floor":8,"key":"Anchor"},{"floor":11,"key":"Boot"},{"floor":14,"key":"Oddly Smooth Stone"},{"floor":20,"key":"Nilry\u0027s Codex"},{"floor":24,"key":"Nunchaku"},{"floor":26,"key":"CaptainsWheel"},{"floor":28,"key":"MutagenicStrength"},{"floor":31,"key":"Meat on the Bone"},{"floor":38,"key":"Ginger"},{"floor":39,"key":"Old Coin"},{"floor":41,"key":"PreservedInsect"},{"floor":44,"key":"sneckomod:LoadedDie"},{"floor":46,"key":"Ancient Tea Set"},{"floor":48,"key":"sneckomod:ConfusingCodex"}],"event_choices":[{"damage_healed":0,"gold_gain":0,"player_choice":"Success","damage_taken":7,"relics_obtained":["Toy Ornithopter"],"max_hp_gain":0,"max_hp_loss":0,"event_name":"Scrap Ooze","floor":3,"gold_loss":0},{"damage_healed":0,"gold_gain":0,"player_choice":"Got Potions","damage_taken":0,"max_hp_gain":0,"max_hp_loss":0,"event_name":"Lab","floor":5,"gold_loss":0},{"cards_removed":["expansioncontent:Torchfire"],"damage_healed":0,"gold_gain":0,"player_choice":"Removed Attack","damage_taken":0,"max_hp_gain":0,"max_hp_loss":0,"event_name":"Falling","floor":37,"gold_loss":0},{"damage_healed":0,"gold_gain":0,"player_choice":"Fight","damage_taken":0,"max_hp_gain":0,"max_hp_loss":0,"event_name":"Mysterious Sphere","floor":38,"gold_loss":0},{"cards_removed":["sneckomod:Unknown"],"damage_healed":0,"gold_gain":0,"player_choice":"Purged","damage_taken":0,"max_hp_gain":0,"max_hp_loss":0,"event_name":"Purifier","floor":40,"gold_loss":0}],"is_beta":false,"boss_relics":[{"not_picked":["Snecko Eye","Velvet Choker"],"picked":"Pandora\u0027s Box"},{"not_picked":["Empty Cage","Philosopher\u0027s Stone"],"picked":"Fusion Hammer"}],"items_purged_floors":[13],"is_endless":false,"potions_floor_spawned":[6,11,15,19,27,29,31,48,49],"ascension_level":1}}