{"host":"nomlpa5ttaaqphus","time":1609641995,"event":{"mods":["100% Spire Juice","BaseMod","Colored Powertips","Minty Spire (QoL Compilation)","StSLib"],"gold_per_floor":[53,72,90,110,125,125,155,155,155,155,175,202,202,220,220,325,325,343,195,212,225,244,244,277,277,322,322,322,354,364,279,279,381,381,393,411,411],"floor_reached":36,"playtime":4119,"items_purged":[],"score":468,"play_id":"c45fbfab-4794-4322-a254-03ba9d50c31f","local_time":"20210102224635","is_ascension_mode":false,"campfire_choices":[{"data":"Moonworks:BeyondHell","floor":6.0,"key":"SMITH"},{"data":"Moonworks:MeltingMemories","floor":8.0,"key":"SMITH"},{"data":"Moonworks:Ambush","floor":13.0,"key":"SMITH"},{"floor":15.0,"key":"REST"},{"data":"Moonworks:LeapThroughSpace","floor":23.0,"key":"SMITH"},{"data":"Moonworks:Wanted","floor":25.0,"key":"SMITH"},{"floor":27.0,"key":"RECALL"},{"data":"Moonworks:PlushieMaster","floor":32.0,"key":"SMITH"}],"circlet_count":0,"master_deck":["Moonworks:Strike","Moonworks:Defend","Moonworks:Defend","Moonworks:Defend","Moonworks:Defend","Moonworks:Ambush+1","Moonworks:LongDistanceShot","Moonworks:DeployBits","Moonworks:MetallicMonocoque","Moonworks:ImOnFire","Moonworks:BeyondHell+1","Moonworks:MeltingMemories+1","Moonworks:WindyEnchantment","Moonworks:Wanted+1","Moonworks:LuckyCharm+1","Moonworks:RagingMadness+1","Moonworks:Heat300Percent+1","Moonworks:PlushieMaster+1","Moonworks:LeapThroughSpace+1","Moonworks:MiracleWalker","Moonworks:Dinner","Moonworks:Wanted"],"relics":["Moonworks:BrokenBomb","Moonworks:Homemark","Ginger","InkBottle","Lantern","Astrolabe","StoneCalendar","HornCleat","Mummified Hand","Busted Crown"],"acts_visited":["Exordium","TheCity","TheBeyond"],"potions_floor_usage":[],"damage_taken":[{"damage":7.0,"enemies":"Small Slimes","floor":1.0,"turns":18.0},{"damage":5.0,"enemies":"Cultist","floor":2.0,"turns":4.0},{"damage":0.0,"enemies":"Jaw Worm","floor":3.0,"turns":3.0},{"damage":0.0,"enemies":"2 Fungi Beasts","floor":4.0,"turns":4.0},{"damage":1.0,"enemies":"Looter","floor":5.0,"turns":2.0},{"damage":0.0,"enemies":"Gremlin Nob","floor":7.0,"turns":2.0},{"damage":6.0,"enemies":"Exordium Thugs","floor":11.0,"turns":5.0},{"damage":3.0,"enemies":"Lagavulin","floor":12.0,"turns":6.0},{"damage":0.0,"enemies":"Gremlin Gang","floor":14.0,"turns":1.0},{"damage":38.0,"enemies":"Hexaghost","floor":16.0,"turns":6.0},{"damage":3.0,"enemies":"3 Byrds","floor":18.0,"turns":3.0},{"damage":5.0,"enemies":"Shell Parasite","floor":20.0,"turns":3.0},{"damage":0.0,"enemies":"3 Cultists","floor":21.0,"turns":2.0},{"damage":7.0,"enemies":"Centurion and Healer","floor":22.0,"turns":3.0},{"damage":33.0,"enemies":"Book of Stabbing","floor":24.0,"turns":4.0},{"damage":12.0,"enemies":"Gremlin Leader","floor":29.0,"turns":3.0},{"damage":0.0,"enemies":"Snecko","floor":30.0,"turns":4.0},{"damage":29.0,"enemies":"Champ","floor":33.0,"turns":7.0},{"damage":0.0,"enemies":"3 Shapes","floor":35.0,"turns":2.0},{"damage":12,"enemies":"Orb Walker","floor":36,"turns":3}],"seed_played":"208484179179351398","potions_obtained":[{"floor":1.0,"key":"Explosive Potion"},{"floor":5.0,"key":"GamblersBrew"},{"floor":7.0,"key":"SteroidPotion"},{"floor":12.0,"key":"LiquidBronze"}],"is_trial":false,"path_per_floor":["M","M","M","M","M","R","E","R","T","?","M","E","R","M","R","B",null,"M","$","M","M","M","R","E","R","T","R","?","E","M","?","R","B",null,"M","M"],"character_chosen":"THE_STARBREAKER","items_purchased":["Moonworks:PlushieMaster"],"campfire_rested":1,"item_purchase_floors":[19],"current_hp_per_floor":[53,48,48,48,47,47,47,47,47,47,41,38,38,38,56,18,60,57,57,52,52,43,43,49,49,49,49,49,46,51,51,51,39,60,60,51,51],"gold":411,"neow_bonus":"ONE_RANDOM_RARE_CARD","is_daily":false,"chose_seed":false,"campfire_upgraded":6,"win_rate":0.0,"timestamp":1609641995,"path_taken":["M","M","M","M","M","R","E","R","T","?","?","E","R","M","R","BOSS","M","$","M","M","M","R","E","R","T","R","?","E","M","?","R","BOSS","M","M"],"items_purchased_type":["Card"],"build_version":"2020-12-22","purchased_purges":0,"victory":false,"max_hp_per_floor":[60,60,60,60,60,60,60,60,60,60,60,60,60,60,60,60,60,60,60,60,60,60,60,60,60,60,60,60,60,60,60,60,60,60,60,60,60],"card_choices":[{"not_picked":["Moonworks:Flamethrower","Moonworks:ImmovableObject","Moonworks:DeployBits"],"picked":"SKIP","floor":1.0},{"not_picked":["Moonworks:SakisCookie","Moonworks:TacticalRetreat","Moonworks:DeployBits"],"picked":"SKIP","floor":2.0},{"not_picked":["Moonworks:JonathanRush","Moonworks:LulusLuckyEgg"],"picked":"Moonworks:ImOnFire","floor":3.0},{"not_picked":["Moonworks:UnpaidWork","Moonworks:LulusLuckyEgg"],"picked":"Moonworks:BeyondHell","floor":4.0},{"not_picked":["Moonworks:JonathanRush","Moonworks:LulusLuckyEgg","Moonworks:Assault"],"picked":"SKIP","floor":5.0},{"not_picked":["Moonworks:Assault","Moonworks:DeployBits"],"picked":"Moonworks:MeltingMemories","floor":7.0},{"not_picked":["Moonworks:CloudOfSeagulls","Moonworks:TacticalRetreat","Moonworks:IndiscriminateFireSupport"],"picked":"SKIP","floor":11.0},{"not_picked":["Moonworks:ImOnFire","Moonworks:OutOfAmmo"],"picked":"Moonworks:WindyEnchantment","floor":12.0},{"not_picked":["Moonworks:JonathanRush","Moonworks:DeployBits","Moonworks:LulusLuckyEgg"],"picked":"SKIP","floor":14.0},{"not_picked":["Moonworks:CrystalBarrier","Moonworks:StarBlastingFuse"],"picked":"Moonworks:Wanted","floor":16.0},{"not_picked":["Moonworks:LulusLuckyEgg","Moonworks:IndiscriminateFireSupport+1","Moonworks:JonathanRush"],"picked":"SKIP","floor":18.0},{"not_picked":["Moonworks:LulusLuckyEgg","Moonworks:ForcedRevival","Moonworks:SakisCookie"],"picked":"SKIP","floor":20.0},{"not_picked":["Moonworks:BigMagnum","Moonworks:MiracleRedBeanIceCream"],"picked":"Moonworks:LeapThroughSpace","floor":21.0},{"not_picked":["Moonworks:StiffCrystal","Moonworks:JonathanRush+1"],"picked":"Moonworks:MiracleWalker","floor":22.0},{"not_picked":["Moonworks:CloudOfSeagulls","Moonworks:LulusLuckyEgg"],"picked":"Moonworks:Dinner","floor":24.0},{"not_picked":["Moonworks:CastOff","Moonworks:ForcedRevival","Moonworks:IndiscriminateFireSupport"],"picked":"SKIP","floor":29.0},{"not_picked":["Moonworks:EvilSpyWorkPreparation","Moonworks:ImOnFire","Moonworks:IntelligenceOfficer+1"],"picked":"SKIP","floor":30.0},{"not_picked":["Moonworks:OutOfAmmo","Moonworks:MetallicMonocoque"],"picked":"Moonworks:Wanted","floor":33.0},{"not_picked":["Moonworks:x16BigRocket"],"picked":"SKIP","floor":35.0},{"not_picked":["Moonworks:LulusLuckyEgg"],"picked":"SKIP","floor":36}],"player_experience":52564,"relics_obtained":[{"floor":7.0,"key":"Ginger"},{"floor":9.0,"key":"InkBottle"},{"floor":12.0,"key":"Lantern"},{"floor":24.0,"key":"StoneCalendar"},{"floor":29.0,"key":"HornCleat"}],"event_choices":[{"damage_healed":0.0,"max_hp_gain":0.0,"max_hp_loss":0.0,"gold_gain":0.0,"event_name":"NoteForYourself","player_choice":"Ignored","floor":10.0,"gold_loss":0.0,"damage_taken":0.0},{"damage_healed":0.0,"max_hp_gain":0.0,"max_hp_loss":0.0,"gold_gain":0.0,"event_name":"The Mausoleum","player_choice":"Ignored","floor":28.0,"gold_loss":0.0,"damage_taken":0.0},{"damage_healed":0.0,"max_hp_gain":0.0,"max_hp_loss":0.0,"gold_gain":0.0,"event_name":"Addict","player_choice":"Obtained Relic","floor":31.0,"gold_loss":85.0,"damage_taken":0.0,"relics_obtained":["Mummified Hand"]}],"is_beta":false,"boss_relics":[{"not_picked":["SacredBark","Snecko Eye"],"picked":"Astrolabe"},{"not_picked":["Tiny House","Fusion Hammer"],"picked":"Busted Crown"}],"items_purged_floors":[],"is_endless":false,"potions_floor_spawned":[1,5,7,12,14,18,21,30],"killed_by":"Orb Walker","ascension_level":0}}