{"host":"5fasz840ryq7obdf","time":1609686349,"event":{"mods":["2.2 Compatiblity","AchievementEnabler","BaseMod","Bestiary","Better Altar","Better Skull","Better Third Choice","BetterRewards","Block Reminder","Colored Powertips","Curses Come First","Downfall","Minty Spire (QoL Compilation)","Quick Restart","Relic Sorter","Relic Stats","Shop Mod","Spicy Shops","StSLib","SuperFastMode","ojb\u0027s Better Paths Mod","ojb\u0027s Info Mod"],"gold_per_floor":[99,99,160,260,260,260,333,333,344,44,44,72,72,85,102,199,199,199,215,231,250,250,276,276,295,321,321,340,354,389,401,417,513,513,513,526,36,52,69,69,69,69,14,49,49,83,102,114,134,134],"floor_reached":51,"playtime":4295,"items_purged":["Slimebound:Strike_Slimebound"],"score":963,"play_id":"62f4cba6-4f43-433c-9e1a-fc3afe4414b5","local_time":"20210103150549","is_ascension_mode":true,"campfire_choices":[{"data":"Slimebound:Split","floor":1.0,"key":"SMITH"},{"data":"Slimebound:SamplingLick","floor":13.0,"key":"SMITH"},{"data":"Slimebound:Teamwork","floor":18.0,"key":"SMITH"},{"data":"Slimebound:CorrosiveSpit","floor":27.0,"key":"SMITH"},{"data":"Slimebound:SlimeSlap","floor":35,"key":"SMITH"},{"floor":40,"key":"RECALL"},{"data":"Slimebound:SplitSpecialist","floor":42,"key":"SMITH"}],"circlet_count":0,"master_deck":["Slimebound:Strike_Slimebound","Slimebound:Tackle","Slimebound:Defend_Slimebound","Slimebound:Defend_Slimebound","Slimebound:Defend_Slimebound","Slimebound:Split+1","Slimebound:CorrosiveSpit+1","Slimebound:SamplingLick+1","Slimebound:SplitAcid","Slimebound:ItLooksTasty","Slimebound:LevelUp","Slimebound:Equalize","Slimebound:LevelUp","Slimebound:Equalize","Slimebound:SplitMire","Slimebound:Teamwork+1","Slimebound:AcidTongue","Slimebound:LeechLife","Slimebound:SplitSpecialist+1","Slimebound:DivideAndConquer","Slimebound:SamplingLick","Slimebound:Gluttony","Slimebound:SplitLeeching","Slimebound:GoopSpray","Slimebound:LevelUp","Slimebound:MegaLick","Slimebound:SpikyOuterGoop","Slimebound:SplitSpecialist","Slimebound:SlimeSlap+1","Slimebound:TongueLash+1","Slimebound:Overexert","CurseOfTheBell","Slimebound:SamplingLick","Slimebound:AcidTongue+1","Slimebound:Gluttony","Slimebound:Replication","Slimebound:Teamwork+1","Slimebound:LeadByExample+1","Slimebound:HauntingLick","Slimebound:WasteNot","Slimebound:MegaLick","Slimebound:SlimeSlap","expansioncontent:Chronoboost","Slimebound:Darklings","Slimebound:PressTheAttack","Slimebound:DouseInSlime","Slimebound:HauntingLick+1"],"relics":["Slimebound:AbsorbEndCombatUpgraded","downfall:HeartsMalice","Boot","Lizard Tail","Blue Candle","downfall:ShatteredFragment","Slimebound:AggressiveSlimeRelic","White Beast Statue","Slimebound:MaxSlimesRelic","Slimebound:SlimedSkullRelic","Singing Bowl","Pantograph","Calling Bell","Dream Catcher","Question Card","Incense Burner","Vajra","DollysMirror","Nunchaku","Thread and Needle","MealTicket"],"acts_visited":["Exordium","TheCity","TheBeyond"],"potions_floor_usage":[33,33,36,44,46,49,50],"damage_taken":[{"damage":0.0,"enemies":"2 Louse","floor":2.0,"turns":1.0},{"damage":0.0,"enemies":"Gremlin Nob","floor":3.0,"turns":1.0},{"damage":0.0,"enemies":"Jaw Worm","floor":5.0,"turns":1.0},{"damage":15.0,"enemies":"Small Slimes","floor":9.0,"turns":2.0},{"damage":20.0,"enemies":"downfall:FleeingMerchant","floor":10.0,"turns":4.0},{"damage":42.0,"enemies":"3 Sentries","floor":12.0,"turns":4.0},{"damage":7.0,"enemies":"Gremlin Gang","floor":14.0,"turns":2.0},{"damage":15.0,"enemies":"Blue Slaver","floor":15.0,"turns":2.0},{"damage":81.0,"enemies":"downfall:Defect","floor":16.0,"turns":6.0},{"damage":21.0,"enemies":"Chosen","floor":19.0,"turns":4.0},{"damage":28.0,"enemies":"3 Byrds","floor":20.0,"turns":3.0},{"damage":42.0,"enemies":"Cultist and Chosen","floor":21.0,"turns":5.0},{"damage":66.0,"enemies":"Book of Stabbing","floor":23.0,"turns":5.0},{"damage":20.0,"enemies":"Snecko","floor":25.0,"turns":4.0},{"damage":39.0,"enemies":"Gremlin Leader","floor":26.0,"turns":5.0},{"damage":52.0,"enemies":"Centurion and Healer","floor":28.0,"turns":4.0},{"damage":22.0,"enemies":"3 Cultists","floor":29.0,"turns":4.0},{"damage":39.0,"enemies":"Book of Stabbing","floor":30.0,"turns":4.0},{"damage":45.0,"enemies":"Shelled Parasite and Fungi","floor":31.0,"turns":3.0},{"damage":36.0,"enemies":"Cultist and Chosen","floor":32.0,"turns":4.0},{"damage":71,"enemies":"downfall:Silent","floor":33,"turns":6},{"damage":67,"enemies":"3 Darklings","floor":36,"turns":4},{"damage":17,"enemies":"downfall:FleeingMerchant","floor":37,"turns":4},{"damage":43,"enemies":"Orb Walker","floor":38,"turns":3},{"damage":23,"enemies":"Maw","floor":39,"turns":6},{"damage":37,"enemies":"downfall:FleeingMerchant","floor":43,"turns":4},{"damage":72,"enemies":"Nemesis","floor":44,"turns":7},{"damage":26,"enemies":"Reptomancer","floor":46,"turns":6},{"damage":52,"enemies":"Jaw Worm Horde","floor":47,"turns":5},{"damage":40,"enemies":"Spire Growth","floor":48,"turns":4},{"damage":29,"enemies":"4 Shapes","floor":49,"turns":3},{"damage":20,"enemies":"downfall:Watcher","floor":50,"turns":6}],"seed_played":"-8242439588176351548","potions_obtained":[{"floor":9.0,"key":"champ:CounterPotion"},{"floor":12.0,"key":"Explosive Potion"},{"floor":14.0,"key":"PowerPotion"},{"floor":15.0,"key":"Ancient Potion"},{"floor":16.0,"key":"GamblersBrew"},{"floor":19.0,"key":"Guardian:BlockOnCardUsePotion"},{"floor":23.0,"key":"DuplicationPotion"},{"floor":25.0,"key":"sneckomod:MuddlingPotion"},{"floor":26.0,"key":"Swift Potion"},{"floor":28.0,"key":"Fire Potion"},{"floor":29.0,"key":"champ:CounterPotion"},{"floor":33,"key":"Weak Potion"},{"floor":36,"key":"SkillPotion"},{"floor":37,"key":"FairyPotion"},{"floor":39,"key":"CultistPotion"},{"floor":44,"key":"SpeedPotion"},{"floor":45,"key":"DuplicationPotion"},{"floor":45,"key":"EssenceOfSteel"},{"floor":46,"key":"SteroidPotion"},{"floor":49,"key":"Slimebound:ThreeZeroPotion"}],"is_trial":false,"path_per_floor":["R","M","?","?","M","T","T","?","M","$","?","E","R","M","M","B",null,"R","M","M","M","?","E","T","M","E","R","M","M","E","M","M","B",null,"R","M","$","M","M","R","T","R","$","E","?","E","M","M","M","B",null],"character_chosen":"SLIMEBOUND","items_purchased":["Slimebound:AggressiveSlimeRelic","Slimebound:LevelUp","Slimebound:Equalize","Slimebound:Gluttony","Vajra","Slimebound:Replication","DollysMirror","Nunchaku","Slimebound:MegaLick","Slimebound:SlimeSlap","expansioncontent:Chronoboost"],"campfire_rested":0,"item_purchase_floors":[10,10,10,37,37,37,37,43,43,43,43],"current_hp_per_floor":[60,60,60,60,60,60,60,42,43,45,45,25,25,28,31,24,60,60,58,54,40,40,22,22,44,60,60,52,60,60,47,60,47,60,60,25,60,49,60,60,60,60,60,37,37,60,46,56,51,62],"gold":134,"neow_bonus":"THREE_ENEMY_KILL","is_daily":false,"chose_seed":false,"campfire_upgraded":6,"win_rate":0.0,"timestamp":1609686349,"path_taken":["R","M","?","?","M","?","T","?","?","$","?","E","R","M","M","BOSS","R","M","M","?","?","E","T","M","E","R","?","M","E","M","M","BOSS","R","M","$","?","M","R","T","R","?","E","?","E","M","?","M","BOSS"],"items_purchased_type":["Relic","Card","Card","Card","Relic","Card","Relic","Relic","Card","Card","Card"],"build_version":"2020-12-22","purchased_purges":1,"victory":true,"max_hp_per_floor":[60,60,60,60,60,60,60,60,60,60,60,60,60,60,60,60,60,60,60,60,60,60,60,60,60,60,60,60,60,60,60,60,60,60,60,60,60,60,60,60,60,60,60,60,60,60,62,62,62,62],"relic_stats":{"Lizard Tail":30,"Dream Catcher":0,"Nunchaku":[4],"Singing Bowl":2,"counters":[32,116],"Blue Candle":[2],"Pantograph":11,"MealTicket":0,"Boot":[47],"Question Card":10,"obtain_stats":[{"Slimebound:AggressiveSlimeRelic":10,"downfall:ShatteredFragment":8,"Singing Bowl":26,"Blue Candle":7,"Vajra":37,"downfall:HeartsMalice":0,"Thread and Needle":44,"Incense Burner":34,"Boot":3,"Question Card":34,"White Beast Statue":12,"Calling Bell":34,"Lizard Tail":6,"Dream Catcher":34,"Nunchaku":43,"Slimebound:MaxSlimesRelic":23,"DollysMirror":37,"Pantograph":30,"MealTicket":46,"Slimebound:AbsorbEndCombat":0,"Slimebound:AbsorbEndCombatUpgraded":17,"Slimebound:SlimedSkullRelic":24},{"Slimebound:AggressiveSlimeRelic":5,"downfall:ShatteredFragment":3,"Singing Bowl":15,"Blue Candle":3,"Vajra":23,"downfall:HeartsMalice":0,"Thread and Needle":27,"Incense Burner":21,"Boot":2,"Question Card":21,"White Beast Statue":6,"Calling Bell":21,"Lizard Tail":3,"Dream Catcher":21,"Nunchaku":26,"Slimebound:MaxSlimesRelic":13,"DollysMirror":23,"Pantograph":18,"MealTicket":28,"Slimebound:AbsorbEndCombat":0,"Slimebound:AbsorbEndCombatUpgraded":9,"Slimebound:SlimedSkullRelic":13},{"Slimebound:AggressiveSlimeRelic":6,"downfall:ShatteredFragment":0,"Singing Bowl":41,"Blue Candle":0,"Vajra":74,"downfall:HeartsMalice":0,"Thread and Needle":94,"Incense Burner":66,"Boot":0,"Question Card":66,"White Beast Statue":9,"Calling Bell":66,"Lizard Tail":0,"Dream Catcher":66,"Nunchaku":87,"Slimebound:MaxSlimesRelic":32,"DollysMirror":74,"Pantograph":53,"MealTicket":100,"Slimebound:AbsorbEndCombat":0,"Slimebound:AbsorbEndCombatUpgraded":19,"Slimebound:SlimedSkullRelic":32}]},"card_choices":[{"not_picked":["Slimebound:GoopSpray","Slimebound:ForwardTackle"],"picked":"Slimebound:SamplingLick","floor":2.0},{"not_picked":["Slimebound:ComboTackle","Slimebound:FinishingTackle"],"picked":"Slimebound:SplitAcid","floor":3.0},{"not_picked":["Slimebound:SplitBruiser","Slimebound:ViciousTackle"],"picked":"Slimebound:ItLooksTasty","floor":5.0},{"not_picked":["Slimebound:Grow","Slimebound:Schlurp"],"picked":"Slimebound:LevelUp","floor":9.0},{"not_picked":["Slimebound:GrowthPunch","Slimebound:LivingWall"],"picked":"Slimebound:Equalize","floor":10.0},{"not_picked":["Slimebound:GoopSpray","Slimebound:GrowthPunch"],"picked":"Slimebound:SplitMire","floor":12.0},{"not_picked":["Slimebound:LeechingTouch","Slimebound:Prepare"],"picked":"Slimebound:Teamwork","floor":14.0},{"not_picked":["Slimebound:Equalize","Slimebound:SamplingLick"],"picked":"Slimebound:AcidTongue","floor":15.0},{"not_picked":["Slimebound:SlimeSlap","Slimebound:MassRepurpose"],"picked":"Slimebound:LeechLife","floor":16.0},{"not_picked":["Slimebound:PressTheAttack+1","Slimebound:ComboTackle"],"picked":"Slimebound:SplitSpecialist","floor":19.0},{"not_picked":["Slimebound:SamplingLick","Slimebound:Schlurp"],"picked":"Slimebound:DivideAndConquer","floor":20.0},{"not_picked":["Slimebound:LeechingTouch","Slimebound:SplitBruiser"],"picked":"Slimebound:SamplingLick","floor":21.0},{"not_picked":["Slimebound:ViciousTackle+1","Slimebound:Equalize"],"picked":"Slimebound:SplitLeeching","floor":23.0},{"not_picked":["Slimebound:TongueLash","Slimebound:SplitLeeching"],"picked":"Slimebound:GoopSpray","floor":25.0},{"not_picked":["Slimebound:GoopSpray","Slimebound:RainOfGoop"],"picked":"Slimebound:LevelUp","floor":26.0},{"not_picked":["Slimebound:DivideAndConquer","Slimebound:FinishingTackle"],"picked":"Slimebound:MegaLick","floor":28.0},{"not_picked":["Slimebound:SlimeBrawl","Slimebound:ViciousTackle+1"],"picked":"Slimebound:SpikyOuterGoop","floor":29.0},{"not_picked":["Slimebound:PressTheAttack","Slimebound:SlimeTap"],"picked":"Slimebound:SplitSpecialist","floor":30.0},{"not_picked":["Slimebound:SlimeBrawl","Slimebound:GrowthPunch+1"],"picked":"Slimebound:SlimeSlap","floor":31.0},{"not_picked":["Slimebound:DivideAndConquer","Slimebound:SplitAcid"],"picked":"Slimebound:TongueLash+1","floor":32.0},{"not_picked":["Slimebound:MassRepurpose","Slimebound:Darklings"],"picked":"Slimebound:Overexert","floor":33},{"not_picked":["Slimebound:GrowthPunch","Slimebound:LeechEnergy+1","Slimebound:GoopSpray"],"picked":"Slimebound:SamplingLick","floor":36},{"not_picked":["Slimebound:SplitSpecialist","Slimebound:SplitAcid+1","Slimebound:SplitBruiser"],"picked":"Slimebound:AcidTongue+1","floor":37},{"not_picked":["Slimebound:DisruptingSlam+1","Slimebound:SpikyOuterGoop+1","Slimebound:FlameTackle+1"],"picked":"Slimebound:LeadByExample+1","floor":38},{"not_picked":["Slimebound:RejuvenatingLick+1","Slimebound:LeechingTouch","Slimebound:Nibble"],"picked":"Slimebound:HauntingLick","floor":39},{"not_picked":["Slimebound:SplitAcid","Slimebound:DisruptingSlam","Slimebound:LeechingTouch"],"picked":"Slimebound:WasteNot","floor":43},{"not_picked":["Slimebound:PressTheAttack","Slimebound:Chomp","Slimebound:DivideAndConquer+1"],"picked":"Slimebound:Darklings","floor":44},{"not_picked":["Slimebound:RollThrough+1","Slimebound:ViciousTackle","Slimebound:GoopSpray"],"picked":"Slimebound:PressTheAttack","floor":46},{"not_picked":["Slimebound:LeechEnergy","Slimebound:GrowthPunch+1","Slimebound:SlimeSpikes","Slimebound:Grow"],"picked":"Singing Bowl","floor":47},{"not_picked":["Slimebound:ComboTackle","Slimebound:RollThrough+1","Slimebound:Schlurp"],"picked":"Slimebound:DouseInSlime","floor":48},{"not_picked":["Slimebound:LeechEnergy+1","Slimebound:SplitMire","Slimebound:DivideAndConquer+1"],"picked":"Slimebound:HauntingLick+1","floor":49}],"player_experience":1432385,"relics_obtained":[{"floor":3.0,"key":"Boot"},{"floor":6.0,"key":"Lizard Tail"},{"floor":7.0,"key":"Blue Candle"},{"floor":12.0,"key":"White Beast Statue"},{"floor":23.0,"key":"Slimebound:MaxSlimesRelic"},{"floor":24.0,"key":"Slimebound:SlimedSkullRelic"},{"floor":26.0,"key":"Singing Bowl"},{"floor":30.0,"key":"Pantograph"},{"floor":34,"key":"Dream Catcher"},{"floor":34,"key":"Question Card"},{"floor":34,"key":"Incense Burner"},{"floor":44,"key":"Thread and Needle"},{"floor":46,"key":"MealTicket"}],"event_choices":[{"cards_removed":["Slimebound:Strike_Slimebound"],"damage_healed":0.0,"max_hp_gain":0.0,"max_hp_loss":0.0,"gold_gain":0.0,"event_name":"Bonfire Elementals","player_choice":"Offered Basic","floor":11.0,"gold_loss":0.0,"damage_taken":0.0},{"damage_healed":0.0,"max_hp_gain":0.0,"max_hp_loss":0.0,"gold_gain":0.0,"cards_transformed":["Slimebound:Defend_Slimebound"],"event_name":"Transmorgrifier","player_choice":"Transformed","floor":22.0,"gold_loss":0.0,"damage_taken":0.0,"cards_obtained":["Slimebound:Gluttony"]},{"damage_healed":0,"gold_gain":0,"player_choice":"Got Potions","damage_taken":0,"max_hp_gain":0,"max_hp_loss":0,"event_name":"Lab","floor":45,"gold_loss":0}],"is_beta":false,"boss_relics":[{"not_picked":["Astrolabe","Pandora\u0027s Box"],"picked":"Slimebound:AbsorbEndCombatUpgraded"},{"not_picked":["SacredBark","Fusion Hammer"],"picked":"Calling Bell"}],"items_purged_floors":[37],"is_endless":false,"potions_floor_spawned":[9,12,14,15,16,19,20,21,23,25,26,28,29,30,31,32,33,36,37,38,39,43,44,46,47,48,49],"ascension_level":3}}