{"host":"xs2umar4czbsv0xl","time":1609688382,"event":{"mods":["AchievementEnabler","BaseMod","Duelist Mod","Infinite Spire","Marisa????????","Minty Spire (QoL Compilation)","Replay The Spire","StSLib","Waifu the Spire"],"gold_per_floor":[111,111,129,180,180,211,223,253,330,363,363,380,39,49,102,207,207,126,146,2,2,14,42,42,55,55,88,88,108,128,0,0,103,103,115,115,115,115,115,178,178,192,217,289,289,326,100,123,123,123,123],"floor_reached":50,"playtime":4069,"items_purged":["Voices"],"score":657,"play_id":"3e0d0042-91d5-4310-a452-167a6726af9a","local_time":"20210103093942","is_ascension_mode":true,"campfire_choices":[{"floor":11.0,"key":"RECALL"},{"floor":28.0,"key":"DIG"},{"data":"Wraith","floor":45,"key":"PURGE"}],"circlet_count":0,"master_deck":["Strike_R","Strike_R","Strike_R","Strike_R","Strike_R","Defend_R+1","Defend_R","Defend_R+1","Defend_R","Bash+1","Shockwave","Clothesline","Flex","Clash","Cleave","Carnage","Massacre","Spot Weakness","Heavy Blade","Flame Barrier","Immolate","Hallucinations","Perfected Strike+1","Ghostly Armor+1","Armaments+1","Iron Wave+1","Wild Strike","ReplayTheSpireMod:Stacked","Flex","Thunderclap+1","Hemogenesis","Flex","Inflame+1","Demonic Infusion","Heavy Blade+1","Master of Strategy","Inflame+1","Sword Boomerang+1","Good Instincts","ReplayTheSpireMod:Stacked+1","ReplayTheSpireMod:Necrogeddon","Secret Technique","Poisoned Strike","Flame Barrier+1"],"relics":["Burning Blood","NeowsBlessing","Blue Doll","White Beast Statue","ReplayTheSpireMod:Spearhead","Gambling Chip","Potion Belt","MealTicket","Replay:Ancient Bell","War Paint","Frozen Egg 2","Replay:Multitool","Peace Pipe","Ginger","Pocketwatch","Darkstone Periapt","Honey Jar","CeramicFish","Sundial","Pet Ghost","ReplayTheSpireMod:ShopPack"],"acts_visited":["TheBeyond"],"potions_floor_usage":[46,46,50,50,50,50,50],"damage_taken":[{"damage":0.0,"enemies":"Jaw Worm","floor":1.0,"turns":1.0},{"damage":0.0,"enemies":"Cultist","floor":3.0,"turns":1.0},{"damage":0.0,"enemies":"Gremlin Nob","floor":6.0,"turns":1.0},{"damage":0.0,"enemies":"2 Louse","floor":7.0,"turns":2.0},{"damage":26.0,"enemies":"3 Sentries","floor":8.0,"turns":7.0},{"damage":11.0,"enemies":"Gremlin Nob","floor":10.0,"turns":3.0},{"damage":2.0,"enemies":"Blue Slaver","floor":12.0,"turns":3.0},{"damage":12.0,"enemies":"Red Slaver","floor":14.0,"turns":1.0},{"damage":39.0,"enemies":"Fading Forest","floor":16.0,"turns":11.0},{"damage":10.0,"enemies":"Spheric Guardian","floor":18.0,"turns":3.0},{"damage":22.0,"enemies":"2 Thieves","floor":19.0,"turns":3.0},{"damage":32.0,"enemies":"Centurion and Healer","floor":22.0,"turns":5.0},{"damage":44.0,"enemies":"Slavers","floor":23.0,"turns":5.0},{"damage":5.0,"enemies":"Snake Plant","floor":25.0,"turns":4.0},{"damage":28.0,"enemies":"Book of Stabbing","floor":27.0,"turns":7.0},{"damage":6.0,"enemies":"Snecko","floor":29.0,"turns":5.0},{"damage":14.0,"enemies":"Cultist and Chosen","floor":30.0,"turns":4.0},{"damage":32.0,"enemies":"Champ","floor":33.0,"turns":11.0},{"damage":32,"enemies":"3 Darklings","floor":35,"turns":4},{"damage":12,"enemies":"3 Shapes","floor":42,"turns":3},{"damage":42,"enemies":"Nemesis","floor":46,"turns":7},{"damage":14,"enemies":"Sphere and 2 Shapes","floor":48,"turns":5},{"damage":111,"enemies":"infinitespire:MassOfShapes","floor":50,"turns":13}],"seed_played":"-565037727829752547","potions_obtained":[{"floor":1.0,"key":"Fire Potion"},{"floor":4.0,"key":"Languid Potion"},{"floor":4.0,"key":"SteroidPotion"},{"floor":7.0,"key":"CultistPotion"},{"floor":8.0,"key":"Languid Potion"},{"floor":10.0,"key":"GamblersBrew"},{"floor":12.0,"key":"Death Potion"},{"floor":14.0,"key":"EntropicBrew"},{"floor":16.0,"key":"SteroidPotion"},{"floor":18.0,"key":"FearPotion"},{"floor":19.0,"key":"ColorlessPotion"},{"floor":21.0,"key":"SkillPotion"},{"floor":21.0,"key":"LifebloodPotion"},{"floor":21.0,"key":"Ancient Potion"},{"floor":22.0,"key":"Energy Potion"},{"floor":23.0,"key":"SteroidPotion"},{"floor":24.0,"key":"HeartOfIron"},{"floor":24.0,"key":"Doom Potion"},{"floor":25.0,"key":"Fire Potion"},{"floor":27.0,"key":"FearPotion"},{"floor":29.0,"key":"Milkshake"},{"floor":30.0,"key":"Venom Potion"},{"floor":33.0,"key":"Milkshake"},{"floor":35,"key":"Reflective Coating"},{"floor":42,"key":"SpeedPotion"},{"floor":46,"key":"ElixirPotion"},{"floor":48,"key":"Energy Potion"}],"is_trial":false,"path_per_floor":["M","?","M","?","T","E","M","E","T","E","R","M","$","M","R","B",null,"M","M","$","?","M","E","R","M","T","E","R","M","M","?","R","B",null,"M","?","?","?","?","R","AVR","M","T","T","R","E","$","M","R","B"],"character_chosen":"IRONCLAD","items_purchased":["Potion Belt","MealTicket","Heavy Blade","Armaments","Iron Wave+1","Wild Strike","ReplayTheSpireMod:ShopPack","Good Instincts","ReplayTheSpireMod:Stacked+1"],"campfire_rested":0,"item_purchase_floors":[13,13,13,20,20,20,47,47,47],"current_hp_per_floor":[80,80,80,60,60,66,72,52,52,47,47,51,51,45,45,32,80,76,60,75,80,54,46,46,47,47,25,25,32,24,24,48,27,80,69,69,69,69,75,75,75,76,76,76,76,47,62,63,86,0,0],"gold":123,"neow_bonus":"THREE_ENEMY_KILL","is_daily":false,"chose_seed":false,"campfire_upgraded":0,"win_rate":0.0,"timestamp":1609688382,"path_taken":["M","?","?","?","?","E","M","E","T","E","R","M","$","M","R","BOSS","M","M","$","?","M","E","R","M","T","E","R","M","?","?","R","BOSS","M","?","?","?","?","R","AVR","M","T","?","R","E","$","?","R","BOSS"],"items_purchased_type":["Relic","Relic","Card","Card","Card","Card","Relic","Card","Card"],"build_version":"2020-12-22","purchased_purges":1,"victory":false,"max_hp_per_floor":[80,80,80,80,80,80,80,80,80,80,80,80,80,80,80,80,80,80,80,80,80,80,80,80,80,80,80,80,80,80,80,80,80,80,80,80,80,80,86,86,86,86,86,86,86,86,86,86,86,86,86],"card_choices":[{"not_picked":["Abandon","Warcry"],"picked":"Shockwave","floor":1.0},{"not_picked":["ReplayTheSpireMod:Strike From Hell","Replay:Undeath\u0027s Touch"],"picked":"Clothesline","floor":3.0},{"not_picked":["Sword Boomerang","Warcry"],"picked":"Flex","floor":4.0},{"not_picked":["Ghostly Armor","Corruption"],"picked":"Clash","floor":6.0},{"not_picked":["Replay:Undeath\u0027s Touch","Armaments"],"picked":"Cleave","floor":7.0},{"not_picked":["Brutality","Replay:Undeath\u0027s Touch"],"picked":"Carnage","floor":8.0},{"not_picked":["Demon Form","Hemokinesis"],"picked":"Massacre","floor":10.0},{"not_picked":["Armaments","Blood for Blood"],"picked":"Spot Weakness","floor":12.0},{"not_picked":["Thunderclap","Warcry"],"picked":"Flame Barrier","floor":14.0},{"not_picked":["Reaper","Barricade"],"picked":"Immolate","floor":16.0},{"not_picked":["Regret","ReplayTheSpireMod:Restless Dread"],"picked":"Voices","floor":17.0},{"not_picked":["Replay:Hysterical Blindness","Languid"],"picked":"ReplayTheSpireMod:IOU","floor":17.0},{"not_picked":["Clumsy","ReplayTheSpireMod:Restless Dread"],"picked":"Hallucinations","floor":17.0},{"not_picked":["Clash","ReplayReversal"],"picked":"Perfected Strike","floor":18.0},{"not_picked":["Hemokinesis","Double Tap"],"picked":"Ghostly Armor+1","floor":19.0},{"not_picked":["Spot Weakness","Heavy Blade"],"picked":"ReplayTheSpireMod:Stacked","floor":22.0},{"not_picked":["Perfected Strike","ReplayTheSpireMod:Stacked"],"picked":"Flex","floor":23.0},{"not_picked":["Spot Weakness","Ghostly Armor"],"picked":"Thunderclap+1","floor":25.0},{"not_picked":["Combust+1","ReplayTheSpireMod:Muscle Training"],"picked":"Hemogenesis","floor":27.0},{"not_picked":["Heavy Blade","Power Through+1"],"picked":"Flex","floor":29.0},{"not_picked":["Body Slam","Pummel"],"picked":"Inflame+1","floor":30.0},{"not_picked":["Brutality+1","Corruption+1"],"picked":"Demonic Infusion","floor":33.0},{"not_picked":["Dark Embrace+1","Anger+1","ReplayTheSpireMod:Limb From Limb"],"picked":"Heavy Blade+1","floor":35},{"not_picked":["Panacea","theDuelist:OrbMetronome","Trip"],"picked":"Master of Strategy","floor":36},{"not_picked":["Blood for Blood","Twin Strike","ReplayTheSpireMod:LeadingStrike"],"picked":"Inflame+1","floor":42},{"not_picked":["Run Through+1","Pommel Strike+1","Rampage"],"picked":"Sword Boomerang+1","floor":46},{"not_picked":["Magnetism","The Bomb","ReplayTheSpireMod:Brewmster"],"picked":"ReplayTheSpireMod:Necrogeddon","floor":47},{"not_picked":["Midas Touch","Panacea","Replay:Bootleg Shield Generator"],"picked":"Secret Technique","floor":47},{"not_picked":["Panacea","ReplayTheSpireMod:Uncanny Aura","Panache"],"picked":"Poisoned Strike","floor":47},{"not_picked":["Iron Wave","Headbutt+1","Armaments"],"picked":"Flame Barrier+1","floor":48}],"player_experience":113124,"relics_obtained":[{"floor":5.0,"key":"Blue Doll"},{"floor":6.0,"key":"White Beast Statue"},{"floor":8.0,"key":"ReplayTheSpireMod:Spearhead"},{"floor":10.0,"key":"Gambling Chip"},{"floor":23.0,"key":"Peace Pipe"},{"floor":26.0,"key":"Ginger"},{"floor":27.0,"key":"Pocketwatch"},{"floor":28.0,"key":"Darkstone Periapt"},{"floor":43,"key":"CeramicFish"},{"floor":44,"key":"Sundial"},{"floor":46,"key":"Pet Ghost"}],"event_choices":[{"damage_healed":0.0,"max_hp_gain":0.0,"max_hp_loss":0.0,"gold_gain":0.0,"event_name":"Upgrade Shrine","player_choice":"Upgraded","floor":2.0,"gold_loss":0.0,"damage_taken":0.0,"cards_upgraded":["Bash"]},{"damage_healed":0.0,"max_hp_gain":0.0,"max_hp_loss":0.0,"gold_gain":0.0,"event_name":"Lab","player_choice":"Got Potions","floor":21.0,"gold_loss":0.0,"damage_taken":0.0},{"damage_healed":0.0,"max_hp_gain":0.0,"max_hp_loss":0.0,"gold_gain":0.0,"event_name":"Masked Bandits","player_choice":"Paid Fearfully","floor":31.0,"gold_loss":128.0,"damage_taken":0.0},{"damage_healed":0,"gold_gain":0,"player_choice":"Memory 1","damage_taken":0,"max_hp_gain":0,"max_hp_loss":0,"event_name":"SensoryStone","floor":36,"gold_loss":0},{"cards_removed":["Armaments"],"damage_healed":0,"gold_gain":0,"player_choice":"Removed Skill","damage_taken":0,"max_hp_gain":0,"max_hp_loss":0,"event_name":"Falling","floor":37,"gold_loss":0},{"damage_healed":0,"gold_gain":0,"player_choice":"Ignored","damage_taken":0,"max_hp_gain":0,"max_hp_loss":0,"event_name":"Mysterious Sphere","floor":38,"gold_loss":0},{"damage_healed":0,"gold_gain":0,"player_choice":"Ignored","damage_taken":0,"max_hp_gain":0,"max_hp_loss":0,"event_name":"OrinTheCat","floor":39,"gold_loss":0}],"is_beta":false,"boss_relics":[{"not_picked":["Busted Crown","Empty Cage"],"picked":"Replay:Ancient Bell"},{"not_picked":["MawBank","ReplayTheSpireMod:Lightbulb"],"picked":"War Paint"},{"not_picked":["Question Card","ReplayTheSpireMod:Ninjato"],"picked":"Frozen Egg 2"},{"not_picked":["Magic Flower","Mango"],"picked":"Replay:Multitool"},{"not_picked":["Tiny House","ChewingGum"],"picked":"Honey Jar"}],"items_purged_floors":[20],"is_endless":false,"potions_floor_spawned":[1,7,8,10,12,14,16,18,19,22,23,25,27,29,30,33,35,42,46,48],"killed_by":"infinitespire:MassOfShapes","ascension_level":1}}