{"host":"36mulxq349byzoa2","time":1609702298,"event":{"mods":["AchievementEnabler","BaseMod","Better Match","Block Reminder","Colored Map","Colored Powertips","Minty Spire (QoL Compilation)","Rare Cards Sparkle","StSLib","SuperFastMode"],"gold_per_floor":[112,9,19,19,19,19,45,45,45,77,90,90,90,123,123,201,201,221,231,231,231,231],"floor_reached":21,"playtime":441,"items_purged":["Strike_G"],"score":429,"play_id":"d6e57126-a49e-415d-88e1-e4ff54078a88","local_time":"20210103143138","is_ascension_mode":true,"campfire_choices":[{"data":"Neutralize","floor":6,"key":"SMITH"},{"data":"Terror","floor":8,"key":"SMITH"},{"data":"Cloak And Dagger","floor":12,"key":"SMITH"},{"floor":15,"key":"REST"}],"circlet_count":0,"master_deck":["AscendersBane","Strike_G+1","Strike_G","Strike_G","Strike_G","Defend_G","Defend_G","Defend_G","Defend_G","Defend_G","Survivor","Neutralize+1","Deadly Poison+1","Cloak And Dagger+1","Dagger Spray+1","Terror+1","Predator+1","Bane+1","Cloak And Dagger","Burst","Catalyst"],"relics":["Ring of the Snake","NeowsBlessing","Potion Belt","Molten Egg 2","HornCleat","WingedGreaves","Cursed Key"],"acts_visited":["Exordium","TheCity"],"potions_floor_usage":[21],"damage_taken":[{"damage":0,"enemies":"Jaw Worm","floor":1,"turns":1},{"damage":0,"enemies":"2 Louse","floor":3,"turns":1},{"damage":0,"enemies":"3 Sentries","floor":7,"turns":2},{"damage":11,"enemies":"Lagavulin","floor":10,"turns":5},{"damage":0,"enemies":"Small Slimes","floor":11,"turns":2},{"damage":9,"enemies":"3 Sentries","floor":14,"turns":8},{"damage":5,"enemies":"Hexaghost","floor":16,"turns":9},{"damage":14,"enemies":"Shell Parasite","floor":18,"turns":4},{"damage":11,"enemies":"2 Thieves","floor":19,"turns":4},{"damage":41,"enemies":"Masked Bandits","floor":21,"turns":3}],"seed_played":"6633669384372906431","potions_obtained":[{"floor":7,"key":"FearPotion"},{"floor":18,"key":"LiquidMemories"}],"is_trial":false,"path_per_floor":["M","$","M","$","?","R","E","R","T","E","M","R","?","E","R","B",null,"M","M","?","?"],"character_chosen":"THE_SILENT","items_purchased":["Cloak And Dagger"],"campfire_rested":1,"item_purchase_floors":[2],"current_hp_per_floor":[59,59,59,59,39,39,39,39,39,28,28,28,28,19,38,33,58,44,33,33,0,0],"gold":231,"neow_bonus":"THREE_ENEMY_KILL","is_daily":false,"chose_seed":false,"campfire_upgraded":3,"win_rate":0.0,"timestamp":1609702298,"path_taken":["M","$","M","$","?","R","E","R","T","E","M","R","?","E","R","BOSS","M","M","?","?"],"items_purchased_type":["Card"],"build_version":"2020-12-22","purchased_purges":1,"victory":false,"max_hp_per_floor":[66,66,66,66,66,66,66,66,66,66,66,66,66,66,66,66,66,66,66,66,66,66],"card_choices":[{"not_picked":["Cloak And Dagger","PiercingWail"],"picked":"Deadly Poison","floor":1},{"not_picked":["Masterful Stab","Dagger Throw"],"picked":"Dagger Spray","floor":3},{"not_picked":["Flying Knee","Underhanded Strike"],"picked":"Terror","floor":7},{"not_picked":["Prepared","Underhanded Strike+1"],"picked":"Predator+1","floor":10},{"not_picked":["Prepared","Predator+1"],"picked":"Bane+1","floor":11},{"not_picked":["Prepared","Sucker Punch+1"],"picked":"Cloak And Dagger","floor":14},{"not_picked":["Adrenaline","Night Terror"],"picked":"Burst","floor":16},{"not_picked":["PiercingWail","Setup+1"],"picked":"Catalyst","floor":18},{"not_picked":["Infinite Blades","Setup","Quick Slash+1"],"picked":"SKIP","floor":19}],"player_experience":1002657,"relics_obtained":[{"floor":7,"key":"Potion Belt"},{"floor":9,"key":"Molten Egg 2"},{"floor":10,"key":"HornCleat"},{"floor":14,"key":"WingedGreaves"}],"event_choices":[{"damage_healed":0,"gold_gain":0,"player_choice":"Entered Light","damage_taken":20,"max_hp_gain":0,"max_hp_loss":0,"event_name":"Shining Light","floor":5,"gold_loss":0,"cards_upgraded":["Strike_G","Dagger Spray"]},{"damage_healed":0,"gold_gain":0,"player_choice":"Grow","damage_taken":0,"max_hp_gain":0,"max_hp_loss":0,"event_name":"Living Wall","floor":13,"gold_loss":0,"cards_upgraded":["Deadly Poison"]},{"damage_healed":0,"gold_gain":0,"player_choice":"Ignored","damage_taken":0,"max_hp_gain":0,"max_hp_loss":0,"event_name":"Vampires","floor":20,"gold_loss":0},{"damage_healed":0,"gold_gain":0,"player_choice":"Fought Bandits","damage_taken":0,"max_hp_gain":0,"max_hp_loss":0,"event_name":"Masked Bandits","floor":21,"gold_loss":0}],"is_beta":false,"boss_relics":[{"not_picked":["Coffee Dripper","Astrolabe"],"picked":"Cursed Key"}],"items_purged_floors":[2],"is_endless":false,"potions_floor_spawned":[7,18],"killed_by":"Masked Bandits","ascension_level":19}}