{"host":"be3r5d8qs4ku9xfy","time":1609660973,"event":{"mods":["2.2 Compatiblity","AchievementEnabler","Act Like it!","Aspiration","BaseMod","Better Altar","Better Note","Better Sensory Stone","Better Skull","Better Third Choice","BetterRewards","Card Forge","Colored Map","Colored Powertips","DNKmod","DeckTracker","Defuse TimeMaze Blight","Downfall","Friendly Minions","Gensokyo","Hallownest","Highlight Path","Hubris","Infinite Spire","Keyboard Shortcuts","Lobotomy","Minty Spire (QoL Compilation)","Quick Restart","Rare Cards Sparkle","Replay The Spire","Shop Mod","StSLib","SuperFastMode","Synergy Search","The Animator","The Construct","The Jungle"],"gold_per_floor":[1015,359,378,389,319,319,319],"floor_reached":6,"playtime":422,"items_purged":[],"score":86,"play_id":"c572aa1c-88eb-447c-a2af-a221b5a0cd18","local_time":"20210103030253","is_ascension_mode":false,"campfire_choices":[],"circlet_count":0,"master_deck":["Strike_G","Strike_G","Strike_G","Strike_G","Strike_G","Defend_G","Defend_G","Defend_G","Defend_G","Defend_G","Survivor","Neutralize","Dash","ReplayTheSpireMod:The Works","Riddle With Holes","Endless Agony","Backflip","Flying Knee"],"relics":["Ring of the Snake","Hammer of Thor","Seething Fire","Anvil of the Gods","Incense Burner","aspiration:Nostalgia","infinitespire:DarkRift","Hallownest:StagBellRelic1"],"acts_visited":["Hallownest:Greenpath"],"potions_floor_usage":[],"damage_taken":[{"damage":0,"enemies":"Hallownest:2_Baldur","floor":1,"turns":4},{"damage":0,"enemies":"Hallownest:monsterHuskWarrior","floor":3,"turns":2},{"damage":7,"enemies":"Hallownest:monsterHuskGuard","floor":4,"turns":3},{"damage":17,"enemies":"Hallownest:eliteCrystalGuardian","floor":6,"turns":4}],"seed_played":"8794134288158999293","potions_obtained":[{"floor":0,"key":"SneckoOil"},{"floor":0,"key":"Fire Potion"},{"floor":0,"key":"Block Potion"},{"floor":1,"key":"hexamod:EctoCoolerPotion"}],"is_trial":false,"path_per_floor":["M","$","M","M","?","E"],"character_chosen":"THE_SILENT","items_purchased":["ReplayTheSpireMod:The Works","Incense Burner","aspiration:Nostalgia","Riddle With Holes","Endless Agony"],"campfire_rested":0,"item_purchase_floors":[2,2,2,2,2],"current_hp_per_floor":[100,100,100,93,93,76,76],"gold":319,"neow_bonus":"THREE_SMALL_POTIONS","is_daily":false,"chose_seed":false,"campfire_upgraded":0,"win_rate":0.0,"timestamp":1609660973,"path_taken":["M","$","M","M","?","E"],"items_purchased_type":["Card","Relic","Relic","Card","Card"],"build_version":"2020-12-22","purchased_purges":0,"victory":false,"max_hp_per_floor":[100,100,100,100,100,100,100],"card_choices":[{"not_picked":["Distraction","Eviscerate"],"picked":"Dash","floor":1},{"not_picked":["hubris:SlightOfHand","Terror"],"picked":"Backflip","floor":3},{"not_picked":["Acrobatics","Underhanded Strike"],"picked":"Flying Knee","floor":4}],"player_experience":45460,"relics_obtained":[],"event_choices":[],"is_beta":false,"boss_relics":[],"items_purged_floors":[],"is_endless":false,"potions_floor_spawned":[1,3],"killed_by":"Hallownest:eliteCrystalGuardian","ascension_level":0}}