{"host":"lxgv1wbl12oya7hr","time":1609647596,"event":{"mods":["BaseMod","Minty Spire (QoL Compilation)","Permanent Neow","StSLib"],"gold_per_floor":[119,69,69,19,29,54,54,82,82,98,132,132,132,142,142,243,243,256,271,285,285,42,77,89,117,210,240,252,299,343,386,398,514,526,558,792,824,850,911,958,1017,1057,1095,1125,1137,1175,1198,1223,1235,1247],"floor_reached":51,"playtime":3042,"items_purged":[],"score":1005,"play_id":"c67cb7d2-5f39-4584-87b1-d552b7314766","local_time":"20210102201956","is_ascension_mode":true,"campfire_choices":[{"floor":7,"key":"REST"},{"data":"Perfected Strike","floor":13,"key":"SMITH"},{"floor":15,"key":"REST"},{"data":"Offering","floor":24,"key":"SMITH"},{"floor":32,"key":"REST"},{"floor":45,"key":"REST"},{"floor":49,"key":"REST"}],"circlet_count":0,"master_deck":["Strike_R","Strike_R","Strike_R","Strike_R","Defend_R","Defend_R","Defend_R","Bash","Headbutt","Perfected Strike+1","Pommel Strike","Offering+1","Perfected Strike+1","Demon Form","Pommel Strike","Pommel Strike","Offering+1","Headbutt+1","Double Tap+1","Perfected Strike+1","Metallicize+1","Pommel Strike","Metallicize+1"],"relics":["Black Star","Singing Bowl","Bag of Marbles","Tiny Chest","Bronze Scales","Thread and Needle","Pear","Oddly Smooth Stone","Strawberry","SlaversCollar","Paper Frog","MawBank","Lizard Tail","Bottled Flame","Letter Opener","Toxic Egg 2","Incense Burner","Red Mask","Turnip","MealTicket","Sozu","Mango","Mercury Hourglass","Toy Ornithopter","Nunchaku","Lantern","Bird Faced Urn","Orichalcum","Boot","Champion Belt"],"acts_visited":["Exordium","TheCity","TheBeyond"],"potions_floor_usage":[11,27,29,29,30,30,33,40],"damage_taken":[{"damage":0,"enemies":"Small Slimes","floor":1,"turns":3},{"damage":0,"enemies":"2 Louse","floor":5,"turns":2},{"damage":31,"enemies":"Lagavulin","floor":6,"turns":6},{"damage":12,"enemies":"Gremlin Nob","floor":8,"turns":3},{"damage":6,"enemies":"Cultist","floor":10,"turns":1},{"damage":33,"enemies":"Lagavulin","floor":11,"turns":6},{"damage":6,"enemies":"Red Slaver","floor":14,"turns":1},{"damage":23,"enemies":"Slime Boss","floor":16,"turns":8},{"damage":6,"enemies":"Chosen","floor":18,"turns":3},{"damage":6,"enemies":"Spheric Guardian","floor":19,"turns":2},{"damage":17,"enemies":"Snake Plant","floor":20,"turns":2},{"damage":13,"enemies":"Slavers","floor":23,"turns":3},{"damage":19,"enemies":"Shelled Parasite and Fungi","floor":25,"turns":3},{"damage":12,"enemies":"Chosen and Byrds","floor":27,"turns":4},{"damage":10,"enemies":"Book of Stabbing","floor":29,"turns":2},{"damage":6,"enemies":"Masked Bandits","floor":30,"turns":3},{"damage":29,"enemies":"Gremlin Leader","floor":31,"turns":4},{"damage":34,"enemies":"Champ","floor":33,"turns":6},{"damage":6,"enemies":"3 Shapes","floor":35,"turns":2},{"damage":6,"enemies":"Orb Walker","floor":37,"turns":1},{"damage":12,"enemies":"Transient","floor":38,"turns":5},{"damage":29,"enemies":"2 Orb Walkers","floor":39,"turns":3},{"damage":47,"enemies":"Nemesis","floor":40,"turns":3},{"damage":24,"enemies":"Reptomancer","floor":42,"turns":3},{"damage":12,"enemies":"Maw","floor":44,"turns":4},{"damage":0,"enemies":"Nemesis","floor":46,"turns":1},{"damage":0,"enemies":"Jaw Worm Horde","floor":47,"turns":2},{"damage":8,"enemies":"4 Shapes","floor":48,"turns":2},{"damage":51,"enemies":"Donu and Deca","floor":50,"turns":6}],"seed_played":"-6118575003642370163","potions_obtained":[{"floor":5,"key":"LiquidBronze"},{"floor":10,"key":"ColorlessPotion"},{"floor":14,"key":"LiquidBronze"},{"floor":16,"key":"Ancient Potion"},{"floor":27,"key":"Weak Potion"},{"floor":29,"key":"ColorlessPotion"},{"floor":31,"key":"Energy Potion"},{"floor":33,"key":"Regen Potion"}],"is_trial":false,"path_per_floor":["M","?","?","$","M","E","R","E","T","M","E","?","R","M","R","B",null,"M","M","M","T","$","E","R","M","T","M","T","E","?","E","R","B",null,"M","?","M","M","?","E","T","E","T","M","R","E","M","M","R","B",null],"character_chosen":"IRONCLAD","items_purchased":["Perfected Strike","Paper Frog"],"campfire_rested":5,"item_purchase_floors":[4,22],"current_hp_per_floor":[80,80,68,68,68,37,61,51,61,57,33,33,33,29,60,37,105,99,95,80,80,80,69,69,52,52,42,42,34,30,1,36,2,119,113,113,109,99,84,46,46,22,22,14,55,55,57,51,93,46],"gold":1259,"neow_bonus":"BOSS_RELIC","is_daily":false,"chose_seed":false,"campfire_upgraded":2,"win_rate":0.0,"timestamp":1609647596,"path_taken":["M","?","?","$","M","E","R","E","T","M","E","?","R","M","R","BOSS","M","M","?","?","$","E","R","M","T","M","?","E","?","E","R","BOSS","M","?","M","M","?","E","?","E","T","?","R","E","M","M","R","BOSS"],"items_purchased_type":["Card","Relic"],"build_version":"2020-12-22","purchased_purges":0,"victory":true,"max_hp_per_floor":[80,80,80,80,80,80,80,82,92,94,103,103,103,105,105,105,105,105,107,109,109,109,111,111,113,113,115,115,117,119,119,119,119,119,119,119,121,123,137,137,137,137,137,137,137,137,139,141,141,141],"card_choices":[{"not_picked":["Warcry","Clash"],"picked":"Headbutt","floor":1},{"not_picked":["Armaments","Burning Pact"],"picked":"Pommel Strike","floor":5},{"not_picked":["Exhume","Entrench"],"picked":"Offering","floor":6},{"not_picked":["Combust","Anger","Intimidate"],"picked":"Singing Bowl","floor":8},{"not_picked":["Body Slam","Rupture","Headbutt"],"picked":"Singing Bowl","floor":10},{"not_picked":["Feed","Thunderclap","Body Slam"],"picked":"Singing Bowl","floor":11},{"not_picked":["Seeing Red","Flame Barrier","True Grit"],"picked":"Singing Bowl","floor":14},{"not_picked":["Corruption","Immolate"],"picked":"Demon Form","floor":16},{"not_picked":["Searing Blow","Infernal Blade"],"picked":"Pommel Strike","floor":18},{"not_picked":["Searing Blow","Combust","Clash"],"picked":"Singing Bowl","floor":19},{"not_picked":["True Grit","Shockwave","Body Slam"],"picked":"Singing Bowl","floor":20},{"not_picked":["Inflame","Shrug It Off","Armaments+1"],"picked":"Singing Bowl","floor":23},{"not_picked":["Rage+1","Armaments+1","Infernal Blade"],"picked":"Singing Bowl","floor":25},{"not_picked":["Flex","Clothesline","Headbutt"],"picked":"Singing Bowl","floor":27},{"not_picked":["Spot Weakness+1","Blood for Blood+1","Body Slam"],"picked":"Singing Bowl","floor":29},{"not_picked":["Shrug It Off+1","Metallicize","Ghostly Armor+1"],"picked":"Singing Bowl","floor":30},{"not_picked":["Whirlwind+1","Immolate"],"picked":"Pommel Strike","floor":31},{"not_picked":["Reaper","Brutality"],"picked":"Offering+1","floor":33},{"not_picked":["Warcry+1","Flame Barrier+1"],"picked":"Headbutt+1","floor":35},{"not_picked":["Whirlwind","Sentinel+1","Blood for Blood"],"picked":"Singing Bowl","floor":37},{"not_picked":["Power Through+1","Shrug It Off+1","Pummel"],"picked":"Singing Bowl","floor":38},{"not_picked":["Dual Wield+1","Anger"],"picked":"Double Tap+1","floor":39},{"not_picked":["Cleave","Shrug It Off+1"],"picked":"Perfected Strike+1","floor":40},{"not_picked":["Warcry+1","Power Through+1"],"picked":"Metallicize+1","floor":42},{"not_picked":["Reckless Charge+1","Battle Trance+1"],"picked":"Pommel Strike","floor":44},{"not_picked":["Power Through+1","Uppercut+1"],"picked":"Metallicize+1","floor":46},{"not_picked":["Shockwave+1","Clash+1","Shrug It Off+1"],"picked":"Singing Bowl","floor":47},{"not_picked":["Thunderclap+1","Shockwave+1","Reckless Charge+1"],"picked":"Singing Bowl","floor":48}],"player_experience":2234538,"relics_obtained":[{"floor":6,"key":"Bag of Marbles"},{"floor":6,"key":"Tiny Chest"},{"floor":8,"key":"Bronze Scales"},{"floor":8,"key":"Thread and Needle"},{"floor":9,"key":"Pear"},{"floor":11,"key":"Oddly Smooth Stone"},{"floor":11,"key":"Strawberry"},{"floor":23,"key":"MawBank"},{"floor":23,"key":"Lizard Tail"},{"floor":26,"key":"Bottled Flame"},{"floor":28,"key":"Letter Opener"},{"floor":29,"key":"Toxic Egg 2"},{"floor":29,"key":"Incense Burner"},{"floor":30,"key":"Red Mask"},{"floor":31,"key":"Turnip"},{"floor":31,"key":"MealTicket"},{"floor":39,"key":"Mango"},{"floor":40,"key":"Mercury Hourglass"},{"floor":40,"key":"Toy Ornithopter"},{"floor":41,"key":"Nunchaku"},{"floor":42,"key":"Lantern"},{"floor":42,"key":"Bird Faced Urn"},{"floor":43,"key":"Orichalcum"},{"floor":46,"key":"Boot"},{"floor":46,"key":"Champion Belt"}],"event_choices":[{"cards_removed":["Defend_R"],"damage_healed":0,"gold_gain":0,"player_choice":"Card Removal","damage_taken":0,"max_hp_gain":0,"max_hp_loss":0,"event_name":"The Cleric","floor":2,"gold_loss":50},{"damage_healed":0,"gold_gain":0,"player_choice":"Success","damage_taken":12,"relics_obtained":["Singing Bowl"],"max_hp_gain":0,"max_hp_loss":0,"event_name":"Scrap Ooze","floor":3,"gold_loss":0},{"cards_removed":["Strike_R"],"damage_healed":0,"gold_gain":0,"player_choice":"Took Card","damage_taken":0,"max_hp_gain":0,"max_hp_loss":0,"event_name":"NoteForYourself","floor":12,"gold_loss":0,"cards_obtained":["Perfected Strike"]},{"damage_healed":0,"gold_gain":0,"player_choice":"Fought Bandits","damage_taken":0,"max_hp_gain":0,"max_hp_loss":0,"event_name":"Masked Bandits","floor":30,"gold_loss":0},{"damage_healed":0,"gold_gain":222,"player_choice":"Wore Mask","damage_taken":0,"max_hp_gain":0,"max_hp_loss":0,"event_name":"Tomb of Lord Red Mask","floor":36,"gold_loss":0},{"damage_healed":0,"gold_gain":0,"player_choice":"Fight","damage_taken":0,"max_hp_gain":0,"max_hp_loss":0,"event_name":"Mysterious Sphere","floor":39,"gold_loss":0}],"is_beta":false,"boss_relics":[{"not_picked":["Ectoplasm","Velvet Choker"],"picked":"SlaversCollar"},{"not_picked":["Philosopher\u0027s Stone","Runic Pyramid"],"picked":"Sozu"}],"items_purged_floors":[],"is_endless":false,"potions_floor_spawned":[5,10,14,16,18,19,27,29,31,33,35,38,39,44,48],"ascension_level":1}}