{"host":"c3lc60y5x60jlt1y","time":1609694135,"event":{"mods":["AchievementEnabler","BaseMod","Colored Map","Minty Spire (QoL Compilation)","Quick Restart","StSLib"],"gold_per_floor":[116,116,134,152,164,197,197,197,197],"floor_reached":8,"playtime":1168,"items_purged":[],"score":116,"play_id":"38a139b7-2830-4a4e-82d9-0e5ab6840d31","local_time":"20210103191535","is_ascension_mode":true,"campfire_choices":[{"floor":7,"key":"REST"}],"circlet_count":0,"master_deck":["AscendersBane","Strike_G","Strike_G","Strike_G","Strike_G","Strike_G","Defend_G","Defend_G","Defend_G","Defend_G","Defend_G","Survivor","Neutralize","Flying Knee","Sucker Punch","All Out Attack","Terror","Leg Sweep"],"relics":["SlaversCollar","Ornamental Fan"],"acts_visited":["Exordium"],"potions_floor_usage":[8],"damage_taken":[{"damage":15,"enemies":"Cultist","floor":1,"turns":6},{"damage":0,"enemies":"Small Slimes","floor":3,"turns":4},{"damage":2,"enemies":"Jaw Worm","floor":4,"turns":4},{"damage":1,"enemies":"3 Louse","floor":5,"turns":4},{"damage":39,"enemies":"3 Sentries","floor":6,"turns":10},{"damage":28,"enemies":"Gremlin Nob","floor":8,"turns":3}],"seed_played":"5350281232857268456","potions_obtained":[{"floor":6,"key":"Poison Potion"}],"is_trial":false,"path_per_floor":["M","?","M","M","M","E","R","E"],"character_chosen":"THE_SILENT","items_purchased":[],"campfire_rested":1,"item_purchase_floors":[],"current_hp_per_floor":[44,44,44,42,41,2,21,0,0],"gold":197,"neow_bonus":"BOSS_RELIC","is_daily":false,"chose_seed":false,"campfire_upgraded":0,"win_rate":0.0,"timestamp":1609694135,"path_taken":["M","?","M","?","M","E","R","E"],"items_purchased_type":[],"build_version":"2020-12-22","purchased_purges":0,"victory":false,"max_hp_per_floor":[66,66,66,66,66,66,66,66,66],"card_choices":[{"not_picked":["Quick Slash","Slice"],"picked":"Flying Knee","floor":1},{"not_picked":["Blur","Prepared"],"picked":"Sucker Punch","floor":3},{"not_picked":["Sucker Punch","Blade Dance"],"picked":"All Out Attack","floor":4},{"not_picked":["Prepared","Infinite Blades"],"picked":"Terror","floor":5},{"not_picked":["Deflect","Dash"],"picked":"Leg Sweep","floor":6}],"player_experience":7443720,"relics_obtained":[{"floor":6,"key":"Ornamental Fan"}],"event_choices":[{"damage_healed":0,"gold_gain":0,"player_choice":"0 cards matched","damage_taken":0,"max_hp_gain":0,"max_hp_loss":0,"event_name":"Match and Keep!","floor":2,"gold_loss":0,"cards_obtained":[]}],"is_beta":false,"boss_relics":[],"items_purged_floors":[],"is_endless":false,"potions_floor_spawned":[6],"killed_by":"Gremlin Nob","ascension_level":20}}