{"host":"65a95dzim48ko8ke","time":1609672468,"event":{"mods":["Act Like it!","BaseMod","Better Third Choice","Colored Powertips","Minty Spire (QoL Compilation)","Quick Restart","Rare Cards Sparkle","Robot Space Explorer","Spicy Shops","StSLib","The Jungle"],"gold_per_floor":[18,18,18,33,58,94,49,62,62,106,106,131,131,156,156,285,285,309,124,143,143,74,74,115,136,136,156,156,199,222,222,222,342,342,358,379,404,55,80,80,124,139,219,240,240,240,275,275,275,275,275,275,14,57,57],"floor_reached":56,"playtime":3907,"items_purged":["Shame"],"score":1407,"play_id":"3e41c49e-c1ee-4c57-86b9-8d064feca4cc","local_time":"20210103201428","is_ascension_mode":true,"campfire_choices":[{"data":"RobotSpaceExplorer:DoubleFind","floor":13.0,"key":"SMITH"},{"data":"RobotSpaceExplorer:Blitz","floor":15.0,"key":"SMITH"},{"data":"RobotSpaceExplorer:Blitz","floor":23.0,"key":"SMITH"},{"floor":32,"key":"REST"},{"data":"RobotSpaceExplorer:PowerCollector","floor":40,"key":"SMITH"},{"data":"RobotSpaceExplorer:Scan","floor":46,"key":"SMITH"},{"floor":49,"key":"RECALL"},{"data":"RobotSpaceExplorer:PowerCollector","floor":52,"key":"SMITH"}],"circlet_count":0,"master_deck":["RobotSpaceExplorer:Strike+1","RobotSpaceExplorer:Strike+1","RobotSpaceExplorer:Defend","RobotSpaceExplorer:Defend+1","RobotSpaceExplorer:Defend","RobotSpaceExplorer:Scan+1","RobotSpaceExplorer:MiniLasers","RobotSpaceExplorer:Blitz+1","RobotSpaceExplorer:PowerCollector+1","RobotSpaceExplorer:Blitz+1","RobotSpaceExplorer:MiniDrones","RobotSpaceExplorer:Electroshield+1","RobotSpaceExplorer:DoubleFind+1","RobotSpaceExplorer:Probe","RobotSpaceExplorer:Blitz+1","RobotSpaceExplorer:GearShield","RobotSpaceExplorer:PowerCollector+1","RobotSpaceExplorer:Discharger+1","RobotSpaceExplorer:Calculate","RobotSpaceExplorer:JunkDive+1","RobotSpaceExplorer:PowerGlove+1","RobotSpaceExplorer:Blitz+1","theJungle:PetSnecko","RobotSpaceExplorer:DroneSwarm+1","RobotSpaceExplorer:Electropulse+1","RobotSpaceExplorer:GearShield+1","RobotSpaceExplorer:DoubleFind+1","RobotSpaceExplorer:PowerCollector","RobotSpaceExplorer:Probe","RobotSpaceExplorer:ShovelStrike+1","RobotSpaceExplorer:FreezingShield+1","RobotSpaceExplorer:Autoloader+1","RobotSpaceExplorer:BigMissile+1","Mayhem+1","Master of Strategy+1","Dark Shackles+1","RobotSpaceExplorer:Smokescreen+1","RobotSpaceExplorer:FreezingShield","RobotSpaceExplorer:ScrapToss","RobotSpaceExplorer:FreezeRay"],"relics":["RobotSpaceExplorer:RoboCore","Golden Idol","Singing Bowl","betterThird:SlimedRelic","Bottled Flame","RobotSpaceExplorer:BottledGravity","Boot","Potion Belt","RobotSpaceExplorer:SearchSpecs","theJungle:Creamberry","Whetstone","Darkstone Periapt","RobotSpaceExplorer:PlasmaHourglass","theJungle:SneckoAutograph","Bag of Preparation","Coffee Dripper","Strawberry","War Paint","Happy Flower","Bronze Scales","Lizard Tail","Eternal Feather"],"acts_visited":["Exordium","Exordium","TheBeyond","TheEnding"],"potions_floor_usage":[29,29,29,29,33,36,55,55,55,55],"damage_taken":[{"damage":0.0,"enemies":"2 Louse","floor":1.0,"turns":4.0},{"damage":0.0,"enemies":"Jaw Worm","floor":4.0,"turns":3.0},{"damage":0.0,"enemies":"Cultist","floor":5.0,"turns":3.0},{"damage":2.0,"enemies":"Lagavulin","floor":6.0,"turns":8.0},{"damage":6.0,"enemies":"Exordium Wildlife","floor":8.0,"turns":6.0},{"damage":4.0,"enemies":"3 Sentries","floor":10.0,"turns":9.0},{"damage":0.0,"enemies":"Looter","floor":12.0,"turns":3.0},{"damage":0.0,"enemies":"Blue Slaver","floor":14.0,"turns":2.0},{"damage":10.0,"enemies":"The Guardian","floor":16.0,"turns":12.0},{"damage":1.0,"enemies":"theJungle:Flameango_and_Byrd","floor":18.0,"turns":7.0},{"damage":0.0,"enemies":"theJungle:MUSHROOMGANG","floor":20.0,"turns":4.0},{"damage":30.0,"enemies":"theJungle:MamaSnecko","floor":24.0,"turns":8.0},{"damage":5.0,"enemies":"theJungle:2_Snecko_Cultists","floor":25.0,"turns":5.0},{"damage":5.0,"enemies":"theJungle:Lyon","floor":27.0,"turns":6.0},{"damage":21,"enemies":"theJungle:2_Phrogs","floor":29,"turns":8},{"damage":5,"enemies":"theJungle:JungleHuntersEncounter","floor":30,"turns":5},{"damage":8,"enemies":"theJungle:FunGuy","floor":33,"turns":12},{"damage":0,"enemies":"3 Shapes","floor":35,"turns":2},{"damage":0,"enemies":"Orb Walker","floor":36,"turns":3},{"damage":0,"enemies":"3 Darklings","floor":37,"turns":4},{"damage":0,"enemies":"Maw","floor":39,"turns":6},{"damage":21,"enemies":"Nemesis","floor":41,"turns":3},{"damage":24,"enemies":"Jaw Worm Horde","floor":42,"turns":2},{"damage":0,"enemies":"4 Shapes","floor":44,"turns":6},{"damage":0,"enemies":"Reptomancer","floor":47,"turns":5},{"damage":10,"enemies":"Donu and Deca","floor":50,"turns":6},{"damage":0,"enemies":"Shield and Spear","floor":54,"turns":5},{"damage":70,"enemies":"The Heart","floor":55,"turns":6}],"seed_played":"-1954162317801724968","potions_obtained":[{"floor":1.0,"key":"BlessingOfTheForge"},{"floor":8.0,"key":"Weak Potion"},{"floor":12.0,"key":"Swift Potion"},{"floor":16.0,"key":"FearPotion"},{"floor":18.0,"key":"SpeedPotion"},{"floor":20.0,"key":"Explosive Potion"},{"floor":27.0,"key":"PowerPotion"},{"floor":30,"key":"RobotSpaceExplorer:PlasmaFlask"},{"floor":33,"key":"SteroidPotion"},{"floor":35,"key":"SpeedPotion"},{"floor":42,"key":"DuplicationPotion"},{"floor":47,"key":"PowerPotion"},{"floor":54,"key":"FearPotion"}],"is_trial":false,"path_per_floor":["M","?","?","M","M","E","?","M","T","E","?","M","R","M","R","B",null,"M","?","M","?","$","R","E","M","T","M","?","E","M","?","R","B",null,"M","M","M","$","M","R","E","M","T","M","?","R","E","?","R","B",null,"R","$","E","B",null],"character_chosen":"RobotSpaceExplorer","items_purchased":["RobotSpaceExplorer:Calculate","RobotSpaceExplorer:PowerCollector","RobotSpaceExplorer:Probe","War Paint","RobotSpaceExplorer:ScrapToss","Lizard Tail","RobotSpaceExplorer:FreezeRay","BlessingOfTheForge"],"campfire_rested":1,"item_purchase_floors":[22,38,38,38,53,53,53,53],"current_hp_per_floor":[75,57,57,57,57,55,44,38,38,34,28,28,28,28,28,18,75,76,76,76,77,77,77,49,46,46,41,47,26,21,21,47,39,87,87,87,87,94,94,94,73,49,49,49,39,39,39,39,39,29,94,94,94,96,26],"gold":57,"neow_bonus":"TRANSFORM_TWO_CARDS","is_daily":false,"chose_seed":false,"campfire_upgraded":6,"win_rate":0.0,"timestamp":1609672468,"path_taken":["M","?","?","M","?","E","?","M","T","E","?","M","R","M","R","BOSS","M","?","M","?","$","R","E","M","T","M","?","E","?","?","R","BOSS","M","M","M","$","M","R","E","M","T","M","?","R","E","?","R","BOSS","R","$","E","BOSS"],"items_purchased_type":["Card","Card","Card","Relic","Card","Relic","Card","Potion"],"build_version":"2020-12-22","purchased_purges":1,"victory":true,"max_hp_per_floor":[75,75,75,75,75,75,75,75,75,75,75,75,75,75,75,75,75,77,77,77,77,77,77,79,81,81,81,87,87,87,87,87,87,87,87,87,87,94,94,94,94,94,94,94,94,94,94,94,94,94,94,94,94,96,96],"card_choices":[{"not_picked":["RobotSpaceExplorer:SurgingStrike","RobotSpaceExplorer:Ammunition"],"picked":"RobotSpaceExplorer:Blitz","floor":1.0},{"not_picked":["RobotSpaceExplorer:SurgingStrike","RobotSpaceExplorer:ShovelStrike"],"picked":"RobotSpaceExplorer:MiniDrones","floor":4.0},{"not_picked":["RobotSpaceExplorer:DualCore","RobotSpaceExplorer:ShockKick"],"picked":"RobotSpaceExplorer:Electroshield","floor":5.0},{"not_picked":["RobotSpaceExplorer:SurgingStrike","RobotSpaceExplorer:GlueSpray"],"picked":"RobotSpaceExplorer:DoubleFind","floor":6.0},{"not_picked":["RobotSpaceExplorer:PlasmaMissile","RobotSpaceExplorer:StunGrenade"],"picked":"RobotSpaceExplorer:Probe","floor":8.0},{"not_picked":["RobotSpaceExplorer:Counterblock","RobotSpaceExplorer:DoubleFind"],"picked":"RobotSpaceExplorer:Blitz","floor":10.0},{"not_picked":["RobotSpaceExplorer:StarLightning","RobotSpaceExplorer:Ammunition"],"picked":"RobotSpaceExplorer:GearShield","floor":12.0},{"not_picked":["RobotSpaceExplorer:FranticSearch","RobotSpaceExplorer:Exploration"],"picked":"RobotSpaceExplorer:PowerCollector","floor":14.0},{"not_picked":["RobotSpaceExplorer:Explosion","RobotSpaceExplorer:Scanner"],"picked":"RobotSpaceExplorer:Exploration","floor":16.0},{"not_picked":["RobotSpaceExplorer:Electroshield","RobotSpaceExplorer:Counterblock","RobotSpaceExplorer:SurgingStrike"],"picked":"Singing Bowl","floor":18.0},{"not_picked":["RobotSpaceExplorer:StunGrenade","RobotSpaceExplorer:MetalStrike"],"picked":"RobotSpaceExplorer:Discharger+1","floor":20.0},{"not_picked":["RobotSpaceExplorer:SurgingStrike+1","RobotSpaceExplorer:SelfCleaning+1","RobotSpaceExplorer:FrostMissile"],"picked":"Singing Bowl","floor":24.0},{"not_picked":["RobotSpaceExplorer:Explosion+1","RobotSpaceExplorer:MetalStrike","RobotSpaceExplorer:Counterblock"],"picked":"Singing Bowl","floor":25.0},{"not_picked":["RobotSpaceExplorer:SurgingShield","RobotSpaceExplorer:ImprovisedAttack"],"picked":"RobotSpaceExplorer:JunkDive+1","floor":27.0},{"not_picked":["RobotSpaceExplorer:SwiftStep+1","RobotSpaceExplorer:GlueShot"],"picked":"RobotSpaceExplorer:PowerGlove+1","floor":29},{"not_picked":["RobotSpaceExplorer:Pulsar","RobotSpaceExplorer:MetalStrike"],"picked":"RobotSpaceExplorer:Blitz+1","floor":30},{"not_picked":["RobotSpaceExplorer:Wormhole+1","RobotSpaceExplorer:Explosion+1"],"picked":"RobotSpaceExplorer:DroneSwarm+1","floor":33},{"not_picked":["RobotSpaceExplorer:GlueShot+1","RobotSpaceExplorer:MetalStrike+1"],"picked":"RobotSpaceExplorer:Electropulse+1","floor":35},{"not_picked":["RobotSpaceExplorer:Blitz+1","RobotSpaceExplorer:FrostMissile"],"picked":"RobotSpaceExplorer:GearShield+1","floor":36},{"not_picked":["RobotSpaceExplorer:FrostMissile+1","RobotSpaceExplorer:GlueShot"],"picked":"RobotSpaceExplorer:DoubleFind+1","floor":37},{"not_picked":["RobotSpaceExplorer:MakeshiftVolley+1","RobotSpaceExplorer:Electropulse+1"],"picked":"RobotSpaceExplorer:ShovelStrike+1","floor":39},{"not_picked":["RobotSpaceExplorer:FranticSearch","RobotSpaceExplorer:PowerGlove+1"],"picked":"RobotSpaceExplorer:FreezingShield+1","floor":41},{"not_picked":["RobotSpaceExplorer:ImprovisedAttack+1","RobotSpaceExplorer:ShockKick"],"picked":"RobotSpaceExplorer:Autoloader+1","floor":42},{"not_picked":["RobotSpaceExplorer:GlueShot","RobotSpaceExplorer:ImprovisedAttack"],"picked":"RobotSpaceExplorer:BigMissile+1","floor":44},{"not_picked":["Swift Strike+1","Blind+1"],"picked":"Mayhem+1","floor":45},{"not_picked":["Chrysalis+1","Madness+1"],"picked":"Master of Strategy+1","floor":45},{"not_picked":["Madness+1","Forethought+1"],"picked":"Dark Shackles+1","floor":45},{"not_picked":["RobotSpaceExplorer:Discharger+1","RobotSpaceExplorer:ImprovisedAttack"],"picked":"RobotSpaceExplorer:Smokescreen+1","floor":47},{"not_picked":["RobotSpaceExplorer:ImprovisedAttack+1","RobotSpaceExplorer:MiniDrones","RobotSpaceExplorer:GlueShot"],"picked":"Singing Bowl","floor":54}],"player_experience":294659,"relics_obtained":[{"floor":6.0,"key":"Singing Bowl"},{"floor":9.0,"key":"Bottled Flame"},{"floor":10.0,"key":"RobotSpaceExplorer:BottledGravity"},{"floor":24.0,"key":"Whetstone"},{"floor":24.0,"key":"Darkstone Periapt"},{"floor":26.0,"key":"RobotSpaceExplorer:PlasmaHourglass"},{"floor":29,"key":"Bag of Preparation"},{"floor":41,"key":"Happy Flower"},{"floor":47,"key":"Bronze Scales"},{"floor":54,"key":"Eternal Feather"}],"event_choices":[{"damage_healed":0.0,"max_hp_gain":0.0,"max_hp_loss":0.0,"gold_gain":0.0,"event_name":"Golden Idol","player_choice":"Take Damage","floor":2.0,"gold_loss":0.0,"damage_taken":18.0,"relics_obtained":["Golden Idol"]},{"damage_healed":0.0,"max_hp_gain":0.0,"max_hp_loss":0.0,"gold_gain":0.0,"event_name":"Upgrade Shrine","player_choice":"Upgraded","floor":3.0,"gold_loss":0.0,"damage_taken":0.0,"cards_upgraded":["RobotSpaceExplorer:Blitz"]},{"damage_healed":0.0,"max_hp_gain":0.0,"max_hp_loss":0.0,"gold_gain":0.0,"event_name":"betterThird:BetterGoop","player_choice":"Slimed","floor":7.0,"gold_loss":45.0,"damage_taken":11.0},{"damage_healed":0.0,"max_hp_gain":0.0,"max_hp_loss":0.0,"gold_gain":1.0,"event_name":"betterThird:BetterScrap","player_choice":"Relic Relic ","floor":11.0,"gold_loss":0.0,"damage_taken":6.0,"cards_obtained":["DeceiveReality"]},{"damage_healed":0,"gold_gain":0,"player_choice":"Memory 3","damage_taken":10,"max_hp_gain":0,"max_hp_loss":0,"event_name":"SensoryStone","floor":45,"gold_loss":0},{"damage_healed":0,"gold_gain":0,"cards_transformed":["RobotSpaceExplorer:Defend"],"player_choice":"Transformed","damage_taken":0,"max_hp_gain":0,"max_hp_loss":0,"event_name":"Transmorgrifier","floor":48,"gold_loss":0,"cards_obtained":["RobotSpaceExplorer:FreezingShield"]}],"is_beta":false,"boss_relics":[{"not_picked":["Busted Crown","Calling Bell"],"picked":"RobotSpaceExplorer:SearchSpecs"},{"not_picked":["SlaversCollar","Runic Pyramid"],"picked":"Coffee Dripper"}],"items_purged_floors":[38],"is_endless":false,"potions_floor_spawned":[1,8,12,16,18,20,27,30,33,35,42,47,54],"ascension_level":2}}