{"host":"w9yruvs4bqht6bhw","time":1609717597,"event":{"mods":["BaseMod","Colored Powertips","Minty Spire (QoL Compilation)"],"gold_per_floor":[110,127,0,0,15,49,60,87,87,99,99,126,155,165,165,265,265,275,287,32,50,68,68,78,94,94,94,45,45,45,58,58,160,160,172,172,47,47,47,47],"floor_reached":39,"playtime":1597,"items_purged":["Strike_P","Strike_P","Strike_P"],"score":423,"play_id":"68c494c2-6384-44dc-bdb4-bb3b4ce76b4f","local_time":"20210103184637","is_ascension_mode":true,"campfire_choices":[{"data":"Apotheosis","floor":15,"key":"SMITH"},{"floor":23,"key":"REST"},{"floor":27,"key":"REST"},{"floor":29,"key":"RECALL"},{"data":"RitualDagger","floor":32,"key":"SMITH"}],"circlet_count":0,"master_deck":["Strike_P","Defend_P","Defend_P","Defend_P","Defend_P","Eruption","Vigilance","Apotheosis+1","CarveReality","Prostrate","Conclude","ClearTheMind","WaveOfTheHand","WindmillStrike","DevaForm+1","Establishment+1","CutThroughFate","Evaluate+1","WindmillStrike","RitualDagger+1","Alpha"],"relics":["PureWater","Orichalcum","Frozen Egg 2","Bottled Lightning","Regal Pillow","Omamori","SacredBark","Ginger","VioletLotus","Akabeko"],"acts_visited":["Exordium","TheCity","TheBeyond"],"potions_floor_usage":[6,7,16,16,25,31,33,33],"damage_taken":[{"damage":2,"enemies":"Small Slimes","floor":1,"turns":4},{"damage":0,"enemies":"2 Louse","floor":2,"turns":2},{"damage":3,"enemies":"Jaw Worm","floor":5,"turns":3},{"damage":10,"enemies":"3 Sentries","floor":6,"turns":3},{"damage":0,"enemies":"Gremlin Gang","floor":7,"turns":3},{"damage":10,"enemies":"Lagavulin","floor":8,"turns":4},{"damage":8,"enemies":"Large Slime","floor":10,"turns":6},{"damage":10,"enemies":"Gremlin Nob","floor":13,"turns":3},{"damage":2,"enemies":"Blue Slaver","floor":14,"turns":3},{"damage":6,"enemies":"Slime Boss","floor":16,"turns":7},{"damage":2,"enemies":"2 Thieves","floor":18,"turns":4},{"damage":11,"enemies":"Spheric Guardian","floor":19,"turns":5},{"damage":18,"enemies":"Snecko","floor":21,"turns":4},{"damage":6,"enemies":"Snake Plant","floor":22,"turns":3},{"damage":14,"enemies":"Sentry and Sphere","floor":24,"turns":5},{"damage":17,"enemies":"Shelled Parasite and Fungi","floor":25,"turns":5},{"damage":3,"enemies":"Centurion and Healer","floor":31,"turns":4},{"damage":29,"enemies":"Automaton","floor":33,"turns":9},{"damage":39,"enemies":"Orb Walker","floor":35,"turns":6},{"damage":27,"enemies":"3 Shapes","floor":39,"turns":3}],"seed_played":"2724398984576963598","potions_obtained":[{"floor":2,"key":"Swift Potion"},{"floor":6,"key":"BottledMiracle"},{"floor":13,"key":"Explosive Potion"},{"floor":16,"key":"Ancient Potion"},{"floor":21,"key":"BlessingOfTheForge"},{"floor":24,"key":"Weak Potion"},{"floor":31,"key":"DuplicationPotion"},{"floor":35,"key":"BottledMiracle"}],"is_trial":false,"path_per_floor":["M","M","$","?","M","E","M","E","T","M","?","T","E","M","R","B",null,"M","M","$","M","M","R","M","M","T","R","$","R","?","M","R","B",null,"M","?","$","?","M"],"character_chosen":"WATCHER","items_purchased":["AttackPotion","Establishment+1","ColorlessPotion"],"campfire_rested":2,"item_purchase_floors":[3,20,28],"current_hp_per_floor":[63,63,63,63,60,50,50,40,40,32,53,53,43,41,41,35,65,63,52,52,34,28,62,48,31,31,65,65,65,59,56,56,27,65,26,26,26,26,0,0],"gold":47,"neow_bonus":"RANDOM_COLORLESS_2","is_daily":false,"chose_seed":false,"campfire_upgraded":2,"win_rate":0.0,"timestamp":1609717597,"path_taken":["M","M","$","?","M","E","M","E","T","M","?","?","E","M","R","BOSS","M","?","$","M","?","R","M","M","T","R","$","R","?","M","R","BOSS","M","?","$","?","M"],"items_purchased_type":["Potion","Card","Potion"],"build_version":"2020-12-22","purchased_purges":3,"victory":false,"max_hp_per_floor":[65,65,65,65,65,65,65,65,65,65,65,65,65,65,65,65,65,65,65,65,65,65,65,65,65,65,65,65,65,65,65,65,65,65,65,65,65,65,65,65],"card_choices":[{"not_picked":["Magnetism","Secret Technique"],"picked":"Apotheosis","floor":0},{"not_picked":["Meditate","MentalFortress","FlurryOfBlows"],"picked":"SKIP","floor":1},{"not_picked":["Vengeance","CutThroughFate"],"picked":"CarveReality","floor":2},{"not_picked":["Sanctity","EmptyBody","EmptyFist"],"picked":"SKIP","floor":5},{"not_picked":["Fasting2","JustLucky"],"picked":"Prostrate","floor":6},{"not_picked":["EmptyBody","MentalFortress"],"picked":"Conclude","floor":7},{"not_picked":["FearNoEvil","SignatureMove","Swivel"],"picked":"SKIP","floor":8},{"not_picked":["FlyingSleeves","Sanctity"],"picked":"ClearTheMind","floor":10},{"not_picked":["LessonLearned","Adaptation+1"],"picked":"WaveOfTheHand","floor":13},{"not_picked":["WaveOfTheHand","EmptyFist"],"picked":"WindmillStrike","floor":14},{"not_picked":["LessonLearned","Scrawl"],"picked":"DevaForm+1","floor":16},{"not_picked":["Protect","PathToVictory","Crescendo+1"],"picked":"SKIP","floor":18},{"not_picked":["SignatureMove+1","PathToVictory","Wallop"],"picked":"SKIP","floor":19},{"not_picked":["Consecrate","PathToVictory"],"picked":"CutThroughFate","floor":21},{"not_picked":["Sanctity","Establishment+1","Adaptation+1"],"picked":"SKIP","floor":22},{"not_picked":["Study+1","ClearTheMind"],"picked":"Evaluate+1","floor":24},{"not_picked":["PathToVictory+1","FlurryOfBlows"],"picked":"WindmillStrike","floor":25},{"not_picked":["CrushJoints","MentalFortress+1","FlyingSleeves"],"picked":"SKIP","floor":31},{"not_picked":["Blasphemy","Scrawl"],"picked":"Alpha","floor":33},{"not_picked":["ThirdEye+1","Consecrate+1","CrushJoints+1"],"picked":"SKIP","floor":35}],"player_experience":305946,"relics_obtained":[{"floor":6,"key":"Orichalcum"},{"floor":8,"key":"Frozen Egg 2"},{"floor":9,"key":"Bottled Lightning"},{"floor":12,"key":"Regal Pillow"},{"floor":13,"key":"Omamori"},{"floor":26,"key":"Ginger"}],"event_choices":[{"damage_healed":0,"gold_gain":0,"player_choice":"Ignored","damage_taken":0,"max_hp_gain":0,"max_hp_loss":0,"event_name":"Liars Game","floor":4,"gold_loss":0},{"damage_healed":21,"gold_gain":0,"player_choice":"Banana","damage_taken":0,"max_hp_gain":0,"max_hp_loss":0,"event_name":"Big Fish","floor":11,"gold_loss":0},{"damage_healed":0,"gold_gain":0,"player_choice":"Joined the Cult","damage_taken":6,"max_hp_gain":0,"max_hp_loss":0,"event_name":"Nest","floor":30,"gold_loss":0,"cards_obtained":["RitualDagger"]},{"damage_healed":0,"gold_gain":0,"player_choice":"Ignored","damage_taken":0,"max_hp_gain":0,"max_hp_loss":0,"event_name":"Tomb of Lord Red Mask","floor":36,"gold_loss":0},{"damage_healed":0,"gold_gain":0,"player_choice":"Gave Potion","damage_taken":0,"relics_obtained":["Akabeko"],"max_hp_gain":0,"max_hp_loss":0,"event_name":"WeMeetAgain","floor":38,"gold_loss":0}],"is_beta":false,"boss_relics":[{"not_picked":["Cursed Key","Calling Bell"],"picked":"SacredBark"},{"not_picked":["Philosopher\u0027s Stone","Tiny House"],"picked":"VioletLotus"}],"items_purged_floors":[3,20,37],"is_endless":false,"potions_floor_spawned":[2,6,13,16,21,24,31,35],"killed_by":"3 Shapes","ascension_level":1}}