{"host":"c3lc60y5x60jlt1y","time":1609669609,"event":{"mods":["AchievementEnabler","BaseMod","Colored Map","Minty Spire (QoL Compilation)","Quick Restart","StSLib"],"gold_per_floor":[117,41,41,53,53,81,94,94,148,159,234,159,176,203,203,278,278,292,292,309,328,253,253,253,253],"floor_reached":24,"playtime":1634,"items_purged":[],"score":412,"play_id":"21888c7d-0e4b-4d4f-818e-ed40cf42b672","local_time":"20210103122649","is_ascension_mode":true,"campfire_choices":[{"floor":8,"key":"REST"},{"floor":15,"key":"REST"},{"data":"Crippling Poison","floor":23,"key":"SMITH"}],"circlet_count":0,"master_deck":["AscendersBane","Strike_G","Strike_G","Defend_G","Defend_G","Defend_G","Defend_G","Defend_G","Survivor","Neutralize","Bouncing Flask","Skewer","Footwork","Doppelganger","Dagger Spray","Dash","Cloak And Dagger","Crippling Poison+1","Glass Knife","Underhanded Strike","Tactician","Eviscerate+1"],"relics":["Black Star","Vajra","Bottled Tornado","Strawberry","Omamori","Bag of Preparation","Snecko Eye"],"acts_visited":["Exordium","TheCity"],"potions_floor_usage":[4,6,14,16,24],"damage_taken":[{"damage":12,"enemies":"Cultist","floor":1,"turns":6},{"damage":4,"enemies":"Jaw Worm","floor":4,"turns":2},{"damage":44,"enemies":"Gremlin Nob","floor":6,"turns":5},{"damage":0,"enemies":"2 Louse","floor":7,"turns":4},{"damage":0,"enemies":"2 Fungi Beasts","floor":10,"turns":4},{"damage":3,"enemies":"Blue Slaver","floor":13,"turns":5},{"damage":6,"enemies":"Lagavulin","floor":14,"turns":7},{"damage":27,"enemies":"Hexaghost","floor":16,"turns":12},{"damage":2,"enemies":"Chosen","floor":18,"turns":4},{"damage":13,"enemies":"Spheric Guardian","floor":20,"turns":4},{"damage":34,"enemies":"Shelled Parasite and Fungi","floor":21,"turns":5},{"damage":12,"enemies":"Book of Stabbing","floor":24,"turns":4}],"seed_played":"7732927531509251014","potions_obtained":[{"floor":1,"key":"SneckoOil"},{"floor":4,"key":"GamblersBrew"},{"floor":7,"key":"Block Potion"},{"floor":10,"key":"LiquidMemories"},{"floor":18,"key":"Explosive Potion"}],"is_trial":false,"path_per_floor":["M","$","?","M","?","E","M","R","T","M","?","?","M","E","R","B",null,"M","?","M","M","?","R","E"],"character_chosen":"THE_SILENT","items_purchased":["Skewer"],"campfire_rested":2,"item_purchase_floors":[2],"current_hp_per_floor":[47,47,47,43,48,4,4,25,32,32,21,21,18,12,35,8,61,59,59,46,12,12,12,0,0],"gold":253,"neow_bonus":"BOSS_RELIC","is_daily":false,"chose_seed":false,"campfire_upgraded":1,"win_rate":0.0,"timestamp":1609669609,"path_taken":["M","?","?","?","?","E","M","R","T","M","?","?","M","E","R","BOSS","M","?","M","M","?","R","E"],"items_purchased_type":["Card"],"build_version":"2020-12-22","purchased_purges":0,"victory":false,"max_hp_per_floor":[66,66,66,66,71,71,71,71,78,78,78,78,78,78,78,78,78,78,78,78,78,78,78,78,78],"card_choices":[{"not_picked":["Dagger Throw","Quick Slash"],"picked":"Bouncing Flask","floor":1},{"not_picked":["Slice","Deflect"],"picked":"Footwork","floor":4},{"not_picked":["Slice","Tactician","Doppelganger"],"picked":"SKIP","floor":6},{"not_picked":["Slice","Tactician"],"picked":"Doppelganger","floor":6},{"not_picked":["Terror","Quick Slash"],"picked":"Dagger Spray","floor":7},{"not_picked":["Footwork","Slice"],"picked":"Dash","floor":10},{"not_picked":["Choke","Underhanded Strike"],"picked":"Cloak And Dagger","floor":13},{"not_picked":["Bane","Footwork"],"picked":"Crippling Poison","floor":14},{"not_picked":["Tools of the Trade","Night Terror"],"picked":"Glass Knife","floor":16},{"not_picked":["Setup","Calculated Gamble"],"picked":"Underhanded Strike","floor":18},{"not_picked":["Underhanded Strike","Backflip"],"picked":"Eviscerate+1","floor":20},{"not_picked":["Footwork","Outmaneuver","Poisoned Stab"],"picked":"SKIP","floor":21}],"player_experience":7443720,"relics_obtained":[{"floor":6,"key":"Vajra"},{"floor":6,"key":"Bottled Tornado"},{"floor":9,"key":"Strawberry"},{"floor":14,"key":"Omamori"},{"floor":14,"key":"Bag of Preparation"}],"event_choices":[{"cards_removed":["Strike_G"],"damage_healed":0,"gold_gain":0,"player_choice":"Purged","damage_taken":0,"max_hp_gain":0,"max_hp_loss":0,"event_name":"Purifier","floor":3,"gold_loss":0},{"damage_healed":0,"gold_gain":0,"player_choice":"Donut","damage_taken":0,"max_hp_gain":5,"max_hp_loss":0,"event_name":"Big Fish","floor":5,"gold_loss":0},{"damage_healed":0,"gold_gain":75,"player_choice":"Gather Gold","damage_taken":11,"max_hp_gain":0,"max_hp_loss":0,"event_name":"World of Goop","floor":11,"gold_loss":0},{"cards_removed":["Strike_G"],"damage_healed":0,"gold_gain":0,"player_choice":"Card Removal","damage_taken":0,"max_hp_gain":0,"max_hp_loss":0,"event_name":"The Cleric","floor":12,"gold_loss":75},{"damage_healed":0,"gold_gain":0,"player_choice":"Read","damage_taken":0,"max_hp_gain":0,"max_hp_loss":0,"event_name":"The Library","floor":19,"gold_loss":0,"cards_obtained":["Tactician"]},{"cards_removed":["Strike_G"],"damage_healed":0,"gold_gain":0,"player_choice":"Gave Gold","damage_taken":0,"max_hp_gain":0,"max_hp_loss":0,"event_name":"Beggar","floor":22,"gold_loss":75}],"is_beta":false,"boss_relics":[{"not_picked":["HoveringKite","Fusion Hammer"],"picked":"Snecko Eye"}],"items_purged_floors":[],"is_endless":false,"potions_floor_spawned":[1,4,7,10,18],"killed_by":"Book of Stabbing","ascension_level":20}}