{"host":"cjmwurvrz00ml9vd","time":1609696848,"event":{"mods":["2.2 Compatiblity","AchievementEnabler","Act Like it!","Aspiration","BaseMod","Beaked The Cultist","Better Third Choice","BetterRewards","Colored Powertips","Conspire","Downfall","Hermit","Hubris","Infinite Spire","Marisa????????","Marked Mod","Minty Spire (QoL Compilation)","Robot Space Explorer","StSLib","The Blackbeard","The Cursed","The Disciple","The Jungle","The Necromancer","The Servant 0.9.4","TheFirefly"],"gold_per_floor":[115,115,128,144,162,162,172,198,198,198,218,218,239,278,278,403,403,420,474,474,494,519,561,561,585,631,120,147,180,180,180],"floor_reached":30,"playtime":1550,"items_purged":[],"score":364,"play_id":"4ed93e87-07c6-4be4-8c4d-11d0654962e7","local_time":"20210103190048","is_ascension_mode":false,"campfire_choices":[{"data":"hermit:FlashPowder","floor":6.0,"key":"SMITH"},{"floor":10.0,"key":"REST"},{"floor":15.0,"key":"REST"},{"data":"hermit:LoneWolf","floor":24.0,"key":"SMITH"}],"circlet_count":0,"master_deck":["hermit:Strike_Hermit+1","hermit:Strike_Hermit","hermit:Strike_Hermit","hermit:Strike_Hermit+1","hermit:Defend_Hermit","hermit:Defend_Hermit","hermit:Defend_Hermit","hermit:Defend_Hermit","hermit:Snapshot","hermit:Covet","hermit:FlashPowder+1","hermit:Feint","hermit:RoundhouseKick","hermit:CursedWeapon","hermit:LoneWolf+1","hermit:FatalDesire","infinitespire:Fortify"],"relics":["hermit:Momento","Tiny Chest","Orrery","Happy Flower","Whetstone","infinitespire:Midas Blood","Toy Ornithopter","aspiration:ChemicalBlood","Cauldron","Strawberry","hubris:SlimyHat","infinitespire:PuzzleCube"],"acts_visited":["Exordium","TheCity"],"potions_floor_usage":[],"damage_taken":[{"damage":2.0,"enemies":"2 Louse","floor":1.0,"turns":3.0},{"damage":2.0,"enemies":"Jaw Worm","floor":3.0,"turns":3.0},{"damage":2.0,"enemies":"Cultist","floor":4.0,"turns":3.0},{"damage":2.0,"enemies":"Gremlin Gang","floor":5.0,"turns":1.0},{"damage":2.0,"enemies":"Looter","floor":7.0,"turns":2.0},{"damage":17.0,"enemies":"Gremlin Nob","floor":8.0,"turns":4.0},{"damage":3.0,"enemies":"Exordium Thugs","floor":11.0,"turns":4.0},{"damage":6.0,"enemies":"Red Slaver","floor":13.0,"turns":3.0},{"damage":13.0,"enemies":"Lagavulin","floor":14.0,"turns":5.0},{"damage":38.0,"enemies":"The Guardian","floor":16.0,"turns":14.0},{"damage":19.0,"enemies":"Spheric Guardian","floor":18.0,"turns":4.0},{"damage":2.0,"enemies":"Shell Parasite","floor":21.0,"turns":3.0},{"damage":22.0,"enemies":"Snecko","floor":22.0,"turns":8.0},{"damage":21.0,"enemies":"Slavers","floor":23.0,"turns":6.0},{"damage":26.0,"enemies":"Shelled Parasite and Fungi","floor":25.0,"turns":5.0},{"damage":26.0,"enemies":"Centurion and Healer","floor":29.0,"turns":6.0}],"seed_played":"6621069980366881648","potions_obtained":[{"floor":3.0,"key":"ColorlessPotion"},{"floor":5.0,"key":"GamblersBrew"},{"floor":7.0,"key":"Guardian:BlockOnCardUsePotion"},{"floor":14.0,"key":"hermit:Tonic"},{"floor":18.0,"key":"DistilledChaos"},{"floor":20.0,"key":"Fruit Juice"},{"floor":20.0,"key":"BlessingOfTheForge"},{"floor":20.0,"key":"Explosive Potion"},{"floor":29.0,"key":"sneckomod:MuddlingPotion"}],"is_trial":false,"path_per_floor":["M","?","M","M","M","R","M","E","T","R","M","?","M","E","R","B",null,"M","T","AVR","M","M","E","R","M","T","?","T","M","$"],"character_chosen":"HERMIT","items_purchased":["hermit:FlashPowder","Tiny Chest","Orrery","hermit:CursedWeapon"],"campfire_rested":2,"item_purchase_floors":[0,0,0,0],"current_hp_per_floor":[47,47,45,43,41,41,39,22,22,44,41,41,35,22,44,11,75,56,56,66,74,52,48,48,27,27,27,27,6,6,6],"gold":180,"neow_bonus":"","is_daily":false,"chose_seed":false,"campfire_upgraded":2,"win_rate":0.0,"timestamp":1609696848,"path_taken":["M","?","M","M","M","R","M","E","T","R","M","?","?","E","R","BOSS","M","?","AVR","?","?","E","R","M","T","?","?","?","?"],"items_purchased_type":["Card","Relic","Relic","Card"],"build_version":"2020-12-22","purchased_purges":0,"victory":false,"max_hp_per_floor":[75,75,75,75,75,75,75,75,75,75,75,75,75,75,75,75,75,75,75,80,80,80,87,87,87,87,87,87,87,87,87],"card_choices":[{"not_picked":["hermit:WideOpen","hermit:Coalescence"],"picked":"hermit:Feint","floor":0.0},{"not_picked":["hermit:Malice","hermit:Vantage"],"picked":"hermit:RoundhouseKick","floor":0.0},{"not_picked":["hermit:Headshot","hermit:HoleUp","hermit:Vantage"],"picked":"SKIP","floor":1.0},{"not_picked":["hermit:Cheat","hermit:Glare","hermit:TakeCover"],"picked":"SKIP","floor":3.0},{"not_picked":["hermit:Desperado","hermit:HeroicBravado","hermit:DeadMansHand"],"picked":"SKIP","floor":4.0},{"not_picked":["hermit:Manifest","hermit:Midnight","hermit:Virtue"],"picked":"SKIP","floor":5.0},{"not_picked":["hermit:Manifest","hermit:BodyArmor","hermit:Ricochet"],"picked":"SKIP","floor":7.0},{"not_picked":["hermit:Ricochet","hermit:Feint"],"picked":"hermit:LoneWolf","floor":8.0},{"not_picked":["hermit:Manifest","hermit:DeadMansHand","hermit:Misfire"],"picked":"SKIP","floor":11.0},{"not_picked":["hermit:Virtue","hermit:LuckOfTheDraw","hermit:Vantage"],"picked":"SKIP","floor":13.0},{"not_picked":["hermit:LoneWolf","hermit:Dive","hermit:BodyArmor"],"picked":"SKIP","floor":14.0},{"not_picked":["hermit:FromBeyond","hermit:Magnum"],"picked":"hermit:FatalDesire","floor":16.0},{"not_picked":["hermit:CalledShot","hermit:BodyArmor","hermit:Midnight"],"picked":"SKIP","floor":18.0},{"not_picked":["hermit:Desperado+1","hermit:FullyLoaded","hermit:ItchyTrigger"],"picked":"SKIP","floor":21.0},{"not_picked":["hermit:Vantage","hermit:Desperado","hermit:HoleUp+1"],"picked":"SKIP","floor":22.0},{"not_picked":["hermit:Deadeye","hermit:SprayPray","hermit:LoneWolf"],"picked":"SKIP","floor":23.0},{"not_picked":["hermit:Maintenance","hermit:FullyLoaded","hermit:WideOpen"],"picked":"SKIP","floor":25.0},{"not_picked":["infinitespire:NeuralNetwork","infinitespire:UltimateForm"],"picked":"infinitespire:Fortify","floor":27.0},{"not_picked":["hermit:Cheat","hermit:LoneWolf","hermit:CalledShot"],"picked":"SKIP","floor":29.0}],"player_experience":642073,"relics_obtained":[{"floor":2.0,"key":"Happy Flower"},{"floor":8.0,"key":"Whetstone"},{"floor":9.0,"key":"infinitespire:Midas Blood"},{"floor":14.0,"key":"Toy Ornithopter"},{"floor":19.0,"key":"aspiration:ChemicalBlood"},{"floor":23.0,"key":"Strawberry"},{"floor":26.0,"key":"hubris:SlimyHat"},{"floor":28.0,"key":"infinitespire:PuzzleCube"}],"event_choices":[{"damage_healed":0.0,"max_hp_gain":0.0,"max_hp_loss":0.0,"gold_gain":0.0,"event_name":"NoteForYourself","player_choice":"Ignored","floor":12.0,"gold_loss":0.0,"damage_taken":0.0}],"is_beta":false,"boss_relics":[{"not_picked":["aspiration:MarisaSkillbook","hubris:BlackHole","Snecko Eye"]}],"items_purged_floors":[],"is_endless":false,"potions_floor_spawned":[3,5,7,14,18,29],"ascension_level":0}}