{"host":"7z347kdhnquy3q4q","time":1609676574,"event":{"mods":["Act Like it!","Aspiration","BaseMod","Downfall","Hubris","Infinite Spire","Minty Spire (QoL Compilation)","MostiFishMod","Pale of the Ancients","Permanent Neow","Potionbrewer","Replay The Spire","Robot Space Explorer","Spicy Shops","StSLib","Wandering Minibosses","vexMod"],"gold_per_floor":[111,111,26,42,42,70,70,101,182,192,32,42,77,97,97,169,169,188,201,201,218,218,248,81,110,110,110,30,30,50,65,65,139,139,159,159,159,173,173,173,473,508,563,613,639,639,653,670,670,670,689,709,709,709,709,721,721,721,721,721],"floor_reached":61,"playtime":2870,"items_purged":["RobotSpaceExplorer:Strike","Shame"],"score":2739,"play_id":"35b3babc-fb04-4838-8bf4-987302f1ebd7","local_time":"20210103062254","is_ascension_mode":true,"campfire_choices":[{"data":"RobotSpaceExplorer:LaserBurst","floor":7.0,"key":"SMITH"},{"data":"RobotSpaceExplorer:ToxicBomb","floor":15.0,"key":"SMITH"},{"data":"MostiFishMod:AdrenalineArouse","floor":32.0,"key":"SMITH"},{"data":"RobotSpaceExplorer:ShockMissile","floor":40,"key":"SMITH"},{"data":"Mind Blast","floor":46,"key":"SMITH"},{"data":"RobotSpaceExplorer:Accelerator","floor":49,"key":"SMITH"},{"data":"RobotSpaceExplorer:Blaster","floor":55,"key":"SMITH"},{"data":"RobotSpaceExplorer:Asteroid","floor":57,"key":"SMITH"}],"circlet_count":0,"master_deck":["AscendersBane","RobotSpaceExplorer:Defend","RobotSpaceExplorer:Defend+1","RobotSpaceExplorer:Defend","RobotSpaceExplorer:Scan+1","RobotSpaceExplorer:MiniLasers","RobotSpaceExplorer:MetalStrike","RobotSpaceExplorer:LaserBurst+1","RobotSpaceExplorer:ImprovisedAttack","RobotSpaceExplorer:ToxicBomb+1","RobotSpaceExplorer:Calculate","RobotSpaceExplorer:StunGrenade","RobotSpaceExplorer:MiniDrones","RobotSpaceExplorer:MiniDrones","RobotSpaceExplorer:Calculate","RobotSpaceExplorer:ShockMissile","hubris:Fate","MostiFishMod:ButterFly","RobotSpaceExplorer:Accelerator+1","Guardian:CurlUp","RobotSpaceExplorer:TurboDodge","RobotSpaceExplorer:SwiftStep","RobotSpaceExplorer:FreezeRay+1","RobotSpaceExplorer:ScrapMissile","hubris:Counter","Atom Bomb","MostiFishMod:AdrenalineArouse+1","RobotSpaceExplorer:ScrapToss","RobotSpaceExplorer:Explosion","RobotSpaceExplorer:Accelerator+1","RobotSpaceExplorer:MiniDrones+1","RobotSpaceExplorer:ShockMissile+1","AbeCurse","RobotSpaceExplorer:Discharger+1","RobotSpaceExplorer:MiniDrones","RobotSpaceExplorer:MiniBoosters+1","infinitespire:Starlight","RobotSpaceExplorer:Probe","RobotSpaceExplorer:ScrapToss","Crow Ritual+1","Mind Blast+1","RobotSpaceExplorer:Pulsar+1","RobotSpaceExplorer:Multitool+1","RobotSpaceExplorer:DualCore+1","RobotSpaceExplorer:Asteroid+1","RobotSpaceExplorer:FrostMissile+1","RobotSpaceExplorer:Blaster+1","RobotSpaceExplorer:PowerCollector+1","RobotSpaceExplorer:MiniDrones+1"],"relics":["RobotSpaceExplorer:RoboCore","DaveBox","PatriotShield","War Paint","SynthV:TestCard","Toolbox","hubris:MysteriousPyramids","Replay:Rubber Ducky","Eternal Feather","Dodecahedron","Prayer Wheel","ReplayTheSpireMod:SealedPack","wanderingMiniBosses:Inkheart","Philosopher\u0027s Stone","Mummified Hand","RobotSpaceExplorer:ClockworkSextant","Medical Kit","Bag of Preparation","Frozen Egg 2","infinitespire:EmpoweringShard","Abe\u0027s Treasure","hubris:Icosahedron","hubris:ToyBattleship","hubris:NiceRug","Juzu Bracelet","aspiration:Nostalgia","Burning Blood","Onion Ring","Replay:Mystery Machine","Bottled Lightning","Question Card","Anchor","StrikeDummy","paleoftheancients:Timepiece","paleoftheancients:KeyRelic","CultistMask","paleoftheancients:SoulOfTheBard","hubris:Towel","potionbrewer:BottledElixir"],"acts_visited":["Exordium","TheCity","TheBeyond","TheBeyond"],"potions_floor_usage":[50,60],"damage_taken":[{"damage":0.0,"enemies":"Jaw Worm","floor":1.0,"turns":1.0},{"damage":0.0,"enemies":"Small Slimes","floor":4.0,"turns":1.0},{"damage":0.0,"enemies":"Lagavulin","floor":6.0,"turns":3.0},{"damage":0.0,"enemies":"Replay:BlueRogue","floor":8.0,"turns":2.0},{"damage":0.0,"enemies":"2 Louse","floor":10.0,"turns":1.0},{"damage":0.0,"enemies":"2 Fungi Beasts","floor":12.0,"turns":1.0},{"damage":0.0,"enemies":"Gremlin Nob","floor":13.0,"turns":2.0},{"damage":0.0,"enemies":"Blue Slaver","floor":14.0,"turns":1.0},{"damage":0.0,"enemies":"Hexaghost","floor":16.0,"turns":3.0},{"damage":0.0,"enemies":"3 Byrds","floor":18.0,"turns":4.0},{"damage":0.0,"enemies":"Spheric Guardian","floor":19.0,"turns":1.0},{"damage":0.0,"enemies":"Snecko","floor":21.0,"turns":1.0},{"damage":0.0,"enemies":"Gremlin Leader","floor":23.0,"turns":1.0},{"damage":0.0,"enemies":"Book of Stabbing","floor":25.0,"turns":1.0},{"damage":0.0,"enemies":"Cultist and Chosen","floor":30.0,"turns":1.0},{"damage":0.0,"enemies":"Centurion and Healer","floor":31.0,"turns":1.0},{"damage":12.0,"enemies":"hubris:MusketHawk","floor":33.0,"turns":2.0},{"damage":0,"enemies":"Orb Walker","floor":35,"turns":1},{"damage":0,"enemies":"3 Shapes","floor":38,"turns":2},{"damage":0,"enemies":"hubris:Merchant","floor":41,"turns":2},{"damage":0,"enemies":"Nemesis","floor":42,"turns":1},{"damage":0,"enemies":"R_Hoarder","floor":45,"turns":2},{"damage":0,"enemies":"Jaw Worm Horde","floor":47,"turns":1},{"damage":0,"enemies":"Writhing Mass","floor":48,"turns":1},{"damage":0,"enemies":"Replay:Hell Engine","floor":50,"turns":1},{"damage":0,"enemies":"Replay:Hell Engine","floor":51,"turns":1},{"damage":0,"enemies":"Replay:Hell Engine","floor":52,"turns":1},{"damage":0,"enemies":"Replay:Hell Engine","floor":56,"turns":2},{"damage":0,"enemies":"paleoftheancients:N","floor":60,"turns":3}],"seed_played":"-5670378592702624019","potions_obtained":[{"floor":4.0,"key":"Toxic Potion"},{"floor":6.0,"key":"Swift Potion"},{"floor":10.0,"key":"hexamod:EctoCoolerPotion"},{"floor":13.0,"key":"potionbrewer:DiscountPotion"},{"floor":14.0,"key":"Adrenaline Potion"},{"floor":30.0,"key":"Flashbang"},{"floor":41,"key":"potionbrewer:EndurancePotion"},{"floor":41,"key":"potionbrewer:EndurancePotion"},{"floor":51,"key":"potionbrewer:CleansingPotion"}],"is_trial":false,"path_per_floor":["M","?","$","M","$","E","R","E","T","M","$","M","E","M","R","B",null,"M","M","AVR","M","?","E","$","E","T","?","?","?","M","M","R","B",null,"M","?","?","M","AVR","R","$","E","T","?","E","R","M","M","R","B","M","M","?","T","R","M","R","$","?","B",null],"character_chosen":"RobotSpaceExplorer","items_purchased":["Toolbox","Dodecahedron","Medical Kit"],"campfire_rested":0,"item_purchase_floors":[3,11,24],"current_hp_per_floor":[64,57,57,61,61,61,61,61,61,61,61,61,69,69,71,71,71,71,71,71,71,71,71,71,71,71,71,71,71,71,71,71,71,71,71,71,71,71,71,71,71,71,71,71,71,71,71,71,71,71,71,71,71,71,71,71,71,71,71,71],"gold":721,"neow_bonus":"RANDOM_COMMON_RELIC","is_daily":false,"chose_seed":false,"campfire_upgraded":8,"win_rate":0.0,"timestamp":1609676574,"path_taken":["M","?","$","M","?","E","R","E","T","M","$","M","E","M","R","BOSS","M","M","AVR","M","?","E","$","E","T","?","?","?","M","M","R","BOSS","M","?","?","M","AVR","R","$","E","T","?","E","R","M","M","R","BOSS","M","M","?","T","R","M","R","$","?","BOSS"],"items_purchased_type":["Relic","Relic","Relic"],"build_version":"2020-12-22","purchased_purges":2,"victory":true,"max_hp_per_floor":[71,71,71,71,71,71,71,71,71,71,71,71,71,71,71,71,71,71,71,71,71,71,71,71,71,71,71,71,71,71,71,71,71,71,71,71,71,71,71,71,71,71,71,71,71,71,71,71,71,71,71,71,71,71,71,71,71,71,71,71],"card_choices":[{"not_picked":["RobotSpaceExplorer:GlueSpray","RobotSpaceExplorer:SurgingShield"],"picked":"RobotSpaceExplorer:MetalStrike","floor":1.0},{"not_picked":["RobotSpaceExplorer:SwiftStep","RobotSpaceExplorer:Electropulse","RobotSpaceExplorer:Pulsar","RobotSpaceExplorer:FreezingShield"],"picked":"RobotSpaceExplorer:LaserBurst","floor":4.0},{"not_picked":["RobotSpaceExplorer:FrostMissile","RobotSpaceExplorer:SurgingShield","RobotSpaceExplorer:FranticSearch","RobotSpaceExplorer:SurgingStrike"],"picked":"RobotSpaceExplorer:ImprovisedAttack","floor":6.0},{"not_picked":["RobotSpaceExplorer:Reload","RobotSpaceExplorer:BigMissile","RobotSpaceExplorer:Exploration","RobotSpaceExplorer:DoubleFind"],"picked":"RobotSpaceExplorer:ToxicBomb","floor":8.0},{"not_picked":["RobotSpaceExplorer:StarLightning","RobotSpaceExplorer:PowerCollector","RobotSpaceExplorer:PowerGlove","RobotSpaceExplorer:SurgingShield"],"picked":"RobotSpaceExplorer:Calculate","floor":10.0},{"not_picked":["RobotSpaceExplorer:Counterblock","RobotSpaceExplorer:FranticSearch","RobotSpaceExplorer:ShovelStrike","RobotSpaceExplorer:LaserBurst"],"picked":"RobotSpaceExplorer:StunGrenade","floor":12.0},{"not_picked":["RobotSpaceExplorer:GlueShot","RobotSpaceExplorer:RigExplosive","RobotSpaceExplorer:Smokescreen","RobotSpaceExplorer:LaserBurst"],"picked":"RobotSpaceExplorer:MiniDrones","floor":13.0},{"not_picked":["RobotSpaceExplorer:SlimeMissile","RobotSpaceExplorer:SurgingStrike","RobotSpaceExplorer:SurgingShield","RobotSpaceExplorer:MetalStrike"],"picked":"RobotSpaceExplorer:MiniDrones","floor":14.0},{"not_picked":["RobotSpaceExplorer:LaserBurst","RobotSpaceExplorer:MetalStrike","RobotSpaceExplorer:FrostMissile","RobotSpaceExplorer:SurgingStrike"],"picked":"RobotSpaceExplorer:Calculate","floor":14.0},{"not_picked":["RobotSpaceExplorer:TrailblazerForm","RobotSpaceExplorer:ChargingLaser","RobotSpaceExplorer:Scanner","RobotSpaceExplorer:Comet"],"picked":"RobotSpaceExplorer:ShockMissile","floor":16.0},{"not_picked":["infinitespire:Fortify","ReplayTheSpireMod:Echoes of Time","infinitespire:Menacing","infinitespire:FinalStrike"],"picked":"hubris:Fate","floor":17.0},{"not_picked":["Dramatic Entrance","expansioncontent:YouAreMine","expansioncontent:HyperBeam","Jack Of All Trades"],"picked":"MostiFishMod:ButterFly","floor":17.0},{"not_picked":["RobotSpaceExplorer:Autoloader","RobotSpaceExplorer:DroneSwarm","RobotSpaceExplorer:Scanner","RobotSpaceExplorer:ChargingLaser"],"picked":"RobotSpaceExplorer:Accelerator","floor":17.0},{"not_picked":["Zap","Replay:GuardianBash","Slimebound:Split","Dualcast"],"picked":"Guardian:CurlUp","floor":17.0},{"not_picked":["RobotSpaceExplorer:MetalStrike","RobotSpaceExplorer:Blitz","RobotSpaceExplorer:Ammunition","RobotSpaceExplorer:FranticSearch"],"picked":"RobotSpaceExplorer:TurboDodge","floor":18.0},{"not_picked":["RobotSpaceExplorer:SlimeMissile","RobotSpaceExplorer:ShockKick","RobotSpaceExplorer:ShovelStrike","RobotSpaceExplorer:StunGrenade"],"picked":"RobotSpaceExplorer:Exploration","floor":18.0},{"not_picked":["RobotSpaceExplorer:ImprovisedAttack+1","RobotSpaceExplorer:Reload","RobotSpaceExplorer:GlueShot","RobotSpaceExplorer:Electroshield"],"picked":"RobotSpaceExplorer:SwiftStep","floor":19.0},{"not_picked":["RobotSpaceExplorer:FreezingShield","RobotSpaceExplorer:FrostMissile","RobotSpaceExplorer:Smokescreen","RobotSpaceExplorer:SlimeMissile","RobotSpaceExplorer:Counterblock+1"],"picked":"SKIP","floor":19.0},{"not_picked":["RobotSpaceExplorer:FreezingShield","RobotSpaceExplorer:FrostMissile","RobotSpaceExplorer:Smokescreen","RobotSpaceExplorer:SlimeMissile","RobotSpaceExplorer:Counterblock+1"],"picked":"SKIP","floor":19.0},{"not_picked":["RobotSpaceExplorer:StunGrenade","RobotSpaceExplorer:Exploration","RobotSpaceExplorer:Counterblock","RobotSpaceExplorer:SwiftStep"],"picked":"RobotSpaceExplorer:FreezeRay+1","floor":21.0},{"not_picked":["RobotSpaceExplorer:GlueShot","RobotSpaceExplorer:ShovelStrike","RobotSpaceExplorer:SlimeMissile","RobotSpaceExplorer:MetalStrike"],"picked":"RobotSpaceExplorer:ScrapMissile","floor":21.0},{"not_picked":["RobotSpaceExplorer:StunGrenade","RobotSpaceExplorer:SurgingShield","RobotSpaceExplorer:JunkDive","RobotSpaceExplorer:Smokescreen"],"picked":"RobotSpaceExplorer:ScrapToss","floor":23.0},{"not_picked":["RobotSpaceExplorer:SurgingStrike","RobotSpaceExplorer:Ammunition+1","RobotSpaceExplorer:ScrapShield","RobotSpaceExplorer:Probe"],"picked":"RobotSpaceExplorer:Explosion","floor":25.0},{"not_picked":["RobotSpaceExplorer:JunkDive","RobotSpaceExplorer:FreezingShield","RobotSpaceExplorer:Pulsar","RobotSpaceExplorer:SurgingShield","RobotSpaceExplorer:StarDust+1"],"picked":"SKIP","floor":30.0},{"not_picked":["RobotSpaceExplorer:GlueSpray","RobotSpaceExplorer:StarDust+1","RobotSpaceExplorer:ImprovisedAttack","RobotSpaceExplorer:SurgingStrike","RobotSpaceExplorer:FrostMissile"],"picked":"SKIP","floor":30.0},{"not_picked":["RobotSpaceExplorer:Discharger+1","RobotSpaceExplorer:Ammunition","RobotSpaceExplorer:Pulsar","RobotSpaceExplorer:MiniBoosters+1"],"picked":"RobotSpaceExplorer:Accelerator+1","floor":31.0},{"not_picked":["RobotSpaceExplorer:Pulsar","RobotSpaceExplorer:Reload","RobotSpaceExplorer:SurgingShield","RobotSpaceExplorer:ImprovisedAttack"],"picked":"RobotSpaceExplorer:MiniDrones+1","floor":31.0},{"not_picked":["RobotSpaceExplorer:ChargingLaser","RobotSpaceExplorer:Asteroid","RobotSpaceExplorer:Arsenal","RobotSpaceExplorer:BlastShield"],"picked":"RobotSpaceExplorer:ShockMissile","floor":33.0},{"not_picked":["RobotSpaceExplorer:Counterblock","RobotSpaceExplorer:Pulsar","RobotSpaceExplorer:Ammunition","RobotSpaceExplorer:StarDust+1"],"picked":"RobotSpaceExplorer:Discharger+1","floor":35},{"not_picked":["RobotSpaceExplorer:Counterblock","RobotSpaceExplorer:SurgingStrike","RobotSpaceExplorer:ScrapShield","RobotSpaceExplorer:HighVoltage"],"picked":"RobotSpaceExplorer:MiniDrones","floor":35},{"not_picked":["RobotSpaceExplorer:MiniDrones","RobotSpaceExplorer:ScrapMissile","RobotSpaceExplorer:Counterblock","RobotSpaceExplorer:ShockKick"],"picked":"RobotSpaceExplorer:MiniBoosters+1","floor":38},{"not_picked":["RobotSpaceExplorer:IronShell","RobotSpaceExplorer:Reload","RobotSpaceExplorer:SlimeMissile","RobotSpaceExplorer:DoubleBlock","RobotSpaceExplorer:SelfCleaning"],"picked":"SKIP","floor":38},{"not_picked":[],"picked":"RobotSpaceExplorer:Probe","floor":41},{"not_picked":[],"picked":"RobotSpaceExplorer:ScrapToss","floor":41},{"not_picked":[],"picked":"RobotSpaceExplorer:Wormhole","floor":41},{"not_picked":[],"picked":"Crow Ritual+1","floor":41},{"not_picked":[],"picked":"Mind Blast","floor":41},{"not_picked":["RobotSpaceExplorer:Jetpack"],"picked":"SKIP","floor":41},{"not_picked":["RobotSpaceExplorer:StarDust+1"],"picked":"SKIP","floor":41},{"not_picked":["RobotSpaceExplorer:Jetpack"],"picked":"SKIP","floor":41},{"not_picked":["RobotSpaceExplorer:StarDust+1"],"picked":"SKIP","floor":41},{"not_picked":["RobotSpaceExplorer:Blitz","RobotSpaceExplorer:SurgingShield+1","RobotSpaceExplorer:Counterblock","RobotSpaceExplorer:ShockKick"],"picked":"RobotSpaceExplorer:Pulsar+1","floor":42},{"not_picked":["RobotSpaceExplorer:DroneSwarm+1","RobotSpaceExplorer:Pulsar","RobotSpaceExplorer:ToxicBomb","RobotSpaceExplorer:Discharger+1","RobotSpaceExplorer:Blitz"],"picked":"RobotSpaceExplorer:Multitool+1","floor":45},{"not_picked":["RobotSpaceExplorer:StarDust+1","RobotSpaceExplorer:MetalStrike","RobotSpaceExplorer:FrostMissile","RobotSpaceExplorer:FranticSearch+1","RobotSpaceExplorer:SurgingShield"],"picked":"RobotSpaceExplorer:DualCore+1","floor":47},{"not_picked":["RobotSpaceExplorer:Reload+1","RobotSpaceExplorer:SurgingShield+1","RobotSpaceExplorer:FrostMissile","RobotSpaceExplorer:Discharger+1","RobotSpaceExplorer:SwiftStep","RobotSpaceExplorer:Fix+1"],"picked":"SKIP","floor":47},{"not_picked":["RobotSpaceExplorer:SwiftStep","RobotSpaceExplorer:FranticSearch","RobotSpaceExplorer:FrostMissile","RobotSpaceExplorer:Smokescreen","RobotSpaceExplorer:Counterblock+1"],"picked":"RobotSpaceExplorer:Asteroid","floor":48},{"not_picked":["RobotSpaceExplorer:FrostMissile","RobotSpaceExplorer:LaserBurst+1","RobotSpaceExplorer:ImprovisedAttack+1","RobotSpaceExplorer:DoubleFind","RobotSpaceExplorer:MetalStrike","RobotSpaceExplorer:ScrapMissile"],"picked":"SKIP","floor":48},{"not_picked":["RobotSpaceExplorer:Pulsar","RobotSpaceExplorer:LuckyStrike","RobotSpaceExplorer:MetalStrike+1","RobotSpaceExplorer:ShovelStrike+1","RobotSpaceExplorer:ImprovisedAttack"],"picked":"RobotSpaceExplorer:FrostMissile+1","floor":51},{"not_picked":["RobotSpaceExplorer:IronShell+1","RobotSpaceExplorer:ShovelStrike","RobotSpaceExplorer:StunGrenade","RobotSpaceExplorer:ShockKick","RobotSpaceExplorer:JunkDive"],"picked":"RobotSpaceExplorer:Blaster","floor":51},{"not_picked":["RobotSpaceExplorer:MetalStrike","RobotSpaceExplorer:FrostMissile+1","RobotSpaceExplorer:Electroshield","RobotSpaceExplorer:ShockKick","RobotSpaceExplorer:Discharger+1"],"picked":"RobotSpaceExplorer:PowerCollector+1","floor":52},{"not_picked":["RobotSpaceExplorer:MetalStrike","RobotSpaceExplorer:Electroshield","RobotSpaceExplorer:IronShell","RobotSpaceExplorer:StarDust+1","RobotSpaceExplorer:ScrapToss","RobotSpaceExplorer:ScrapMissile"],"picked":"SKIP","floor":52},{"not_picked":["RobotSpaceExplorer:FrostMissile+1","RobotSpaceExplorer:SurgingShield","RobotSpaceExplorer:FreezingShield+1","RobotSpaceExplorer:MiniBoosters+1","RobotSpaceExplorer:Arsenal"],"picked":"RobotSpaceExplorer:MiniDrones+1","floor":56},{"not_picked":["RobotSpaceExplorer:Ammunition","RobotSpaceExplorer:StunGrenade","RobotSpaceExplorer:MiniDrones","RobotSpaceExplorer:PowerGlove+1","RobotSpaceExplorer:ShockKick","RobotSpaceExplorer:ExhaustFan+1"],"picked":"SKIP","floor":56},{"not_picked":["RobotSpaceExplorer:Ammunition","RobotSpaceExplorer:StunGrenade","RobotSpaceExplorer:MiniDrones","RobotSpaceExplorer:PowerGlove+1","RobotSpaceExplorer:ShockKick","RobotSpaceExplorer:ExhaustFan+1"],"picked":"SKIP","floor":56}],"player_experience":1942363,"relics_obtained":[{"floor":1.0,"key":"SynthV:TestCard"},{"floor":6.0,"key":"hubris:MysteriousPyramids"},{"floor":8.0,"key":"Replay:Rubber Ducky"},{"floor":9.0,"key":"Eternal Feather"},{"floor":13.0,"key":"Prayer Wheel"},{"floor":18.0,"key":"wanderingMiniBosses:Inkheart"},{"floor":23.0,"key":"RobotSpaceExplorer:ClockworkSextant"},{"floor":25.0,"key":"Bag of Preparation"},{"floor":26.0,"key":"Frozen Egg 2"},{"floor":38,"key":"hubris:ToyBattleship"},{"floor":41,"key":"Juzu Bracelet"},{"floor":41,"key":"aspiration:Nostalgia"},{"floor":41,"key":"Onion Ring"},{"floor":41,"key":"Replay:Mystery Machine"},{"floor":41,"key":"Bottled Lightning"},{"floor":42,"key":"Question Card"},{"floor":43,"key":"Anchor"},{"floor":45,"key":"StrikeDummy"},{"floor":51,"key":"paleoftheancients:SoulOfTheBard"},{"floor":54,"key":"potionbrewer:BottledElixir"},{"floor":56,"key":"paleoftheancients:SoulOfTheHexaghost"}],"event_choices":[{"cards_removed":["RobotSpaceExplorer:Strike"],"damage_healed":0.0,"max_hp_gain":0.0,"max_hp_loss":0.0,"gold_gain":0.0,"event_name":"Golden Wing","player_choice":"Card Removal","floor":2.0,"gold_loss":0.0,"damage_taken":7.0},{"damage_healed":0.0,"max_hp_gain":0.0,"max_hp_loss":0.0,"gold_gain":0.0,"event_name":"Addict","player_choice":"Stole Relic","floor":29.0,"gold_loss":0.0,"damage_taken":0.0,"relics_obtained":["infinitespire:EmpoweringShard"],"cards_obtained":["Shame"]},{"damage_healed":0,"gold_gain":50,"player_choice":"Pray","damage_taken":0,"max_hp_gain":0,"max_hp_loss":0,"event_name":"Golden Shrine","floor":44,"gold_loss":0}],"is_beta":false,"boss_relics":[{"not_picked":["hubris:Stopwatch","aspiration:SilentSkillbook"],"picked":"ReplayTheSpireMod:SealedPack"},{"not_picked":["FeatherPendant","vexMod:MysteryBossChallenge"],"picked":"Abe\u0027s Treasure"}],"items_purged_floors":[20,39],"is_endless":false,"potions_floor_spawned":[4,6,10,13,14,18,21,25,30,42,45,47,51],"ascension_level":18}}