{"host":"p4zclu0beiy6gkiq","time":1609666920,"event":{"mods":["AchievementEnabler","BaseMod","Bestiary","Colored Map","Colored Powertips","DeckTracker","Minty Spire (QoL Compilation)","Quick Restart","StSLib","SuperFastMode","The Cursed"],"gold_per_floor":[117,117,42,59,76,109,109,139,215,249,249,289,359,60,60,60,60],"floor_reached":16,"playtime":1914,"items_purged":["Defend_R"],"score":139,"play_id":"4abca8e1-acff-4549-a117-73c870234b35","local_time":"20210103184200","is_ascension_mode":true,"campfire_choices":[{"data":"Seeing Red","floor":7.0,"key":"SMITH"},{"floor":15.0,"key":"DIG"}],"circlet_count":0,"master_deck":["Strike_R","Strike_R","Strike_R","Strike_R","Strike_R","Defend_R","Defend_R","Defend_R","Bash","TheCursedMod:Dregs","Pommel Strike","Pommel Strike","Seeing Red+1","Shrug It Off","Rage","Offering","Wild Strike","Feel No Pain"],"relics":["Burning Blood","Shovel","FaceOfCleric","Unceasing Top","MealTicket","Gremlin Horn","Ancient Tea Set","Golden Idol","Toy Ornithopter","MawBank","Prayer Wheel","PreservedInsect"],"acts_visited":["Exordium"],"potions_floor_usage":[],"damage_taken":[{"damage":12.0,"enemies":"Jaw Worm","floor":1.0,"turns":4.0},{"damage":1.0,"enemies":"Cultist","floor":4.0,"turns":3.0},{"damage":7.0,"enemies":"Small Slimes","floor":5.0,"turns":3.0},{"damage":30.0,"enemies":"Gremlin Nob","floor":6.0,"turns":5.0},{"damage":5.0,"enemies":"3 Sentries","floor":8.0,"turns":8.0},{"damage":33.0,"enemies":"Lagavulin","floor":10.0,"turns":8.0},{"damage":29.0,"enemies":"3 Sentries","floor":12.0,"turns":10.0},{"damage":6.0,"enemies":"Gremlin Nob","floor":13.0,"turns":2.0},{"damage":31,"enemies":"The Guardian","floor":16,"turns":5}],"seed_played":"1169343577777266083","potions_obtained":[{"floor":4.0,"key":"Dexterity Potion"},{"floor":5.0,"key":"BlessingOfTheForge"}],"is_trial":false,"path_per_floor":["M","?","$","M","M","E","R","E","T","E","?","E","?","$","R","B"],"character_chosen":"IRONCLAD","items_purchased":["Prayer Wheel"],"campfire_rested":0,"item_purchase_floors":[14],"current_hp_per_floor":[74,74,74,80,80,57,57,59,59,33,33,11,12,27,27,0,0],"gold":60,"neow_bonus":"ONE_RARE_RELIC","is_daily":false,"chose_seed":false,"campfire_upgraded":1,"win_rate":0.0,"timestamp":1609666920,"path_taken":["M","?","?","?","M","E","R","E","T","E","?","E","?","$","R","BOSS"],"items_purchased_type":["Relic"],"build_version":"2020-12-22","purchased_purges":1,"victory":false,"max_hp_per_floor":[80,80,80,81,82,83,83,84,84,85,79,80,81,81,81,81,81],"card_choices":[{"not_picked":["Armaments","Warcry"],"picked":"Pommel Strike","floor":1.0},{"not_picked":["Clash","Clothesline"],"picked":"Pommel Strike","floor":4.0},{"not_picked":["Cleave","Intimidate"],"picked":"Seeing Red","floor":5.0},{"not_picked":["Heavy Blade","Combust"],"picked":"Shrug It Off","floor":6.0},{"not_picked":["Sword Boomerang","Cleave"],"picked":"Rage","floor":8.0},{"not_picked":["Pommel Strike","Dual Wield"],"picked":"Offering","floor":10.0},{"not_picked":["Clothesline","Heavy Blade"],"picked":"Wild Strike","floor":12.0},{"not_picked":["Dark Embrace","Rage"],"picked":"Feel No Pain","floor":13.0}],"player_experience":140155,"relics_obtained":[{"floor":6.0,"key":"Unceasing Top"},{"floor":8.0,"key":"MealTicket"},{"floor":9.0,"key":"Gremlin Horn"},{"floor":10.0,"key":"Ancient Tea Set"},{"floor":12.0,"key":"Toy Ornithopter"},{"floor":13.0,"key":"MawBank"},{"floor":15.0,"key":"PreservedInsect"}],"event_choices":[{"damage_healed":0.0,"max_hp_gain":0.0,"max_hp_loss":0.0,"gold_gain":0.0,"event_name":"FaceTrader","player_choice":"Trade","floor":2.0,"gold_loss":0.0,"damage_taken":0.0,"relics_obtained":["FaceOfCleric"]},{"damage_healed":0.0,"max_hp_gain":0.0,"max_hp_loss":6.0,"gold_gain":0.0,"event_name":"Golden Idol","player_choice":"Lose Max HP","floor":11.0,"gold_loss":0.0,"damage_taken":0.0,"relics_obtained":["Golden Idol"]},{"damage_healed":0.0,"max_hp_gain":0.0,"max_hp_loss":0.0,"gold_gain":30.0,"event_name":"Dead Adventurer","player_choice":"Searched \u00272\u0027 times","floor":13.0,"gold_loss":0.0,"damage_taken":0.0}],"is_beta":false,"boss_relics":[],"items_purged_floors":[3],"is_endless":false,"potions_floor_spawned":[4,5],"killed_by":"The Guardian","ascension_level":2}}