{"host":"y3h3n3f7seyagppx","time":1609709084,"event":{"mods":["BaseMod","Colored Map","Colored Powertips","DeckTracker","Minty Spire (QoL Compilation)","Random Character Button","Rare Cards Sparkle","Relic Sorter","Relic Stats","StSLib"],"gold_per_floor":[20,38,54,66,77,77,102,102,102,102,102,121,121,134,134,212,212,223,223,243,258,13,13,28,54,78,78,98,117,117,117,117,192,192,203,203,257,257,273,306,322,374,374,408,408,437,437,437,437,437,437],"floor_reached":50,"playtime":5038,"items_purged":[],"score":1179,"play_id":"0717c4b7-a512-4ad6-ab25-b2e029fac2d7","local_time":"20210103162444","is_ascension_mode":true,"campfire_choices":[{"data":"Hemokinesis","floor":6,"key":"SMITH"},{"data":"Clothesline","floor":11,"key":"SMITH"},{"data":"Shrug It Off","floor":13,"key":"SMITH"},{"data":"Demon Form","floor":15,"key":"SMITH"},{"floor":23,"key":"REST"},{"data":"Sword Boomerang","floor":27,"key":"SMITH"},{"data":"Power Through","floor":30,"key":"SMITH"},{"floor":32,"key":"REST"},{"data":"Sword Boomerang","floor":45,"key":"SMITH"},{"data":"Disarm","floor":47,"key":"SMITH"},{"floor":49,"key":"RECALL"}],"circlet_count":0,"master_deck":["AscendersBane","Strike_R+1","Strike_R+1","Strike_R+1","Strike_R+1","Strike_R+1","Defend_R+1","Defend_R+1","Defend_R+1","Defend_R+1","Bash","Master of Strategy","Clothesline+1","Thunderclap","Hemokinesis+1","Shrug It Off+1","Anger","Power Through+1","Feed","Sword Boomerang+1","Evolve","Sword Boomerang+1","Pummel","Body Slam+1","Iron Wave+1","Impervious","Uppercut+1","Sword Boomerang+1","Shrug It Off","Dropkick","Disarm+1","Pommel Strike+1","Headbutt+1"],"relics":["Burning Blood","Bag of Marbles","Bronze Scales","Mark of Pain","Brimstone","Omamori","MealTicket","Coffee Dripper","TungstenRod","Frozen Egg 2","Charon\u0027s Ashes","Ornamental Fan","Ice Cream"],"acts_visited":["Exordium","TheCity","TheBeyond"],"potions_floor_usage":[12,18,21,25,40,50,50],"damage_taken":[{"damage":12,"enemies":"Small Slimes","floor":1,"turns":6},{"damage":5,"enemies":"2 Louse","floor":2,"turns":4},{"damage":6,"enemies":"Jaw Worm","floor":3,"turns":4},{"damage":11,"enemies":"Looter","floor":4,"turns":3},{"damage":16,"enemies":"Exordium Wildlife","floor":5,"turns":4},{"damage":24,"enemies":"Gremlin Nob","floor":7,"turns":4},{"damage":10,"enemies":"3 Louse","floor":12,"turns":3},{"damage":2,"enemies":"Looter","floor":14,"turns":1},{"damage":21,"enemies":"Hexaghost","floor":16,"turns":6},{"damage":20,"enemies":"2 Thieves","floor":18,"turns":3},{"damage":0,"enemies":"3 Byrds","floor":20,"turns":4},{"damage":18,"enemies":"Snecko","floor":21,"turns":5},{"damage":17,"enemies":"Centurion and Healer","floor":24,"turns":2},{"damage":36,"enemies":"Gremlin Leader","floor":25,"turns":4},{"damage":6,"enemies":"3 Cultists","floor":28,"turns":4},{"damage":0,"enemies":"Snecko","floor":29,"turns":2},{"damage":58,"enemies":"Automaton","floor":33,"turns":6},{"damage":5,"enemies":"Orb Walker","floor":35,"turns":3},{"damage":39,"enemies":"2 Orb Walkers","floor":37,"turns":3},{"damage":0,"enemies":"3 Shapes","floor":39,"turns":6},{"damage":1,"enemies":"Nemesis","floor":40,"turns":3},{"damage":1,"enemies":"Jaw Worm Horde","floor":41,"turns":3},{"damage":29,"enemies":"Giant Head","floor":44,"turns":6},{"damage":20,"enemies":"Nemesis","floor":46,"turns":3},{"damage":64,"enemies":"Donu and Deca","floor":50,"turns":4}],"seed_played":"-5603017861140135326","potions_obtained":[{"floor":1,"key":"SpeedPotion"},{"floor":4,"key":"Swift Potion"},{"floor":7,"key":"GamblersBrew"},{"floor":12,"key":"SpeedPotion"},{"floor":20,"key":"Swift Potion"},{"floor":24,"key":"ColorlessPotion"},{"floor":25,"key":"Fire Potion"},{"floor":29,"key":"LiquidMemories"},{"floor":40,"key":"GamblersBrew"}],"is_trial":false,"path_per_floor":["M","M","M","M","M","R","E","?","T","?","R","M","R","M","R","B",null,"M","?","M","M","$","R","M","E","T","R","M","M","R","?","R","B",null,"M","?","?","?","M","E","M","T","T","E","R","E","R","?","R","B"],"character_chosen":"IRONCLAD","items_purchased":["Brimstone","Evolve"],"campfire_rested":2,"item_purchase_floors":[22,22],"current_hp_per_floor":[62,63,63,58,48,48,30,30,30,35,35,31,31,35,35,20,65,51,51,57,45,45,69,61,31,31,31,34,43,43,43,69,17,71,75,92,62,62,71,76,84,84,84,61,61,47,47,47,47,0,0],"gold":437,"neow_bonus":"RANDOM_COLORLESS_2","is_daily":false,"chose_seed":false,"campfire_upgraded":8,"win_rate":0.0,"timestamp":1609709084,"path_taken":["M","M","M","M","M","R","E","?","T","?","R","?","R","M","R","BOSS","M","?","M","M","$","R","M","E","T","R","M","M","R","?","R","BOSS","M","?","?","?","M","E","?","?","T","E","R","E","R","?","R","BOSS"],"items_purchased_type":["Relic","Card"],"build_version":"2020-12-22","purchased_purges":0,"victory":false,"max_hp_per_floor":[75,75,75,75,75,75,75,75,75,80,80,80,80,80,80,80,80,80,80,80,80,80,80,83,83,83,83,86,89,89,89,89,89,89,92,92,95,95,98,98,101,101,101,101,101,101,101,101,101,101,101],"relic_stats":{"counters":[25,96],"Ornamental Fan":[24],"Bronze Scales":[215],"MealTicket":0,"Charon\u0027s Ashes":[33],"obtain_stats":[{"Ice Cream":46,"Charon\u0027s Ashes":43,"Omamori":25,"Frozen Egg 2":40,"Burning Blood":0,"Brimstone":22,"Ornamental Fan":44,"Bronze Scales":9,"MealTicket":26,"Mark of Pain":17,"Bag of Marbles":7,"Coffee Dripper":34,"TungstenRod":37},{"Ice Cream":24,"Charon\u0027s Ashes":22,"Omamori":14,"Frozen Egg 2":21,"Burning Blood":0,"Brimstone":12,"Ornamental Fan":23,"Bronze Scales":6,"MealTicket":14,"Mark of Pain":9,"Bag of Marbles":6,"Coffee Dripper":17,"TungstenRod":19},{"Ice Cream":92,"Charon\u0027s Ashes":83,"Omamori":53,"Frozen Egg 2":80,"Burning Blood":0,"Brimstone":47,"Ornamental Fan":89,"Bronze Scales":25,"MealTicket":53,"Mark of Pain":35,"Bag of Marbles":25,"Coffee Dripper":65,"TungstenRod":71}],"Burning Blood":144,"TungstenRod":16},"card_choices":[{"not_picked":["Secret Weapon","Sadistic Nature"],"picked":"Master of Strategy","floor":0},{"not_picked":["Cleave","Evolve"],"picked":"Clothesline","floor":1},{"not_picked":["Warcry","True Grit"],"picked":"Thunderclap","floor":2},{"not_picked":["Headbutt","True Grit"],"picked":"Demon Form","floor":3},{"not_picked":["Sword Boomerang","Rupture","Headbutt"],"picked":"SKIP","floor":4},{"not_picked":["Wild Strike","Twin Strike"],"picked":"Hemokinesis","floor":5},{"not_picked":["Wild Strike","Twin Strike"],"picked":"Shrug It Off","floor":7},{"not_picked":["Warcry","Body Slam"],"picked":"Anger","floor":12},{"not_picked":["Second Wind","Reckless Charge"],"picked":"Power Through","floor":14},{"not_picked":["Impervious","Limit Break"],"picked":"Feed","floor":16},{"not_picked":["Body Slam","Clothesline","Perfected Strike"],"picked":"SKIP","floor":18},{"not_picked":["Seeing Red","Combust"],"picked":"Sword Boomerang+1","floor":20},{"not_picked":["Pommel Strike","Heavy Blade","Anger"],"picked":"SKIP","floor":21},{"not_picked":["Havoc","Body Slam"],"picked":"Sword Boomerang","floor":24},{"not_picked":["Thunderclap","Dropkick"],"picked":"Pummel","floor":25},{"not_picked":["Cleave","Sever Soul"],"picked":"Body Slam+1","floor":28},{"not_picked":["Anger","Spot Weakness"],"picked":"Iron Wave+1","floor":29},{"not_picked":["Double Tap","Demon Form"],"picked":"Impervious","floor":33},{"not_picked":["Warcry","Pommel Strike+1"],"picked":"Uppercut+1","floor":35},{"not_picked":["Wild Strike","Clash"],"picked":"Sword Boomerang","floor":37},{"not_picked":["Perfected Strike","Ghostly Armor+1"],"picked":"Shrug It Off","floor":39},{"not_picked":["Shrug It Off","Headbutt"],"picked":"Dropkick","floor":40},{"not_picked":["Entrench","Shrug It Off"],"picked":"Disarm","floor":41},{"not_picked":["Searing Blow+1","True Grit"],"picked":"Pommel Strike+1","floor":44},{"not_picked":["Anger","Perfected Strike+1"],"picked":"Headbutt+1","floor":46}],"player_experience":20338423,"relics_obtained":[{"floor":7,"key":"Bag of Marbles"},{"floor":9,"key":"Bronze Scales"},{"floor":25,"key":"Omamori"},{"floor":26,"key":"MealTicket"},{"floor":37,"key":"TungstenRod"},{"floor":40,"key":"Frozen Egg 2"},{"floor":43,"key":"Charon\u0027s Ashes"},{"floor":44,"key":"Ornamental Fan"},{"floor":46,"key":"Ice Cream"}],"event_choices":[{"damage_healed":0,"gold_gain":0,"player_choice":"Ignored","damage_taken":0,"max_hp_gain":0,"max_hp_loss":0,"event_name":"Liars Game","floor":8,"gold_loss":0},{"damage_healed":0,"gold_gain":0,"player_choice":"Donut","damage_taken":0,"max_hp_gain":5,"max_hp_loss":0,"event_name":"Big Fish","floor":10,"gold_loss":0},{"damage_healed":0,"gold_gain":0,"player_choice":"Simplicity","damage_taken":0,"max_hp_gain":0,"max_hp_loss":0,"event_name":"Back to Basics","floor":19,"gold_loss":0,"cards_upgraded":["Strike_R","Strike_R","Strike_R","Strike_R","Strike_R","Defend_R","Defend_R","Defend_R","Defend_R"]},{"damage_healed":0,"gold_gain":0,"player_choice":"Ignored","damage_taken":0,"max_hp_gain":0,"max_hp_loss":0,"event_name":"Vampires","floor":31,"gold_loss":0},{"damage_healed":18,"gold_gain":0,"player_choice":"Writhe","damage_taken":0,"max_hp_gain":0,"max_hp_loss":0,"event_name":"Winding Halls","floor":36,"gold_loss":0,"cards_obtained":["Writhe"]},{"damage_healed":0,"gold_gain":0,"player_choice":"Fight","damage_taken":0,"max_hp_gain":0,"max_hp_loss":0,"event_name":"Mysterious Sphere","floor":37,"gold_loss":0},{"cards_removed":["Demon Form"],"damage_healed":0,"gold_gain":0,"player_choice":"Purged","damage_taken":0,"max_hp_gain":0,"max_hp_loss":0,"event_name":"Purifier","floor":38,"gold_loss":0},{"damage_healed":0,"gold_gain":0,"player_choice":"Ignored","damage_taken":0,"max_hp_gain":0,"max_hp_loss":0,"event_name":"Tomb of Lord Red Mask","floor":48,"gold_loss":0}],"is_beta":false,"boss_relics":[{"not_picked":["Calling Bell","Ectoplasm"],"picked":"Mark of Pain"},{"not_picked":["Busted Crown","Pandora\u0027s Box"],"picked":"Coffee Dripper"}],"items_purged_floors":[],"is_endless":false,"potions_floor_spawned":[1,4,7,12,20,24,25,29,37,40,44],"killed_by":"Donu and Deca","ascension_level":20}}