{"host":"xjyie0ctswsml60g","time":1609634680,"event":{"mods":["AchievementEnabler","BaseMod","Colored Map","Minty Spire (QoL Compilation)","Quick Restart","SuperFastMode"],"gold_per_floor":[116,127,52,52,63,91,91,91,139,159,14,40,40,51,51,51,51],"floor_reached":16,"playtime":486,"items_purged":["Strike_P"],"score":135,"play_id":"4840d2be-2656-490a-800c-d5418a6ea231","local_time":"20210103024440","is_ascension_mode":false,"campfire_choices":[{"floor":8,"key":"RECALL"},{"floor":13,"key":"REST"},{"data":"Eruption","floor":15,"key":"SMITH"}],"circlet_count":0,"master_deck":["Strike_P","Strike_P","Defend_P+1","Defend_P","Defend_P","Defend_P","Eruption+1","Vigilance+1","SashWhip","Wireheading","SignatureMove","SashWhip"],"relics":["PureWater","War Paint","Frozen Egg 2","Sling","Matryoshka"],"acts_visited":["Exordium"],"potions_floor_usage":[10,12,14,16],"damage_taken":[{"damage":0.0,"enemies":"2 Louse","floor":1.0,"turns":2.0},{"damage":0,"enemies":"Jaw Worm","floor":2,"turns":3},{"damage":0,"enemies":"Cultist","floor":5,"turns":4},{"damage":56,"enemies":"3 Sentries","floor":6,"turns":9},{"damage":0,"enemies":"3 Louse","floor":10,"turns":2},{"damage":0,"enemies":"Lagavulin","floor":12,"turns":2},{"damage":0,"enemies":"Blue Slaver","floor":14,"turns":1},{"damage":28,"enemies":"Hexaghost","floor":16,"turns":9}],"seed_played":"-6279797081486233948","potions_obtained":[{"floor":6,"key":"BlessingOfTheForge"},{"floor":10,"key":"Dexterity Potion"},{"floor":12,"key":"DuplicationPotion"},{"floor":14,"key":"Dexterity Potion"}],"is_trial":false,"path_per_floor":["M","M","$","?","M","E","?","R","T","M","$","E","R","M","R","B"],"character_chosen":"WATCHER","items_purchased":["Sling"],"campfire_rested":1,"item_purchase_floors":[11],"current_hp_per_floor":[79,79,79,72,72,16,9,9,9,9,9,9,32,32,32,4,4],"gold":51,"neow_bonus":"TEN_PERCENT_HP_BONUS","is_daily":false,"chose_seed":false,"campfire_upgraded":1,"win_rate":0.0,"timestamp":1609634680,"path_taken":["M","M","$","?","M","E","?","R","T","M","?","E","R","M","R","BOSS"],"items_purchased_type":["Relic"],"build_version":"2020-12-22","purchased_purges":1,"victory":false,"max_hp_per_floor":[79,79,79,79,79,79,79,79,79,79,79,79,79,79,79,79,79],"card_choices":[{"not_picked":["Evaluate","EmptyFist"],"picked":"SashWhip","floor":1},{"not_picked":["EmptyFist","FlyingSleeves"],"picked":"Wireheading","floor":2},{"not_picked":["Evaluate","Perseverance","BowlingBash"],"picked":"SKIP","floor":5},{"not_picked":["SandsOfTime","Wireheading+1"],"picked":"SignatureMove","floor":6},{"not_picked":["EmptyMind","CrushJoints"],"picked":"SashWhip","floor":10},{"not_picked":["Conclude","BowlingBash","JustLucky"],"picked":"SKIP","floor":12},{"not_picked":["Protect","Wireheading+1","Prostrate"],"picked":"SKIP","floor":14}],"player_experience":494970,"relics_obtained":[{"floor":6,"key":"Frozen Egg 2"},{"floor":12,"key":"Matryoshka"}],"event_choices":[{"damage_healed":0,"gold_gain":0,"player_choice":"Success","damage_taken":7,"relics_obtained":["War Paint"],"max_hp_gain":0,"max_hp_loss":0,"event_name":"Scrap Ooze","floor":4,"gold_loss":0},{"cards_removed":["Strike_P"],"damage_healed":0,"gold_gain":0,"player_choice":"Card Removal","damage_taken":7,"max_hp_gain":0,"max_hp_loss":0,"event_name":"Golden Wing","floor":7,"gold_loss":0}],"is_beta":false,"boss_relics":[],"items_purged_floors":[3],"is_endless":false,"potions_floor_spawned":[6,10,12,14],"killed_by":"Hexaghost","ascension_level":0}}