{"host":"hgkb2zpbo2dcws21","time":1609674235,"event":{"mods":["AchievementEnabler","BaseMod","Colored Map","Colored Powertips","Custom Start","DeckTracker","KOR Keyword Fix","Minty Spire (QoL Compilation)","Relic Stats","StSLib","SuperFastMode"],"gold_per_floor":[113,62,62,74,87,122,122,122,122,151,163,175,187,215,227,239,239],"floor_reached":16,"playtime":221,"items_purged":[],"score":200,"play_id":"6afdda02-911b-4b41-a786-6f581ef91e08","local_time":"20210103204355","is_ascension_mode":true,"campfire_choices":[{"data":"Barricade","floor":7,"key":"SMITH"},{"data":"Perfected Strike","floor":11,"key":"SMITH"},{"data":"Perfected Strike","floor":13,"key":"SMITH"},{"data":"Feel No Pain","floor":15,"key":"SMITH"}],"circlet_count":0,"master_deck":["AscendersBane","Strike_R","Strike_R","Strike_R","Strike_R","Strike_R","Defend_R","Defend_R","Defend_R","Defend_R","Bash","Perfected Strike+1","Pommel Strike","Wild Strike","Flame Barrier","Barricade+1","Perfected Strike+1","Feel No Pain+1"],"relics":["Burning Blood","NeowsBlessing","Ornamental Fan","MawBank","Molten Egg 2"],"acts_visited":["Exordium"],"potions_floor_usage":[4,14],"damage_taken":[{"damage":0,"enemies":"Cultist","floor":1,"turns":1},{"damage":0,"enemies":"Small Slimes","floor":4,"turns":1},{"damage":0,"enemies":"2 Louse","floor":5,"turns":1},{"damage":50,"enemies":"3 Sentries","floor":6,"turns":8},{"damage":9,"enemies":"Red Slaver","floor":10,"turns":4},{"damage":8,"enemies":"Gremlin Gang","floor":14,"turns":4},{"damage":32,"enemies":"The Guardian","floor":16,"turns":11}],"seed_played":"-7317648082784051133","potions_obtained":[{"floor":3,"key":"Fruit Juice"},{"floor":3,"key":"Block Potion"},{"floor":4,"key":"FairyPotion"}],"is_trial":false,"path_per_floor":["M","$","?","M","M","E","R","?","T","M","R","?","R","M","R","B"],"character_chosen":"IRONCLAD","items_purchased":["Pommel Strike"],"campfire_rested":0,"item_purchase_floors":[2],"current_hp_per_floor":[74,74,74,80,80,36,36,62,62,59,59,33,33,31,31,24,24],"gold":239,"neow_bonus":"THREE_ENEMY_KILL","is_daily":false,"chose_seed":false,"campfire_upgraded":4,"win_rate":0.0,"timestamp":1609674235,"path_taken":["M","$","?","?","M","E","R","?","T","M","R","?","R","M","R","BOSS"],"items_purchased_type":["Card"],"build_version":"2020-12-22","purchased_purges":0,"victory":false,"max_hp_per_floor":[75,75,75,80,80,80,80,80,80,80,80,80,80,80,80,80,80],"relic_stats":{"counters":[7,30],"Ornamental Fan":[4],"MawBank":84,"obtain_stats":[{"NeowsBlessing":0,"Ornamental Fan":6,"Molten Egg 2":12,"MawBank":9,"Burning Blood":0},{"NeowsBlessing":0,"Ornamental Fan":4,"Molten Egg 2":5,"MawBank":4,"Burning Blood":0},{"NeowsBlessing":0,"Ornamental Fan":11,"Molten Egg 2":15,"MawBank":11,"Burning Blood":0}],"Burning Blood":25},"card_choices":[{"not_picked":["Havoc","Sword Boomerang"],"picked":"Perfected Strike","floor":1},{"not_picked":["Sword Boomerang","Headbutt"],"picked":"Wild Strike","floor":4},{"not_picked":["Rupture","Inflame"],"picked":"Flame Barrier","floor":5},{"not_picked":["Second Wind","Pommel Strike"],"picked":"Barricade","floor":6},{"not_picked":["Wild Strike","Shrug It Off"],"picked":"Perfected Strike","floor":10},{"not_picked":["Warcry","Sentinel"],"picked":"Feel No Pain","floor":14}],"player_experience":1129339,"relics_obtained":[{"floor":6,"key":"Ornamental Fan"},{"floor":9,"key":"MawBank"}],"event_choices":[{"damage_healed":0,"gold_gain":0,"player_choice":"Got Potions","damage_taken":0,"max_hp_gain":0,"max_hp_loss":0,"event_name":"Lab","floor":3,"gold_loss":0},{"damage_healed":26,"gold_gain":0,"player_choice":"Banana","damage_taken":0,"max_hp_gain":0,"max_hp_loss":0,"event_name":"Big Fish","floor":8,"gold_loss":0},{"damage_healed":0,"gold_gain":0,"player_choice":"Success","damage_taken":26,"relics_obtained":["Molten Egg 2"],"max_hp_gain":0,"max_hp_loss":0,"event_name":"Scrap Ooze","floor":12,"gold_loss":0}],"is_beta":false,"boss_relics":[],"items_purged_floors":[],"is_endless":false,"potions_floor_spawned":[4,5,10],"killed_by":"The Guardian","ascension_level":20}}