{"host":"w1xj5yb993x94b3l","time":1609667177,"event":{"mods":["AchievementEnabler","Act Like it!","Aspiration","BaseMod","Beaked The Cultist","BetterRewards","CCEM","Clockwork Mod","Colored Powertips","Conspire","Downfall","Energized Spire","Friendly Minions","GifTheSpireLib","Glutton Mod","Halation","Hubris","Infinite Spire","Lobotomy","LobotomyExtend","Mad Scientist","Marisa????????","Minty Spire (QoL Compilation)","Relic Sorter","Replay The Spire","Slumbering Mod","Spikes Relics","StSLib","Stuff the Spire","The Bladedancer","The Construct","The Disciple","The Jungle","The Mystic","The Runesmith","The Sage","The Servant 0.9.4","Trackpad","vexMod"],"gold_per_floor":[99,99,99,99,99,84,84,101,133,150,150,167,167,167,185,290,290,290,300,318,318,335,368,368,35,35,51,79,90,108,125,137,237,237,319,331,346,346,360,392,392,407,407,425,10,25,303,303,313,313],"floor_reached":51,"playtime":3735,"items_purged":["Guardian:Aged","hubris:Sloth"],"score":873,"play_id":"5f8eb10a-23cc-4a5e-b649-2311fd0f1138","local_time":"20210103104617","is_ascension_mode":false,"campfire_choices":[{"floor":1,"key":"DIG"},{"floor":13,"key":"REST"},{"data":"Guardian:SphericShield","floor":18,"key":"SMITH"},{"data":"Guardian:PolyBeam","floor":26,"key":"SMITH"},{"data":"Guardian:Harden","floor":43,"key":"SMITH"}],"circlet_count":0,"master_deck":["Guardian:Strike_Guardian","Guardian:Strike_Guardian","Guardian:Strike_Guardian","Guardian:Strike_Guardian","Guardian:Defend_Guardian+1","Guardian:Defend_Guardian","Guardian:Defend_Guardian","Guardian:Defend_Guardian","Guardian:CurlUp+1","Guardian:TwinSlam","Guardian:FloatingOrbs","Guardian:ShieldCharger","Guardian:SentryBeam","Guardian:DecasProtection","Guardian:RollAttack+1","Guardian:ChargeUp","Guardian:Reroute","Injury","Guardian:TimeCapacitor","Guardian:SphericShield+1","Guardian:TemporalStrike+1","Guardian:PolyBeam+1","Guardian:Recover","Guardian:Preprogram","Guardian:ShieldCharger","Guardian:Repulse","Guardian:Harden+1","Guardian:TimeSifter","Stack","FIFO Queue+1","Rebound","Doom and Gloom+1","Aggregate+1","Conserve Battery+1","Guardian:BronzeArmor","conspire:SharedLibrary","Core Surge","Hello World+1"],"relics":["Guardian:ModeShifter","downfall:HeartsMalice","trackpad:ByrdBGone","LetterFromLob","Mercury Hourglass","infinitespire:WardingShard","Bronze Scales","Heaven_r","Replay:Grab Bag","Sozu","Cursed Key","theSlumbering:EnchantedHammer","Black Star","vexMod:Spyglass","StuffTheSpire:Mouthbags","StuffTheSpire:Experiment12","CCEMRelics:OverlyComfyChair","infinitespire:ShieldingShard","Thread and Needle","CCEMRelics:Francisca","aspiration:DefectSkillbook","Replay:Wax Seal","Iron Hammer","trackpad:ByrdCharm","vexMod:PlasmaPancake","Prayer Wheel"],"acts_visited":["Exordium","TheCity","TheBeyond"],"potions_floor_usage":[10],"damage_taken":[{"damage":0,"enemies":"Cultist","floor":2,"turns":1},{"damage":0,"enemies":"theSlumbering:NewCultist","floor":3,"turns":1},{"damage":0,"enemies":"downfall:FleeingMerchant","floor":4,"turns":1},{"damage":0,"enemies":"downfall:FleeingMerchant","floor":6,"turns":4},{"damage":0,"enemies":"Jaw Worm","floor":8,"turns":3},{"damage":6,"enemies":"Lagavulin","floor":9,"turns":7},{"damage":7,"enemies":"Blue Slaver","floor":10,"turns":3},{"damage":36,"enemies":"Gremlin Gang","floor":11,"turns":4},{"damage":10,"enemies":"Gremlin Gang","floor":12,"turns":3},{"damage":6,"enemies":"theSlumbering:NewSlaver","floor":15,"turns":3},{"damage":9,"enemies":"downfall:Watcher","floor":16,"turns":7},{"damage":0,"enemies":"conspire:FuzzyDice","floor":19,"turns":5},{"damage":5,"enemies":"Shell Parasite","floor":20,"turns":4},{"damage":0,"enemies":"Cultist and Chosen","floor":22,"turns":6},{"damage":0,"enemies":"conspire:Head Lice","floor":23,"turns":6},{"damage":0,"enemies":"downfall:FleeingMerchant","floor":25,"turns":4},{"damage":0,"enemies":"Sentry and Sphere","floor":27,"turns":4},{"damage":7,"enemies":"Book of Stabbing","floor":28,"turns":4},{"damage":12,"enemies":"Snake Plant","floor":29,"turns":2},{"damage":0,"enemies":"3 Cultists","floor":30,"turns":4},{"damage":0,"enemies":"Snecko","floor":31,"turns":5},{"damage":0,"enemies":"Centurion and Healer","floor":32,"turns":4},{"damage":10,"enemies":"downfall:Silent","floor":33,"turns":5},{"damage":0,"enemies":"3 Shapes","floor":36,"turns":4},{"damage":0,"enemies":"3 Darklings","floor":37,"turns":4},{"damage":1,"enemies":"Writhing Mass","floor":39,"turns":4},{"damage":0,"enemies":"Nemesis","floor":40,"turns":5},{"damage":0,"enemies":"Maw","floor":42,"turns":6},{"damage":0,"enemies":"Jaw Worm Horde","floor":44,"turns":3},{"damage":0,"enemies":"downfall:FleeingMerchant","floor":45,"turns":4},{"damage":0,"enemies":"Writhing Mass","floor":46,"turns":4},{"damage":0,"enemies":"downfall:FleeingMerchant","floor":47,"turns":2},{"damage":0,"enemies":"4 Shapes","floor":49,"turns":2},{"damage":0,"enemies":"downfall:Ironclad","floor":50,"turns":9}],"seed_played":"4112673328153990840","potions_obtained":[{"floor":8,"key":"SkillPotion"},{"floor":9,"key":"Strength Potion"},{"floor":10,"key":"LiquidBronze"},{"floor":12,"key":"Explosive Potion"},{"floor":15,"key":"FairyPotion"}],"is_trial":false,"path_per_floor":["R","M","M","$","T","$","T","M","E","M","M","M","R","?","M","B",null,"R","M","M","AVR","M","E","T","$","R","M","E","M","M","M","M","B",null,"R","M","M","?","M","E","T","M","R","M","$","M","$","?","M","B",null],"character_chosen":"GUARDIAN","items_purchased":["infinitespire:ShieldingShard","vexMod:PlasmaPancake","conspire:SharedLibrary"],"campfire_rested":1,"item_purchase_floors":[25,45,47],"current_hp_per_floor":[80,80,80,80,80,80,80,80,74,67,31,21,45,45,39,30,81,81,81,76,76,76,76,76,76,76,81,81,69,77,77,81,79,81,81,81,81,61,60,63,63,72,72,78,87,87,87,87,87,87],"gold":313,"neow_bonus":"THREE_ENEMY_KILL","is_daily":false,"chose_seed":false,"campfire_upgraded":3,"win_rate":0.0,"timestamp":1609667177,"path_taken":["R","M","M","?","?","$","T","M","E","M","M","M","R","?","M","BOSS","R","M","M","AVR","?","E","T","?","R","M","E","M","M","M","M","BOSS","R","M","M","?","?","E","T","?","R","?","$","M","$","?","M","BOSS"],"items_purchased_type":["Relic","Relic","Card"],"build_version":"2020-12-22","purchased_purges":2,"victory":true,"max_hp_per_floor":[80,80,80,80,80,80,80,80,80,80,81,81,81,81,81,81,81,81,81,81,81,81,81,81,81,81,81,81,81,81,81,81,81,81,81,81,81,81,81,81,81,81,81,81,87,87,87,87,87,87],"card_choices":[{"not_picked":["Guardian:ShieldCharger","Guardian:Emergency"],"picked":"Guardian:FloatingOrbs","floor":2},{"not_picked":["Guardian:Reroute","Guardian:Incinerate"],"picked":"Guardian:ShieldCharger","floor":3},{"not_picked":["Guardian:ExploitGems","Guardian:Suspension"],"picked":"Guardian:SentryBeam","floor":4},{"not_picked":["Guardian:VentSteam","Guardian:GuardianWhirl"],"picked":"Guardian:DecasProtection","floor":6},{"not_picked":["Guardian:ChargeCore","Guardian:Gem_Fragmented"],"picked":"Guardian:RollAttack","floor":8},{"not_picked":["Guardian:Gem_Fragmented","Guardian:PrimingBeam"],"picked":"Guardian:ChargeUp","floor":9},{"not_picked":["Guardian:GuardianWhirl","Guardian:Gem_White"],"picked":"Guardian:Reroute","floor":10},{"not_picked":["Guardian:Reroute","Guardian:ShieldSpikes"],"picked":"Guardian:DecasProtection","floor":12},{"not_picked":["Guardian:FloatingOrbs","Guardian:Incinerate"],"picked":"Guardian:TimeCapacitor","floor":15},{"not_picked":["Guardian:StasisField","Guardian:TimeSifter"],"picked":"Guardian:SphericShield","floor":16},{"not_picked":["Guardian:Planning+1","Guardian:Clone"],"picked":"Guardian:TemporalStrike+1","floor":19},{"not_picked":["Guardian:Incinerate","Guardian:TimeBomb"],"picked":"Guardian:Gem_Green","floor":20},{"not_picked":["Guardian:Gem_Purple","Guardian:Gem_Crimson"],"picked":"Guardian:PolyBeam","floor":22},{"not_picked":["Guardian:ConstructionForm","Guardian:Gem_Purple"],"picked":"Guardian:Recover","floor":23},{"not_picked":["Guardian:Gem_Red","Guardian:Suspension+1"],"picked":"Guardian:Preprogram","floor":25},{"not_picked":["Guardian:Gem_Lightblue","Guardian:Recover"],"picked":"Guardian:ShieldCharger","floor":27},{"not_picked":["Guardian:BaubleBeam","Guardian:ShieldSpikes"],"picked":"Guardian:Repulse","floor":28},{"not_picked":["Guardian:Suspension","Guardian:PolyBeam"],"picked":"Guardian:Gem_Red","floor":29},{"not_picked":["Guardian:ShieldSpikes","Guardian:Recover","Guardian:Gem_Lightblue"],"picked":"SKIP","floor":30},{"not_picked":["Guardian:Gem_Cyan","Guardian:Emergency+1","Guardian:PolyBeam"],"picked":"SKIP","floor":31},{"not_picked":["Guardian:PrimingBeam+1","Guardian:ShieldCharger"],"picked":"Guardian:Harden","floor":32},{"not_picked":["Guardian:BaubleBeam","Guardian:StasisField"],"picked":"Guardian:TimeSifter","floor":33},{"not_picked":["Guardian:TimeCapacitor","Guardian:Gem_Lightblue","Guardian:Gem_Red"],"picked":"Stack","floor":36},{"not_picked":["BasicCrystalCard+1","DiskWipe","Guardian:ChargeCore"],"picked":"FIFO Queue+1","floor":37},{"not_picked":["FTL","StuffTheSpire:Synthwave+1","Go for the Eyes","Cold Snap+1"],"picked":"SKIP","floor":39},{"not_picked":["ReplayTheSpireMod:Reroute Power","Gash+1","Guardian:Harden"],"picked":"Rebound","floor":40},{"not_picked":["ReplaySort+1","Guardian:FloatingOrbs+1","Steam Power+1"],"picked":"Doom and Gloom+1","floor":42},{"not_picked":["Time Bomb","Guardian:WalkerClaw+1","Cold Snap"],"picked":"Aggregate+1","floor":44},{"not_picked":["Guardian:PrimingBeam","Ball Lightning","ReplayTheSpireMod:Repulse"],"picked":"Conserve Battery+1","floor":45},{"not_picked":["Steam","BasicCrystalCard","Guardian:Incinerate"],"picked":"Guardian:BronzeArmor","floor":46},{"not_picked":["White Noise","Guardian:TimeCapacitor+1","Guardian:WalkerClaw"],"picked":"ReplayTheSpireMod:Fabricate Wheel","floor":47},{"not_picked":["Guardian:TemporalStrike","Skim","Blizzard"],"picked":"Hello World+1","floor":49},{"not_picked":["Guardian:Gem_Lightblue","Cold Snap","Barrage+1","Guardian:Recover"],"picked":"SKIP","floor":49}],"player_experience":239809,"relics_obtained":[{"floor":1,"key":"trackpad:ByrdBGone"},{"floor":2,"key":"LetterFromLob"},{"floor":5,"key":"Mercury Hourglass"},{"floor":7,"key":"infinitespire:WardingShard"},{"floor":9,"key":"Bronze Scales"},{"floor":23,"key":"StuffTheSpire:Mouthbags"},{"floor":23,"key":"StuffTheSpire:Experiment12"},{"floor":24,"key":"CCEMRelics:OverlyComfyChair"},{"floor":28,"key":"Thread and Needle"},{"floor":28,"key":"CCEMRelics:Francisca"},{"floor":40,"key":"Replay:Wax Seal"},{"floor":40,"key":"Iron Hammer"},{"floor":41,"key":"trackpad:ByrdCharm"}],"event_choices":[{"cards_removed":["Guardian:DecasProtection"],"damage_healed":0,"gold_gain":0,"player_choice":"Took Card","damage_taken":0,"max_hp_gain":0,"max_hp_loss":0,"event_name":"NoteForYourself","floor":14,"gold_loss":0,"cards_obtained":["Injury"]}],"is_beta":false,"boss_relics":[{"not_picked":["Snecko Eye","aspiration:PoetsPen_weak"],"picked":"Replay:Grab Bag"},{"not_picked":["energizedSpire:MagnifyingGlass","halation:CatFaceCupcake"],"picked":"Sozu"},{"not_picked":["Fusion Hammer","Replay:Cursed D8"],"picked":"Cursed Key"},{"not_picked":["halation:HeavySnake","aspiration:RitualDagger"],"picked":"theSlumbering:EnchantedHammer"},{"not_picked":["Guardian:ModeShifterPlus","vexMod:ImprovementManual"],"picked":"Black Star"},{"not_picked":["energizedSpire:EnergizedDie","energizedSpire:RedRose"],"picked":"aspiration:DefectSkillbook"}],"items_purged_floors":[25,45],"is_endless":false,"potions_floor_spawned":[8,9,10,12,15,20,23,27,28,30,36,42,44,49],"ascension_level":0}}