{"host":"tw4sg9io217sih45","time":1609660554,"event":{"mods":["AchievementEnabler","BaseMod","Colored Map","Highlight Path","Minty Spire (QoL Compilation)"],"gold_per_floor":[113,38,213,233,233,260,273,273,273,293,319,319,337,148,148,244,244,263,263,275,275,275,308,308,183,183,209,219,230,230,265,265,368,368,378,430,92,109,122,122,151,151,151,170,170,185,213,213,213,213,213,213,38,69,69,69],"floor_reached":55,"playtime":2812,"items_purged":["Strike_B","Strike_B","Strike_B","Strike_B","Defend_B"],"score":900,"play_id":"a70fc6c9-dcdc-4a8c-a12d-b7b54339387d","local_time":"20210103155554","is_ascension_mode":true,"campfire_choices":[{"data":"Genetic Algorithm","floor":8,"key":"SMITH"},{"data":"Coolheaded","floor":12,"key":"SMITH"},{"data":"Loop","floor":15,"key":"SMITH"},{"data":"Zap","floor":24,"key":"SMITH"},{"floor":30,"key":"RECALL"},{"data":"Defragment","floor":32,"key":"SMITH"},{"data":"Buffer","floor":40,"key":"SMITH"},{"data":"Reboot","floor":45,"key":"SMITH"},{"data":"Scrape","floor":49,"key":"SMITH"},{"data":"Reinforced Body","floor":52,"key":"SMITH"}],"circlet_count":0,"master_deck":["Defend_B","Zap+1","Dualcast","Reinforced Body+1","Genetic Algorithm+1","Self Repair","Coolheaded+1","Gash+1","Gash","Gash","Loop+1","Reboot+1","Gash+1","Defragment+1","Buffer+1","Glacier+1","Scrape+1","Parasite"],"relics":["Cracked Core","NeowsBlessing","Gambling Chip","Turnip","Vajra","Sozu","Bottled Lightning","Toxic Egg 2","Regal Pillow","Whetstone","Busted Crown","Thread and Needle","HandDrill","Kunai","Torii","Bag of Marbles"],"acts_visited":["Exordium","TheCity","TheBeyond","TheEnding"],"potions_floor_usage":[16,16,18],"damage_taken":[{"damage":0,"enemies":"Cultist","floor":1,"turns":1},{"damage":0,"enemies":"Jaw Worm","floor":4,"turns":1},{"damage":0,"enemies":"3 Sentries","floor":6,"turns":1},{"damage":0,"enemies":"2 Louse","floor":7,"turns":4},{"damage":9,"enemies":"Looter","floor":10,"turns":4},{"damage":2,"enemies":"2 Fungi Beasts","floor":13,"turns":4},{"damage":15,"enemies":"Hexaghost","floor":16,"turns":9},{"damage":10,"enemies":"2 Thieves","floor":18,"turns":3},{"damage":5,"enemies":"Shell Parasite","floor":20,"turns":4},{"damage":20,"enemies":"Book of Stabbing","floor":23,"turns":5},{"damage":0,"enemies":"Gremlin Leader","floor":27,"turns":5},{"damage":8,"enemies":"Shelled Parasite and Fungi","floor":28,"turns":4},{"damage":0,"enemies":"Snecko","floor":29,"turns":5},{"damage":8,"enemies":"Book of Stabbing","floor":31,"turns":5},{"damage":23,"enemies":"Collector","floor":33,"turns":8},{"damage":0,"enemies":"Orb Walker","floor":35,"turns":3},{"damage":31,"enemies":"2 Orb Walkers","floor":36,"turns":6},{"damage":5,"enemies":"3 Darklings","floor":38,"turns":4},{"damage":0,"enemies":"Writhing Mass","floor":39,"turns":4},{"damage":3,"enemies":"Giant Head","floor":41,"turns":8},{"damage":0,"enemies":"Transient","floor":44,"turns":5},{"damage":0,"enemies":"Spire Growth","floor":46,"turns":5},{"damage":25,"enemies":"Reptomancer","floor":47,"turns":7},{"damage":0,"enemies":"Donu and Deca","floor":50,"turns":9},{"damage":34,"enemies":"Shield and Spear","floor":54,"turns":5},{"damage":50,"enemies":"The Heart","floor":55,"turns":8}],"seed_played":"-305578127928348682","potions_obtained":[{"floor":1,"key":"PowerPotion"},{"floor":4,"key":"Energy Potion"},{"floor":10,"key":"Block Potion"},{"floor":16,"key":"Fire Potion"}],"is_trial":false,"path_per_floor":["M","$","?","M","?","E","M","R","T","M","T","R","M","$","R","B",null,"M","?","M","?","?","E","R","$","T","E","M","M","R","E","R","B",null,"M","?","$","M","M","R","E","$","T","M","R","M","E","?","R","B",null,"R","$","E","B"],"character_chosen":"DEFECT","items_purchased":["Gash","Loop","Scrape","HandDrill"],"campfire_rested":0,"item_purchase_floors":[14,14,37,37],"current_hp_per_floor":[75,75,75,75,75,75,75,75,75,73,73,73,75,75,75,67,75,72,72,74,74,74,61,61,61,61,68,67,74,74,73,73,57,75,75,51,51,53,60,60,64,64,64,71,71,71,53,53,53,60,75,75,75,48,0,0],"gold":69,"neow_bonus":"THREE_ENEMY_KILL","is_daily":false,"chose_seed":false,"campfire_upgraded":9,"win_rate":0.0,"timestamp":1609660554,"path_taken":["M","?","?","M","?","E","M","R","T","M","?","R","M","$","R","BOSS","M","?","?","?","?","E","R","$","T","E","?","M","R","E","R","BOSS","M","?","$","M","M","R","E","?","T","M","R","M","E","?","R","BOSS","R","$","E","BOSS"],"items_purchased_type":["Card","Card","Card","Relic"],"build_version":"2020-12-22","purchased_purges":5,"victory":false,"max_hp_per_floor":[75,75,75,75,75,75,75,75,75,75,75,75,75,75,75,75,75,75,75,75,75,75,75,75,75,75,75,75,75,75,75,75,75,75,75,75,75,75,75,75,75,75,75,75,75,75,75,75,75,75,75,75,75,75,75,75],"card_choices":[{"not_picked":["White Noise","Conserve Battery"],"picked":"Reinforced Body","floor":1},{"not_picked":["Gash","Streamline"],"picked":"Genetic Algorithm","floor":4},{"not_picked":["Barrage","Go for the Eyes"],"picked":"Self Repair","floor":6},{"not_picked":["Aggregate","Rebound"],"picked":"Coolheaded","floor":7},{"not_picked":["Fusion","Electrodynamics"],"picked":"Gash","floor":10},{"not_picked":["Go for the Eyes","Aggregate"],"picked":"Gash","floor":13},{"not_picked":["Thunder Strike","Multi-Cast"],"picked":"Reboot","floor":16},{"not_picked":["Go for the Eyes+1","Hologram","Rebound"],"picked":"SKIP","floor":18},{"not_picked":["Rebound","Chill","Self Repair"],"picked":"SKIP","floor":20},{"not_picked":["Compile Driver+1","Steam Power","Barrage"],"picked":"SKIP","floor":23},{"not_picked":["Doom and Gloom","FTL","Electrodynamics"],"picked":"SKIP","floor":27},{"not_picked":["Hologram+1","Steam+1"],"picked":"Defragment+1","floor":28},{"not_picked":["Stack+1","Chill+1","Reprogram+1"],"picked":"SKIP","floor":29},{"not_picked":["White Noise+1","Stack+1"],"picked":"Defragment","floor":31},{"not_picked":["Echo Form","Seek+1"],"picked":"Buffer","floor":33},{"not_picked":["Double Energy+1"],"picked":"SKIP","floor":35},{"not_picked":[],"picked":"Glacier+1","floor":36},{"not_picked":["Rebound"],"picked":"SKIP","floor":38},{"not_picked":["Blizzard"],"picked":"SKIP","floor":39},{"not_picked":["Reprogram+1"],"picked":"SKIP","floor":41},{"not_picked":["Undo+1"],"picked":"SKIP","floor":44},{"not_picked":["Beam Cell"],"picked":"SKIP","floor":46},{"not_picked":["Stack+1"],"picked":"SKIP","floor":47},{"not_picked":["Cold Snap"],"picked":"SKIP","floor":54}],"player_experience":194781,"relics_obtained":[{"floor":6,"key":"Gambling Chip"},{"floor":9,"key":"Turnip"},{"floor":11,"key":"Vajra"},{"floor":23,"key":"Bottled Lightning"},{"floor":26,"key":"Toxic Egg 2"},{"floor":27,"key":"Regal Pillow"},{"floor":31,"key":"Whetstone"},{"floor":36,"key":"Thread and Needle"},{"floor":41,"key":"Kunai"},{"floor":47,"key":"Torii"},{"floor":54,"key":"Bag of Marbles"}],"event_choices":[{"damage_healed":0,"gold_gain":175,"player_choice":"AGREE","damage_taken":0,"max_hp_gain":0,"max_hp_loss":0,"event_name":"Liars Game","floor":3,"gold_loss":0,"cards_obtained":["Doubt"]},{"cards_removed":["Doubt"],"damage_healed":0,"gold_gain":0,"player_choice":"Forget","damage_taken":0,"max_hp_gain":0,"max_hp_loss":0,"event_name":"Living Wall","floor":5,"gold_loss":0},{"cards_removed":["Defend_B"],"damage_healed":0,"gold_gain":0,"player_choice":"Purged","damage_taken":0,"max_hp_gain":0,"max_hp_loss":0,"event_name":"Purifier","floor":19,"gold_loss":0},{"cards_removed":["Defend_B"],"damage_healed":0,"gold_gain":0,"player_choice":"Elegance","damage_taken":0,"max_hp_gain":0,"max_hp_loss":0,"event_name":"Back to Basics","floor":21,"gold_loss":0},{"damage_healed":0,"gold_gain":0,"player_choice":"Copied","damage_taken":0,"max_hp_gain":0,"max_hp_loss":0,"event_name":"Duplicator","floor":22,"gold_loss":0,"cards_obtained":["Gash"]},{"damage_healed":0,"gold_gain":0,"player_choice":"Fight","damage_taken":0,"max_hp_gain":0,"max_hp_loss":0,"event_name":"Mysterious Sphere","floor":36,"gold_loss":0},{"cards_removed":["Defragment"],"damage_healed":0,"gold_gain":0,"player_choice":"Removed Power","damage_taken":0,"max_hp_gain":0,"max_hp_loss":0,"event_name":"Falling","floor":48,"gold_loss":0}],"is_beta":false,"boss_relics":[{"not_picked":["Nuclear Battery","Cursed Key"],"picked":"Sozu"},{"not_picked":["Fusion Hammer","Snecko Eye"],"picked":"Busted Crown"}],"items_purged_floors":[2,14,25,37,53],"is_endless":false,"potions_floor_spawned":[1,4,10,16,20,27,33,36,39,44,46,54],"killed_by":"The Heart","ascension_level":1}}