{"host":"z9grmtg2w0nmz8n1","time":1609689588,"event":{"mods":["Aspiration","Bard","BaseMod","Beaked The Cultist","Better Altar","Better Match","Better Note","Better Sensory Stone","Better Skull","Better Third Choice","BetterRewards","CCEM","Colored Map","Conspire","Downfall","GifTheSpireLib","Googly Eyes","Halation","Hermit","Highlight Path","Hubris","Hunter ??","Jedi Mod","Jorbs\u0027s Wanderer Trilogy","Mad Scientist","Marisa????????","Minty Spire (QoL Compilation)","Permanent Neow","Replay The Spire","Shade Mod","Shop Mod","Spicy Shops","StSLib","Stuff the Spire","The Bug Knight","The Construct","The Necromancer","The Runesmith","The Witch"],"gold_per_floor":[111,139,139,152,163,194,206,232,232,249,249,52,79,96,96,196,196,183,101,120,137,37,37,37],"floor_reached":23,"playtime":1088,"items_purged":["Strike_B","Strike_B","Strike_B"],"score":251,"play_id":"fd2b1050-6b18-4e93-8ffb-cd8ca418a229","local_time":"20210103135948","is_ascension_mode":true,"campfire_choices":[{"floor":15,"key":"REST"}],"circlet_count":0,"master_deck":["Strike_B","Defend_B","Defend_B","Defend_B","Defend_B","Zap","Dualcast","Ball Lightning","Leap","Ball Lightning","Ball Lightning","Leap","Ball Lightning","Conserve Battery","jedi:frostbite","Pain","Defragment","Capacitor"],"relics":["Cracked Core","Tiny Chest","CCEMRelics:Icicle","halation:PinkSoulGem","HollowMod:LifeEnderRelic","jedi:cryingmask","beaked:ShinyBauble","Garlic","Replay:Ancient Bell","Boot","Replay:Bottled Flurry","Replay:Arrowhead"],"acts_visited":["Exordium","TheCity"],"potions_floor_usage":[13,16,21,23],"damage_taken":[{"damage":6,"enemies":"Jaw Worm","floor":1,"turns":3},{"damage":11,"enemies":"conspire:MimicChest","floor":2,"turns":4},{"damage":2,"enemies":"Small Slimes","floor":4,"turns":3},{"damage":0,"enemies":"conspire:RoseBush","floor":5,"turns":3},{"damage":12,"enemies":"HollowMod:MossKnight","floor":6,"turns":6},{"damage":4,"enemies":"Exordium Wildlife","floor":7,"turns":3},{"damage":4,"enemies":"3 Sentries","floor":8,"turns":4},{"damage":4,"enemies":"Gremlin Gang","floor":10,"turns":3},{"damage":12,"enemies":"Lagavulin","floor":13,"turns":5},{"damage":0,"enemies":"Blue Slaver","floor":14,"turns":3},{"damage":2,"enemies":"Hexaghost","floor":16,"turns":7},{"damage":24,"enemies":"2 Thieves","floor":18,"turns":4},{"damage":8,"enemies":"Chosen","floor":19,"turns":4},{"damage":6,"enemies":"Centurion and Healer","floor":20,"turns":3},{"damage":6,"enemies":"Snecko","floor":21,"turns":5},{"damage":34,"enemies":"Gremlin Leader","floor":23,"turns":4}],"seed_played":"-3778918111216387845","potions_obtained":[{"floor":2,"key":"sneckomod:MuddlingPotion"},{"floor":4,"key":"PotionOfCapacity"},{"floor":7,"key":"Weak Potion"},{"floor":14,"key":"hexamod:EctoCoolerPotion"},{"floor":18,"key":"Fire Potion"},{"floor":20,"key":"jedi:StrikingPotion"}],"is_trial":false,"path_per_floor":["M","?","?","M","M","E","M","E","T","M","T","$","E","M","R","B",null,"M","M","M","M","$","E"],"character_chosen":"DEFECT","items_purchased":["Ball Lightning"],"campfire_rested":1,"item_purchase_floors":[12],"current_hp_per_floor":[69,58,58,56,56,44,40,36,36,32,32,32,20,20,42,40,75,51,43,37,31,31,0,0],"gold":37,"neow_bonus":"RANDOM_COMMON_RELIC","is_daily":false,"chose_seed":false,"campfire_upgraded":0,"win_rate":0.0,"timestamp":1609689588,"path_taken":["M","?","?","M","M","E","M","E","T","?","?","?","E","M","R","BOSS","M","M","M","M","$","E"],"items_purchased_type":["Card"],"build_version":"2020-12-22","purchased_purges":3,"victory":false,"max_hp_per_floor":[75,75,75,75,75,75,75,75,75,75,75,75,75,75,75,75,75,75,75,75,75,75,75,75],"card_choices":[{"not_picked":["Compile Driver","Reinforced Body"],"picked":"Ball Lightning","floor":1},{"not_picked":["Go for the Eyes","Panic Button"],"picked":"Leap","floor":2},{"not_picked":["ReplayTheSpireMod:Repulse","ReplayTheSpireMod:Reroute Power"],"picked":"Ball Lightning","floor":4},{"not_picked":["StuffTheSpire:Plugnplay","Streamline"],"picked":"Ball Lightning","floor":5},{"not_picked":["Lockon","Panic Button","Double Energy"],"picked":"SKIP","floor":6},{"not_picked":["ReplayTheSpireMod:Dual Polarity","Darkness","jedi:spotbugs"],"picked":"SKIP","floor":7},{"not_picked":["ReplayRNGCard","BasicCrystalCard","Stack"],"picked":"SKIP","floor":8},{"not_picked":["jedi:BurstLightning","aspiration:Polymerization"],"picked":"Leap","floor":10},{"not_picked":["Barrage","StuffTheSpire:LoadUp"],"picked":"Conserve Battery","floor":13},{"not_picked":["jedi:spotbugs","StuffTheSpire:Rend","StuffTheSpire:ShieldGenerator"],"picked":"SKIP","floor":14},{"not_picked":["Delirium","Normality"],"picked":"ReplayTheSpireMod:IOU","floor":17},{"not_picked":["Delirium","UnluckySeven"],"picked":"jedi:frostbite","floor":17},{"not_picked":["jedi:BattleThirst","hubris:Gluttony"],"picked":"Pain","floor":17},{"not_picked":["Stack","Beam Cell+1","Leap"],"picked":"SKIP","floor":18},{"not_picked":["Streamline","Hologram"],"picked":"Defragment","floor":19},{"not_picked":["Rebound","Recycle"],"picked":"Capacitor","floor":20},{"not_picked":["jedi:BurstFrost+1","jedi:BurstLightning","Turbo"],"picked":"SKIP","floor":21}],"player_experience":761424,"relics_obtained":[{"floor":2,"key":"CCEMRelics:Icicle"},{"floor":6,"key":"HollowMod:LifeEnderRelic"},{"floor":8,"key":"jedi:cryingmask"},{"floor":11,"key":"beaked:ShinyBauble"},{"floor":13,"key":"Garlic"}],"event_choices":[],"is_beta":false,"boss_relics":[{"not_picked":["Runic Dome","Cursed Key"],"picked":"Replay:Ancient Bell"},{"not_picked":["Toy Ornithopter","Vajra"],"picked":"Boot"},{"not_picked":["hubris:Reverence","StuffTheSpire:EmeraldSignet"],"picked":"Replay:Bottled Flurry"},{"not_picked":["Dead Branch","aspiration:HatOfInfinitePower"],"picked":"Replay:Arrowhead"}],"items_purged_floors":[12,12,22],"is_endless":false,"potions_floor_spawned":[2,4,7,8,14,18,20],"killed_by":"Gremlin Leader","ascension_level":1}}