{"host":"8hy8aczuekhxmmq8","time":1609659139,"event":{"mods":["Act Like it!","BaseMod","Colored Map","Colored Powertips","DeckTracker","Gensokyo","Marisa£¨Ùöéë¡¡Øª×âÞÞ£©","Minty Spire (QoL Compilation)","Quick Restart","StSLib","SuperFastMode"],"gold_per_floor":[109,122,134,150,25,25,60,60,114,128,128,139,89,89,89],"floor_reached":14,"playtime":524,"items_purged":["Strike_MRS"],"score":96,"play_id":"4d3d531d-aa60-4fea-89c4-e8299105219f","local_time":"20210103163219","is_ascension_mode":true,"campfire_choices":[{"data":"IllusionStar","floor":6,"key":"SMITH"}],"circlet_count":0,"master_deck":["Strike_MRS","Strike_MRS","Strike_MRS","Defend_MRS","Defend_MRS","Defend_MRS","Defend_MRS","MasterSpark","UpSweep","ManaConvection","IllusionStar+1","DC","ShootingEcho","ChargeUpSpray","SatelliteIllusion","DragonMeteor","Pain","PropBag"],"relics":["MiniHakkero","NeowsBlessing","Matryoshka","Smiling Mask","Oddly Smooth Stone","Gensokyo:LunaticRedEyes","Mummified Hand","Du-Vu Doll"],"acts_visited":["Exordium"],"potions_floor_usage":[14,14,14],"damage_taken":[{"damage":0,"enemies":"Gensokyo:Gryphon","floor":1,"turns":1},{"damage":0,"enemies":"Gensokyo:2_Kodama","floor":2,"turns":1},{"damage":0,"enemies":"Gensokyo:3_Fairies","floor":3,"turns":2},{"damage":6,"enemies":"Gensokyo:Kitsune","floor":4,"turns":2},{"damage":19,"enemies":"Gensokyo:Mamizou","floor":7,"turns":9},{"damage":15,"enemies":"Gensokyo:3_Kodama","floor":10,"turns":6},{"damage":2,"enemies":"Gensokyo:LivingMonolith","floor":12,"turns":3},{"damage":41,"enemies":"Gensokyo:Cirno","floor":14,"turns":7}],"seed_played":"245085402525159198","potions_obtained":[{"floor":2,"key":"SkillPotion"},{"floor":4,"key":"BlessingOfTheForge"},{"floor":7,"key":"AttackPotion"}],"is_trial":false,"path_per_floor":["M","M","M","M","COS","R","E","?","T","M","?","M","$","E"],"character_chosen":"MARISA","items_purchased":[],"campfire_rested":0,"item_purchase_floors":[],"current_hp_per_floor":[75,75,75,69,69,69,50,50,50,35,35,33,33,0,0],"gold":89,"neow_bonus":"THREE_ENEMY_KILL","is_daily":false,"chose_seed":false,"campfire_upgraded":1,"win_rate":0.0,"timestamp":1609659139,"path_taken":["M","M","?","M","COS","R","E","?","T","M","?","M","?","E"],"items_purchased_type":[],"build_version":"2020-12-22","purchased_purges":1,"victory":false,"max_hp_per_floor":[75,75,75,75,75,75,75,75,75,75,75,75,75,75,75],"card_choices":[{"not_picked":["GravityBeat","6A"],"picked":"ManaConvection","floor":1},{"not_picked":["OrrerysSun","FairyDestructionRay"],"picked":"IllusionStar","floor":2},{"not_picked":["Acceleration","Occultation"],"picked":"DC","floor":3},{"not_picked":["WitchLeyline","GravityBeat"],"picked":"ShootingEcho","floor":4},{"not_picked":["AlicesGift","SporeBomb"],"picked":"ChargeUpSpray","floor":7},{"not_picked":["BlazingStar","TreasureHunter"],"picked":"SatelliteIllusion","floor":10},{"not_picked":["DoubleSpark","Acceleration"],"picked":"DragonMeteor","floor":10},{"not_picked":["GrandCross","ShootTheMoon"],"picked":"PropBag","floor":12}],"player_experience":62891,"relics_obtained":[{"floor":7,"key":"Matryoshka"},{"floor":9,"key":"Smiling Mask"},{"floor":9,"key":"Oddly Smooth Stone"}],"event_choices":[],"is_beta":false,"boss_relics":[],"items_purged_floors":[13],"is_endless":false,"potions_floor_spawned":[2,4,7,12],"killed_by":"Gensokyo:Cirno","ascension_level":1}}