{"host":"i58uscbei3sy5089","time":1609682095,"event":{"mods":["ATMod(阿瑾Mod)","Act Like it!","BaseMod","Challenge The Spire","Colored Powertips","Conspire","Infinite Spire","Koishi","Lobotomy","LobotomyExtend","Minty Spire (QoL Compilation)","MostiFishMod","Prisma Mod","Quick Restart","Replay The Spire","Shop Mod","Spicy Shops","StSLib","TestMod","The Administrix","The Construct","The Marked","UnlockEverythingMod","WarShipGirlsR/战舰少女R mod","[IsaacMod]以撒尖塔","vexMod","【功能Mod】混沌之环修复补丁","【遗物卡牌】REMEMod","篝火指南"],"gold_per_floor":[114,134,0,20,20,20,47,103,129,129,129,141,168,183,183,283,283,297,697,697,711,723,723,740,774,774,774,789,803,0,10,10,644,644,697,752,818,818,882,882,969,969,992,992,1087,14,14,41,41,48],"floor_reached":51,"playtime":3084,"items_purged":["theMarked:Defend","theMarked:Strike","theMarked:Strike","theMarked:Strike"],"score":1266,"play_id":"93e7d4a2-ed7e-4f7a-9220-9807e7fb4793","local_time":"20210103215455","is_ascension_mode":true,"campfire_choices":[{"data":"AT_BreakingExtremeWeapon","floor":6,"key":"SMITH"},{"data":"theMarked:Parry","floor":11,"key":"SMITH"},{"data":"theMarked:EmpowerWeapon","floor":15,"key":"SMITH"},{"data":"theMarked:EternalStudent","floor":23,"key":"SMITH"},{"data":"testmod-ChaoticCore","floor":32,"key":"SMITH"},{"data":"theMarked:SummonStrength","floor":40,"key":"SMITH"},{"data":"theMarked:Parry","floor":42,"key":"SMITH"},{"data":"theMarked:ElementalBlade","floor":49,"key":"SMITH"}],"circlet_count":0,"master_deck":["theMarked:Strike","theMarked:Strike","theMarked:Defend","theMarked:SoldierOfQuellstein","AT_BreakingExtremeWeapon+1","MHz","theMarked:RepellingDischarge","OSAHOGD","theMarked:Parry+1","WallGazer","theMarked:Parry+1","theMarked:EmpowerWeapon+1","theMarked:Reabsorb","theMarked:EternalStudent+1","theMarked:Improvise","theMarked:Vacuum","LongBird","theMarked:SwordAndMagic+1","testmod-ChaoticCore+1","theMarked:ElementalBlade+1","theMarked:SummonStrength+1","theMarked:SwordAndMagic+1","theMarked:SwordAndMagic+1","theMarked:SwordAndMagic+1"],"relics":["theMarked:ArtifactOfAir","testmod-TestBox","HushsDoor","DaveBox","AT_ATBox","CogitoBucket","RabbitCall","BirthdayGift-Tetrahedron","MaYiHuaBei","testmod-BatchProcessingSystem","SynthV:TestCard","LetterFromLob","MerchantsRug","Oddly Smooth Stone","SatanicBible","Blue Doll","vexMod:BarristanHead","BirthdayGift-Tetrahedron","AT_BellDemon","Strawberry","testmod-ConstraintPeriapt","ChiLing","Chi","Ling","infinitespire:EvilPickle","ShadowXiaoBlade","SteamSale","SynthV:C4","Bronze Scales","Replay:Lucky Slots","infinitespire:Satchel"],"acts_visited":["Exordium","TheCity","TheBeyond"],"potions_floor_usage":[],"damage_taken":[{"damage":0,"enemies":"Jaw Worm","floor":1,"turns":1},{"damage":2,"enemies":"2 Louse","floor":2,"turns":2},{"damage":2,"enemies":"Small Slimes","floor":4,"turns":2},{"damage":4,"enemies":"Lagavulin","floor":7,"turns":3},{"damage":4,"enemies":"Lagavulin Event","floor":8,"turns":3},{"damage":0,"enemies":"Exordium Wildlife","floor":12,"turns":1},{"damage":6,"enemies":"Gremlin Nob","floor":13,"turns":3},{"damage":4,"enemies":"2 Fungi Beasts","floor":14,"turns":2},{"damage":4,"enemies":"Slime Boss","floor":16,"turns":2},{"damage":4,"enemies":"3 Byrds","floor":18,"turns":2},{"damage":10,"enemies":"2 Thieves","floor":21,"turns":3},{"damage":6,"enemies":"Chosen and Byrds","floor":22,"turns":2},{"damage":6,"enemies":"Snake Plant","floor":24,"turns":2},{"damage":0,"enemies":"Slavers","floor":25,"turns":2},{"damage":8,"enemies":"Cultist and Chosen","floor":28,"turns":3},{"damage":2,"enemies":"3 Cultists","floor":29,"turns":1},{"damage":11,"enemies":"Sentry and Sphere","floor":31,"turns":1},{"damage":12,"enemies":"Pondfish","floor":33,"turns":2},{"damage":2,"enemies":"3 Shapes","floor":35,"turns":1},{"damage":8,"enemies":"Orb Walker","floor":36,"turns":2},{"damage":9,"enemies":"Spire Growth","floor":37,"turns":2},{"damage":5,"enemies":"Maw","floor":39,"turns":1},{"damage":4,"enemies":"R_Hoarder","floor":41,"turns":1},{"damage":16,"enemies":"Nemesis","floor":45,"turns":2},{"damage":1,"enemies":"Sphere and 2 Shapes","floor":48,"turns":1},{"damage":10,"enemies":"FixerMidnight","floor":50,"turns":2}],"seed_played":"3522392870058225571","potions_obtained":[{"floor":2,"key":"Block Potion"},{"floor":7,"key":"Adrenaline Potion"},{"floor":13,"key":"Energy Potion"},{"floor":24,"key":"BlessingOfTheForge"},{"floor":31,"key":"AttackPotion"},{"floor":36,"key":"Ancient Potion"},{"floor":48,"key":"ColorlessPotion"}],"is_trial":false,"path_per_floor":["M","M","$","M","$","R","E","?","T","?","R","M","E","M","R","B",null,"M","?","?","M","M","R","M","E","T","?","M","M","$","M","R","B",null,"M","M","M","?","M","R","E","R","T","?","E","$","?","M","R","B",null],"character_chosen":"THE_DEFAULT","items_purchased":["MerchantsRug","testmod-ChaoticCore","Strawberry","testmod-ConstraintPeriapt","ChiLing","Mummified Hand","Replay:Lucky Slots","infinitespire:Satchel"],"campfire_rested":0,"item_purchase_floors":[3,30,30,30,30,30,46,46],"current_hp_per_floor":[70,68,68,66,66,66,62,58,58,63,63,63,57,53,53,49,75,71,71,71,61,55,55,49,49,49,49,41,39,46,35,35,23,82,80,72,63,63,58,58,54,54,54,54,38,38,38,37,37,27],"gold":48,"neow_bonus":"","is_daily":false,"chose_seed":false,"campfire_upgraded":8,"win_rate":0.0,"timestamp":1609682095,"path_taken":["M","M","$","M","$","R","E","?","T","?","R","M","E","?","R","BOSS","M","?","?","M","M","R","?","E","T","?","M","M","$","M","R","BOSS","M","M","M","?","?","R","E","R","T","?","E","$","?","M","R","BOSS"],"items_purchased_type":["Relic","Card","Relic","Relic","Relic","Relic","Relic","Relic"],"build_version":"2020-12-22","purchased_purges":4,"victory":true,"max_hp_per_floor":[70,70,70,70,70,70,70,70,70,75,75,75,75,75,75,75,75,75,75,75,75,75,75,75,75,75,75,75,75,82,82,82,82,82,82,82,82,82,82,82,82,82,82,82,82,82,82,82,82,82],"card_choices":[{"not_picked":["OSAHOGD","OldLady"],"picked":"MHz","floor":1},{"not_picked":["theMarked:BanishingStrike","theMarked:ElectricStrings","theMarked:KeepCalmAndFightOn"],"picked":"SKIP","floor":1},{"not_picked":["Wellcheers","BeautyBeast","FairyFestival"],"picked":"Singing Bowl","floor":2},{"not_picked":["theMarked:WastefulDefense","theMarked:Parkour","theMarked:ComboAttacks","theMarked:WastefulAttack","theMarked:RogueSparks"],"picked":"SKIP","floor":2},{"not_picked":["LaLuna","CrumblingArmor","SpiderBud"],"picked":"Singing Bowl","floor":4},{"not_picked":["theMarked:ElectricStrings","theMarked:TwofoldDefense","theMarked:WastefulAttack","theMarked:Improvise"],"picked":"theMarked:RepellingDischarge","floor":4},{"not_picked":["VoidDream","Variant"],"picked":"OSAHOGD","floor":7},{"not_picked":["theMarked:KeepCalmAndFightOn","theMarked:ElectricStrings","theMarked:ChainLightning","theMarked:EmpowerWeapon"],"picked":"theMarked:Parry","floor":7},{"not_picked":["Wellcheers","OldLady"],"picked":"WallGazer","floor":8},{"not_picked":["theMarked:ThrowWeapon","theMarked:ShockingTouch","theMarked:TakeCover","theMarked:WastefulDefense"],"picked":"theMarked:Parry","floor":8},{"not_picked":["theMarked:LightningStrikesTwice","theMarked:WastefulDefense","theMarked:BanishingStrike","theMarked:BanishingWave"],"picked":"theMarked:EmpowerWeapon","floor":12},{"not_picked":["Mercenary","Scorched","Freischutz"],"picked":"Singing Bowl","floor":13},{"not_picked":["theMarked:Challenge","theMarked:Improvise","theMarked:KeepCalmAndFightOn","theMarked:AttractMetal"],"picked":"theMarked:Reabsorb","floor":13},{"not_picked":["SpiderBud","Yin","Variant"],"picked":"Singing Bowl","floor":14},{"not_picked":["theMarked:RepellingDischarge","theMarked:Frustration","theMarked:Static","theMarked:TwofoldDefense","theMarked:RogueSparks"],"picked":"SKIP","floor":14},{"not_picked":["CrumblingArmor","Wellcheers","VoidDream"],"picked":"Singing Bowl","floor":16},{"not_picked":["theMarked:MuscleMemory","theMarked:Abjuration","theMarked:Challenge","theMarked:MagicAdept"],"picked":"theMarked:EternalStudent","floor":16},{"not_picked":["theMarked:EnhanceMovement+1","theMarked:Parry","theMarked:AttractMetal","theMarked:WardOff"],"picked":"theMarked:Improvise","floor":18},{"not_picked":["SnowQueen","BeautyBeast","SilentOrchestra"],"picked":"Singing Bowl","floor":18},{"not_picked":["MeatLantern","BigBird","BodiesMountain"],"picked":"Singing Bowl","floor":21},{"not_picked":["theMarked:ElectricStrings","theMarked:TunnelVision","theMarked:Seal","theMarked:Indomitable","theMarked:HeritageOfTheMarked+1"],"picked":"SKIP","floor":21},{"not_picked":["Alriune","Murderer","CrumblingArmor"],"picked":"Singing Bowl","floor":22},{"not_picked":["theMarked:HeightenedSenses+1","theMarked:ContemptForTheProud","theMarked:ElectricStrings","theMarked:Panic+1","theMarked:ResourceFulStrike"],"picked":"SKIP","floor":22},{"not_picked":["Yin","CherryBlossoms","Bloodbath"],"picked":"Singing Bowl","floor":24},{"not_picked":["theMarked:ComboAttacks+1","theMarked:Aftermath","theMarked:Generate","theMarked:Parry"],"picked":"theMarked:Vacuum","floor":24},{"not_picked":["Variant","ShyLook","WhitesApple"],"picked":"Singing Bowl","floor":25},{"not_picked":["theMarked:SelfDefenseTraining","theMarked:Static+1","theMarked:ChainLightning+1","theMarked:EnhanceMovement+1","theMarked:Parry+1"],"picked":"SKIP","floor":25},{"not_picked":["DreamingCurrent","SnowQueen"],"picked":"LongBird","floor":28},{"not_picked":["theMarked:ChainLightning","theMarked:Improvise","theMarked:HeightenedSenses","theMarked:WardOff+1"],"picked":"theMarked:SwordAndMagic+1","floor":28},{"not_picked":["GalaxyChild","Alriune","QueenBee"],"picked":"Singing Bowl","floor":29},{"not_picked":["theMarked:BanishingStrike+1","theMarked:WastefulDefense","theMarked:HeightenedSenses","theMarked:EmpowerWeapon","theMarked:ComboAttacks"],"picked":"SKIP","floor":29},{"not_picked":["Woodsman","SingingMachine","VoidDream"],"picked":"Singing Bowl","floor":31},{"not_picked":["theMarked:ElectricStrings","theMarked:ChainLightning","theMarked:BanishingStrike","theMarked:Polarize"],"picked":"theMarked:ElementalBlade","floor":31},{"not_picked":["theMarked:Snap","theMarked:Abjuration","theMarked:ChannelForce","theMarked:MagicAdept"],"picked":"theMarked:SummonStrength","floor":33},{"not_picked":["theMarked:Opportunist+1","theMarked:ContemptForTheProud+1","theMarked:ReduceFriction","theMarked:Overthink"],"picked":"theMarked:SwordAndMagic+1","floor":35},{"not_picked":["DespairKnight","BigBadWolf","OldLady"],"picked":"Singing Bowl","floor":35},{"not_picked":["theMarked:ParalyzingBlade","theMarked:RepellingDischarge+1","theMarked:ElectricStrings+1","theMarked:WastefulAttack+1"],"picked":"theMarked:SwordAndMagic+1","floor":36},{"not_picked":["MeatLantern","ShyLook","CENSORED"],"picked":"Singing Bowl","floor":36},{"not_picked":["Yin","NakedNest","Mercenary"],"picked":"Singing Bowl","floor":37},{"not_picked":["theMarked:AttractMetal","theMarked:ParalyzingBlade+1","theMarked:Aftermath+1","theMarked:Panic+1","theMarked:WastefulDefense+1"],"picked":"SKIP","floor":37},{"not_picked":["theMarked:ElementalBlade+1","theMarked:KeepCalmAndFightOn+1","theMarked:Parkour+1","theMarked:Abjuration"],"picked":"theMarked:SwordAndMagic+1","floor":39},{"not_picked":["OldLady","LittleHelper","LaLuna"],"picked":"Singing Bowl","floor":41},{"not_picked":["theMarked:BanishingStrike+1","theMarked:EmpowerWeapon+1","theMarked:Indomitable","theMarked:RepellingDischarge","theMarked:WastefulDefense+1"],"picked":"SKIP","floor":41},{"not_picked":["theMarked:MysticalArsenal+1","theMarked:Frustration","theMarked:WastefulAttack+1","theMarked:GodGivenPower","theMarked:HeightenedSenses"],"picked":"SKIP","floor":45},{"not_picked":["theMarked:WastefulAttack","theMarked:WardOff","theMarked:HeightenedSenses","theMarked:Parry","theMarked:Parkour"],"picked":"SKIP","floor":48}],"player_experience":695969,"relics_obtained":[{"floor":1,"key":"SynthV:TestCard"},{"floor":1,"key":"LetterFromLob"},{"floor":7,"key":"Oddly Smooth Stone"},{"floor":9,"key":"Blue Doll"},{"floor":13,"key":"vexMod:BarristanHead"},{"floor":25,"key":"AT_BellDemon"},{"floor":26,"key":"Simple Rune"},{"floor":41,"key":"SteamSale"},{"floor":43,"key":"SynthV:C4"},{"floor":45,"key":"Bronze Scales"}],"event_choices":[{"damage_healed":0,"gold_gain":0,"player_choice":"Searched \u00273\u0027 times","damage_taken":0,"relics_obtained":["SatanicBible"],"max_hp_gain":0,"max_hp_loss":0,"event_name":"Dead Adventurer","floor":8,"gold_loss":0},{"damage_healed":0,"gold_gain":0,"player_choice":"Donut","damage_taken":0,"max_hp_gain":5,"max_hp_loss":0,"event_name":"Big Fish","floor":10,"gold_loss":0},{"damage_healed":0,"gold_gain":400,"player_choice":"Sell","damage_taken":0,"max_hp_gain":0,"max_hp_loss":0,"event_name":"恩洛斯的盘子","floor":19,"relics_lost":["REME_ComplimentaryCards"],"gold_loss":0},{"damage_healed":0,"gold_gain":0,"player_choice":"Swap Relic","damage_taken":0,"relics_obtained":["Diplopia"],"max_hp_gain":0,"max_hp_loss":0,"event_name":"给自己的盒子","floor":20,"relics_lost":["testmod-KeyOfTheVoid"],"gold_loss":0},{"damage_healed":0,"gold_gain":0,"player_choice":"Leave","damage_taken":0,"max_hp_gain":0,"max_hp_loss":0,"event_name":"conspire:Investor","floor":38,"gold_loss":0},{"cards_removed":["theMarked:Strike"],"damage_healed":0,"gold_gain":0,"player_choice":"Removed Attack","damage_taken":0,"max_hp_gain":0,"max_hp_loss":0,"event_name":"Falling","floor":47,"gold_loss":0}],"is_beta":false,"boss_relics":[{"not_picked":["FixedStarFall","REME_DuelDisc"],"picked":"testmod-KeyOfTheVoid"},{"not_picked":[]},{"not_picked":["Painkiller Herb","Black Star"],"picked":"ShadowXiaoBlade"},{"not_picked":[]}],"items_purged_floors":[3,30,30,46],"is_endless":false,"potions_floor_spawned":[2,7,13,16,18,21,24,29,31,36,37,39,48],"ascension_level":1}}