{"host":"f7rb14kzcw8hx1r1","time":1609691544,"event":{"mods":["BaseMod","Better Note","Better Third Choice","Colored Map","Highlight Path","Hubris","Minty Spire (QoL Compilation)","Replay The Spire","StSLib","The Forsaken"],"gold_per_floor":[116,116,129,129,148,174,174,249,249,249,261,36,36,50,50,151,151,165,179,79,91,51,78,78,108,108,121,121,131,143,159,159,257,257,267,277,1,18,68,99,99,124,172,184,79,79,89,102,102,102],"floor_reached":51,"playtime":2405,"items_purged":["Strike_G","ReplayTheSpireMod:Necrosis+1","Defend_G"],"score":951,"play_id":"b4471b91-7a37-489a-a32c-c575b55dbd59","local_time":"20210103173224","is_ascension_mode":false,"campfire_choices":[{"data":"Cloak And Dagger","floor":10,"key":"SMITH"},{"floor":13,"key":"REST"},{"data":"Deadly Poison","floor":15,"key":"SMITH"},{"data":"Replay:Bag of Tricks","floor":28,"key":"SMITH"},{"data":"Blur","floor":32,"key":"SMITH"},{"data":"Envenom","floor":41,"key":"SMITH"},{"data":"Noxious Fumes","floor":49,"key":"SMITH"}],"circlet_count":0,"master_deck":["Defend_G","Defend_G","Defend_G","Defend_G+1","Survivor+1","Neutralize+1","Sneak Up+1","Toxin Wave+1","Blade Dance+1","Deadly Poison+1","PiercingWail","Cloak And Dagger+1","Draining Mist+1","Dagger Throw","Replay:Bag of Tricks+1","Blur+1","Deadly Poison+1","Deadly Poison+1","Melter","Deadly Poison+1","Noxious Fumes+1","Footwork","Poison Darts","Catalyst+1","Acrobatics","Hidden Blade","Envenom+1","Crippling Poison","Bouncing Flask+1","Backflip+1","Catalyst+1","Acrobatics+1"],"relics":["Astrolabe","Thread and Needle","hubris:Icosahedron","Du-Vu Doll","Guide Book","hubris:VirtuousBlindfold","hubris:CrystalStatue","Blood Vial","StrikeDummy","SlaversCollar","TwistedFunnel","FossilizedHelix","Dream Catcher","Golden Egg","Bag of Preparation"],"acts_visited":["Exordium","TheCity","TheBeyond"],"potions_floor_usage":[16,33,33,44,50,50,50],"damage_taken":[{"damage":0,"enemies":"Jaw Worm","floor":1,"turns":5},{"damage":0,"enemies":"Cultist","floor":3,"turns":4},{"damage":0,"enemies":"2 Louse","floor":5,"turns":2},{"damage":44,"enemies":"3 Sentries","floor":6,"turns":14},{"damage":0,"enemies":"Large Slime","floor":11,"turns":7},{"damage":0,"enemies":"Lots of Slimes","floor":14,"turns":2},{"damage":12,"enemies":"The Guardian","floor":16,"turns":10},{"damage":5,"enemies":"2 Thieves","floor":18,"turns":4},{"damage":0,"enemies":"3 Byrds","floor":19,"turns":4},{"damage":0,"enemies":"Centurion and Healer","floor":21,"turns":6},{"damage":0,"enemies":"Book of Stabbing","floor":23,"turns":6},{"damage":0,"enemies":"Replay:Snechameleon","floor":25,"turns":5},{"damage":5,"enemies":"Snake Plant","floor":27,"turns":3},{"damage":0,"enemies":"Shelled Parasite and Fungi","floor":29,"turns":3},{"damage":0,"enemies":"Centurion and Healer","floor":30,"turns":4},{"damage":0,"enemies":"3 Cultists","floor":31,"turns":4},{"damage":1,"enemies":"Automaton","floor":33,"turns":10},{"damage":9,"enemies":"3 Darklings","floor":35,"turns":4},{"damage":4,"enemies":"Orb Walker","floor":36,"turns":4},{"damage":0,"enemies":"3 Darklings","floor":38,"turns":4},{"damage":7,"enemies":"2 Orb Walkers","floor":39,"turns":4},{"damage":0,"enemies":"Giant Head","floor":40,"turns":7},{"damage":0,"enemies":"R_Hoarder","floor":42,"turns":5},{"damage":0,"enemies":"Spire Growth","floor":44,"turns":4},{"damage":0,"enemies":"Sphere and 2 Shapes","floor":47,"turns":3},{"damage":0,"enemies":"Maw","floor":48,"turns":5},{"damage":0,"enemies":"Awakened One","floor":50,"turns":10}],"seed_played":"7516436022456196582","potions_obtained":[{"floor":3,"key":"EssenceOfSteel"},{"floor":16,"key":"Block Potion"},{"floor":19,"key":"Reflective Coating"},{"floor":21,"key":"Poison Potion"},{"floor":23,"key":"PowerPotion"},{"floor":33,"key":"Poison Potion"},{"floor":39,"key":"DistilledChaos"},{"floor":40,"key":"PowerPotion"},{"floor":42,"key":"SkillPotion"}],"is_trial":false,"path_per_floor":["M","?","M","?","M","E","?","?","T","R","M","$","R","M","R","B",null,"M","M","$","M","?","E","?","E","T","M","R","M","M","M","R","B",null,"M","M","$","M","?","E","R","E","T","M","$","?","M","M","R","B",null],"character_chosen":"THE_SILENT","items_purchased":["Guide Book","TwistedFunnel","Backflip","Dexterity Potion"],"campfire_rested":1,"item_purchase_floors":[12,37,45,45],"current_hp_per_floor":[70,70,70,63,63,19,19,12,12,12,12,12,33,33,33,21,70,65,65,65,65,65,65,65,65,65,62,62,64,66,68,68,69,70,61,59,59,61,56,58,58,60,60,62,62,62,64,66,66,68],"gold":102,"neow_bonus":"BOSS_RELIC","is_daily":false,"chose_seed":false,"campfire_upgraded":6,"win_rate":0.0,"timestamp":1609691544,"path_taken":["M","?","?","?","M","E","?","?","T","R","M","$","R","M","R","BOSS","M","?","$","?","?","E","?","E","T","M","R","M","M","?","R","BOSS","M","M","$","M","?","E","R","E","T","M","$","?","?","M","R","BOSS"],"items_purchased_type":["Relic","Relic","Card","Potion"],"build_version":"2020-12-22","purchased_purges":3,"victory":true,"max_hp_per_floor":[70,70,70,70,70,70,70,70,70,70,70,70,70,70,70,70,70,70,70,70,70,70,70,70,70,70,70,70,70,70,70,70,70,70,70,70,70,70,70,70,70,70,70,70,70,70,70,70,70,70],"card_choices":[{"not_picked":["Backflip","Prepared"],"picked":"Blade Dance","floor":1},{"not_picked":["hubris:TrickCloak","Well Laid Plans"],"picked":"Deadly Poison","floor":3},{"not_picked":["hubris:TrickCloak","Dagger Spray"],"picked":"PiercingWail","floor":5},{"not_picked":["hubris:Counter","ReplayTheSpireMod:Necrosis"],"picked":"Cloak And Dagger","floor":6},{"not_picked":["Deflect","Poisoned Stab"],"picked":"Draining Mist","floor":11},{"not_picked":["Dodge and Roll","Flying Knee"],"picked":"Dagger Throw","floor":14},{"not_picked":["Glass Knife","Storm of Steel"],"picked":"Replay:Bag of Tricks","floor":16},{"not_picked":["Prepared","Sucker Punch"],"picked":"Blur","floor":18},{"not_picked":["Deflect","Well Laid Plans+1"],"picked":"Deadly Poison+1","floor":19},{"not_picked":["PiercingWail","Endless Agony","Acrobatics"],"picked":"SKIP","floor":21},{"not_picked":["Grand Finale","Underhanded Strike"],"picked":"Deadly Poison+1","floor":23},{"not_picked":["hubris:Counter+1","Blade Dance"],"picked":"Deadly Poison+1","floor":25},{"not_picked":["hubris:Sniper+1","Blade Dance+1","Fluid Movement"],"picked":"SKIP","floor":27},{"not_picked":["ReplayTheSpireMod:Shiv Toss+1","Expertise+1"],"picked":"Noxious Fumes","floor":29},{"not_picked":["Sucker Punch","Acrobatics+1"],"picked":"Footwork","floor":30},{"not_picked":["Slice","Dagger Spray","Infinite Blades+1"],"picked":"SKIP","floor":31},{"not_picked":["A Thousand Cuts","ReplayTheSpireMod:Necrosis"],"picked":"Poison Darts","floor":33},{"not_picked":["Underhanded Strike+1","Concentrate","Outmaneuver"],"picked":"SKIP","floor":35},{"not_picked":["Outmaneuver+1","Dagger Spray"],"picked":"Catalyst+1","floor":36},{"not_picked":["Deflect","Predator+1"],"picked":"Acrobatics","floor":38},{"not_picked":["Accuracy+1","Flying Knee+1"],"picked":"Hidden Blade","floor":39},{"not_picked":["Sucker Punch+1","Quick Slash+1"],"picked":"Envenom","floor":40},{"not_picked":["Footwork","PiercingWail"],"picked":"Crippling Poison","floor":42},{"not_picked":["Dagger Spray+1","Blade Dance"],"picked":"Bouncing Flask+1","floor":44},{"not_picked":["Blade Dance","Prepared","hubris:SlightOfHand+1"],"picked":"SKIP","floor":47},{"not_picked":["hubris:Sniper+1","Quick Slash"],"picked":"Acrobatics+1","floor":48}],"player_experience":895301,"relics_obtained":[{"floor":6,"key":"Thread and Needle"},{"floor":9,"key":"Du-Vu Doll"},{"floor":23,"key":"hubris:CrystalStatue"},{"floor":25,"key":"Blood Vial"},{"floor":26,"key":"StrikeDummy"},{"floor":39,"key":"FossilizedHelix"},{"floor":40,"key":"Dream Catcher"},{"floor":42,"key":"Golden Egg"},{"floor":43,"key":"Bag of Preparation"}],"event_choices":[{"damage_healed":0,"gold_gain":0,"player_choice":"Forge","damage_taken":0,"max_hp_gain":0,"max_hp_loss":0,"event_name":"Accursed Blacksmith","floor":2,"gold_loss":0,"cards_upgraded":["Neutralize"]},{"cards_removed":["Strike_G"],"damage_healed":0,"gold_gain":0,"player_choice":"Card Removal","damage_taken":7,"max_hp_gain":0,"max_hp_loss":0,"event_name":"Golden Wing","floor":4,"gold_loss":0},{"damage_healed":0,"gold_gain":75,"player_choice":"Touch","damage_taken":7,"max_hp_gain":0,"max_hp_loss":0,"event_name":"FaceTrader","floor":8,"gold_loss":0},{"damage_healed":0,"gold_gain":0,"player_choice":"Upgraded Two","damage_taken":0,"max_hp_gain":0,"max_hp_loss":0,"event_name":"Designer","floor":22,"gold_loss":40,"cards_upgraded":["Defend_G","Survivor"]},{"cards_removed":["Survivor"],"damage_healed":0,"gold_gain":0,"player_choice":"Take \u0026 Give","damage_taken":0,"max_hp_gain":0,"max_hp_loss":0,"event_name":"betterNote:BetterNote","floor":24,"gold_loss":0,"cards_obtained":["Melter"]},{"damage_healed":0,"gold_gain":0,"player_choice":"Fight","damage_taken":0,"max_hp_gain":0,"max_hp_loss":0,"event_name":"Mysterious Sphere","floor":39,"gold_loss":0},{"damage_healed":0,"gold_gain":0,"player_choice":"Copied","damage_taken":0,"max_hp_gain":0,"max_hp_loss":0,"event_name":"Duplicator","floor":46,"gold_loss":0,"cards_obtained":["Catalyst"]}],"is_beta":false,"boss_relics":[{"not_picked":["SacredBark","Abe\u0027s Treasure"],"picked":"hubris:VirtuousBlindfold"},{"not_picked":["Cursed Key","Pandora\u0027s Box"],"picked":"SlaversCollar"}],"items_purged_floors":[12,20,37],"is_endless":false,"potions_floor_spawned":[3,16,19,21,23,30,33,39,40,42,48],"ascension_level":0}}