{"host":"Jinnai","time":1609711367,"event":{"mods":["BaseMod","Bestiary","Block Reminder","Colored Map","Colored Powertips","Downfall","Highlight Path","Minty Spire (QoL Compilation)","Quick Restart","Relic Stats","StSLib"],"gold_per_floor":[99,111,124,124,124,49,72,83,18,18,47,63,79,64,76,175,175,100,14,14,29,137,149,149,149,149,149],"floor_reached":25,"playtime":1444,"items_purged":[],"score":201,"play_id":"cf8fad57-c774-4800-9d5b-62a77db7cedf","local_time":"20210103170247","is_ascension_mode":false,"campfire_choices":[{"floor":1,"key":"RECALL"},{"data":"hexamod:SwordOfDarkness","floor":6,"key":"SMITH"},{"data":"hexamod:Sear","floor":10,"key":"SMITH"},{"data":"hexamod:DynamicBlow","floor":18,"key":"SMITH"}],"circlet_count":0,"master_deck":["hexamod:Strike","hexamod:Strike","hexamod:Strike","hexamod:Defend","hexamod:Defend","hexamod:Defend","hexamod:Defend","hexamod:Sear+1","hexamod:Float","hexamod:SwordOfDarkness+1","hexamod:BurningTouch","hexamod:ThirdSeal","hexamod:WildfireWeapon","hexamod:DynamicBlow+1","hexamod:RainOfEmbers","hexamod:EmpoweredFlame","hexamod:ThermalTransfer","hexamod:HauntingEcho","hexamod:TimeWarp","hexamod:HexaLevel","hexamod:SpectersWail","hexamod:ParanormalForm","hexamod:FourthSeal","expansioncontent:AwakenDeath","hexamod:TimeOfNeed"],"relics":["hexamod:SpiritBrand","MealTicket","Boot","downfall:HeartBlessingRed","Bag of Marbles","Blood Vial","Philosopher\u0027s Stone","downfall:HeartBlessingGreen","Medical Kit","Turnip"],"acts_visited":["Exordium","TheCity"],"potions_floor_usage":[16,23,25],"damage_taken":[{"damage":1,"enemies":"2 Louse","floor":2,"turns":3},{"damage":5,"enemies":"Jaw Worm","floor":3,"turns":3},{"damage":1,"enemies":"Small Slimes","floor":8,"turns":3},{"damage":4,"enemies":"downfall:FleeingMerchant","floor":9,"turns":4},{"damage":14,"enemies":"Lagavulin","floor":11,"turns":5},{"damage":7,"enemies":"Red Slaver","floor":12,"turns":3},{"damage":2,"enemies":"Blue Slaver","floor":13,"turns":3},{"damage":9,"enemies":"downfall:FleeingMerchant","floor":14,"turns":4},{"damage":3,"enemies":"2 Fungi Beasts","floor":15,"turns":2},{"damage":30,"enemies":"downfall:Watcher","floor":16,"turns":6},{"damage":13,"enemies":"downfall:FleeingMerchant","floor":19,"turns":4},{"damage":36,"enemies":"Spheric Guardian","floor":21,"turns":6},{"damage":23,"enemies":"downfall:FleeingMerchant","floor":22,"turns":3},{"damage":34,"enemies":"3 Byrds","floor":23,"turns":4},{"damage":9,"enemies":"Sentry and Sphere","floor":25,"turns":2}],"seed_played":"5068756854948300588","potions_obtained":[{"floor":2,"key":"GamblersBrew"},{"floor":8,"key":"Swift Potion"},{"floor":16,"key":"EssenceOfSteel"},{"floor":23,"key":"AttackPotion"},{"floor":23,"key":"Block Potion"}],"is_trial":false,"path_per_floor":["R","M","M","?","?","R","T","M","$","R","E","M","M","$","M","B",null,"R","$","?","M","$","M","T","M"],"character_chosen":"THE_SPIRIT","items_purchased":["PowerPotion","hexamod:ParanormalForm","Medical Kit","expansioncontent:AwakenDeath"],"campfire_rested":0,"item_purchase_floors":[9,19,22,22],"current_hp_per_floor":[70,69,64,39,39,39,39,38,49,49,35,30,30,38,37,9,70,70,57,80,44,38,6,6,0,0,0],"gold":149,"neow_bonus":"RANDOM_COMMON_RELIC","is_daily":false,"chose_seed":false,"campfire_upgraded":3,"win_rate":0.0,"timestamp":1609711367,"path_taken":["R","M","M","?","?","R","T","M","?","R","E","M","M","$","M","BOSS","R","$","?","M","$","M","T","?"],"items_purchased_type":["Potion","Card","Relic","Card"],"build_version":"2020-12-18","purchased_purges":0,"victory":false,"max_hp_per_floor":[70,70,70,70,70,70,70,70,70,70,70,70,70,70,70,70,70,70,70,80,80,80,80,80,80,80,80],"relic_stats":{"Blood Vial":16,"counters":[15,55],"MealTicket":45,"Turnip":[0],"Boot":[23],"Medical Kit":[0],"obtain_stats":[{"Blood Vial":11,"downfall:HeartBlessingRed":6,"MealTicket":0,"Philosopher\u0027s Stone":17,"downfall:HeartBlessingGreen":18,"Turnip":24,"Bag of Marbles":7,"Boot":4,"Medical Kit":22,"hexamod:SpiritBrand":0},{"Blood Vial":5,"downfall:HeartBlessingRed":2,"MealTicket":0,"Philosopher\u0027s Stone":10,"downfall:HeartBlessingGreen":10,"Turnip":14,"Bag of Marbles":2,"Boot":2,"Medical Kit":13,"hexamod:SpiritBrand":0},{"Blood Vial":18,"downfall:HeartBlessingRed":6,"MealTicket":0,"Philosopher\u0027s Stone":36,"downfall:HeartBlessingGreen":36,"Turnip":53,"Bag of Marbles":6,"Boot":6,"Medical Kit":49,"hexamod:SpiritBrand":0}]},"card_choices":[{"not_picked":["hexamod:GhostLash","hexamod:RecurringNightmare"],"picked":"hexamod:SwordOfDarkness","floor":2},{"not_picked":["hexamod:InspiringFlames","hexamod:NightmareGuise"],"picked":"hexamod:BurningTouch","floor":3},{"not_picked":["hexamod:NightmareGuise","hexamod:GhostShield","hexamod:Hexaguard"],"picked":"SKIP","floor":8},{"not_picked":["hexamod:ShieldOfDarkness","hexamod:GhostOfSpireFuture"],"picked":"hexamod:ThirdSeal","floor":9},{"not_picked":["hexamod:Rewind","hexamod:BacktrackSmack"],"picked":"hexamod:WildfireWeapon","floor":11},{"not_picked":["hexamod:Hexaguard","hexamod:ThirdSeal"],"picked":"hexamod:DynamicBlow","floor":11},{"not_picked":["hexamod:ChargedBarrage","hexamod:BacktrackSmack"],"picked":"hexamod:RainOfEmbers","floor":12},{"not_picked":["hexamod:SwordOfDarkness","hexamod:BacktrackSmack"],"picked":"hexamod:EmpoweredFlame","floor":13},{"not_picked":["hexamod:Hexaguard","hexamod:NightmareGuise"],"picked":"hexamod:ThermalTransfer","floor":13},{"not_picked":["hexamod:RainOfEmbers","hexamod:BacktrackSmack"],"picked":"hexamod:HauntingEcho","floor":14},{"not_picked":["hexamod:Firestarter","hexamod:ThermalTransfer"],"picked":"hexamod:TimeWarp","floor":15},{"not_picked":["hexamod:TimeWarp","hexamod:TimeOfNeed"],"picked":"hexamod:CrushingStance","floor":16},{"not_picked":["hexamod:Firestarter","hexamod:SpectersWail"],"picked":"hexamod:HexaLevel","floor":19},{"not_picked":["hexamod:GhostShield","hexamod:FastForward"],"picked":"hexamod:SpectersWail","floor":19},{"not_picked":["hexamod:Incineration","hexamod:SpectersWail","hexamod:HeatCrush"],"picked":"SKIP","floor":21},{"not_picked":["hexamod:SwordOfDarkness","hexamod:ChargedBarrage","hexamod:NightmareGuise"],"picked":"SKIP","floor":21},{"not_picked":["hexamod:SoulSteal+1","hexamod:ThermalTransfer"],"picked":"hexamod:FourthSeal","floor":22},{"not_picked":["hexamod:Firestarter+1","hexamod:FastForward"],"picked":"hexamod:TimeOfNeed","floor":23}],"player_experience":1505511,"relics_obtained":[{"floor":7,"key":"Bag of Marbles"},{"floor":11,"key":"Blood Vial"},{"floor":24,"key":"Turnip"}],"event_choices":[{"damage_healed":0,"gold_gain":0,"player_choice":"Success","damage_taken":25,"relics_obtained":["Boot"],"max_hp_gain":0,"max_hp_loss":0,"event_name":"Scrap Ooze","floor":4,"gold_loss":0},{"cards_removed":["hexamod:CrushingStance"],"damage_healed":13,"gold_gain":0,"player_choice":"Offered Rare","damage_taken":0,"max_hp_gain":10,"max_hp_loss":0,"event_name":"Bonfire Elementals","floor":20,"gold_loss":0}],"is_beta":true,"boss_relics":[{"not_picked":["Sozu","Tiny House"],"picked":"Philosopher\u0027s Stone"}],"items_purged_floors":[],"is_endless":false,"potions_floor_spawned":[2,8,12,15,16,21,23],"killed_by":"Sentry and Sphere","ascension_level":0}}