{"host":"oqhjdqr9xcmboomw","time":1609652767,"event":{"mods":["2.2 Compatiblity","AchievementEnabler","Act Like it!","Aspiration","BaseMod","Beaked The Cultist","Better Third Choice","Conjunction","Conspire","Disable Question Mark Monsters","Downfall","Elementarium","Energized Spire","GifTheSpireLib","Halation","Hallownest","Hermit","Hubris","Infinite Spire","Jorbs\u0027s Wanderer Trilogy","Mimic Mod","Minty Spire (QoL Compilation)","Random Character Button","Rare Cards Sparkle","Replay The Spire","Spicy Shops","Spikes Relics","StSLib","Stuff the Spire","The Blackbeard","The Cursed","The Disciple","The Gatherer","The Hierophant","The Judge","The Mystic","The Saiyan","The Wild Card","Unceasing Turn Reminder","Wandering Minibosses","vexMod"],"gold_per_floor":[110,130,130,142,142,142,67,67,67,67,92,135,135,135,163,211,211,304,304,330,330,359,359,409,409,443,443,470,197,228,55,88,88,88,181,181,209,65,92,0,0,0,38,190,215,367,49,78,101,139,139,153],"floor_reached":53,"playtime":2171,"items_purged":["Strike_R","Injury","Strike_R"],"score":1160,"play_id":"fdc0edc2-eaf7-49d9-8a96-c801687e4620","local_time":"20210103004607","is_ascension_mode":true,"campfire_choices":[{"data":"ReplayTheSpireMod:Limb From Limb","floor":6,"key":"SMITH"},{"data":"StuffTheSpire:CelestialWarden","floor":17,"key":"SMITH"},{"data":"ReplayTheSpireMod:Stacked","floor":25,"key":"SMITH"},{"data":"ReplayTheSpireMod:Strike From Hell","floor":27,"key":"SMITH"},{"floor":34,"key":"REST"},{"floor":42,"key":"REST"},{"floor":51,"key":"REST"}],"circlet_count":0,"master_deck":["AscendersBane","Strike_R+1","Strike_R","Defend_R","Defend_R","Defend_R","Defend_R","Bash","ReplayTheSpireMod:Strike From Hell+1","Power Through+1","ReplayTheSpireMod:Limb From Limb+1","Body Slam+1","StuffTheSpire:CelestialWarden+1","Thunderclap+1","ReplayTheSpireMod:Stacked+1","Demon Form","Infernal Blade","infinitespire:Execution","hubris:Rewind","StuffTheSpire:Slingshot+1","StuffTheSpire:Resist","Fiend Fire+1","expansioncontent:DashGenerateEvil+1","StuffTheSpire:Slingshot+1","Replay:Many Hands","Metallicize","Evolve"],"relics":["Burning Blood","aspiration:Nostalgia","WordoMod:Effigy","Molten Egg 2","Replay:Bandana","StuffTheSpire:TintedRock","energizedSpire:TabascoSauce","Ornamental Fan","aspiration:RitualStick","Art of War","halation:LettersToHer","StuffTheSpire:Saxophone","energizedSpire:DeadBattery","ReplayTheSpireMod:ShopPack","Red Mask","Girya","aspiration:ChemicalBlood","Gremlin Food","aspiration:KaomsHeart"],"acts_visited":["Exordium","TheCity","TheBeyond"],"potions_floor_usage":[12,16,18,35,35,44,44,48,48,49,52],"damage_taken":[{"damage":6,"enemies":"Cultist","floor":1,"turns":3},{"damage":4,"enemies":"conspire:RoseBush","floor":2,"turns":3},{"damage":0,"enemies":"2 Louse","floor":4,"turns":2},{"damage":9,"enemies":"Replay:BlueRogue","floor":12,"turns":4},{"damage":13,"enemies":"Large Slime","floor":15,"turns":6},{"damage":16,"enemies":"Gremlin Nob","floor":16,"turns":3},{"damage":40,"enemies":"Fading Forest","floor":18,"turns":11},{"damage":0,"enemies":"conspire:FuzzyDice","floor":20,"turns":7},{"damage":2,"enemies":"2 Thieves","floor":22,"turns":4},{"damage":6,"enemies":"3 Cultists","floor":26,"turns":5},{"damage":30,"enemies":"Chosen and Byrds","floor":30,"turns":7},{"damage":0,"enemies":"Snake Plant","floor":32,"turns":3},{"damage":10,"enemies":"Collector","floor":35,"turns":5},{"damage":23,"enemies":"3 Shapes","floor":37,"turns":6},{"damage":17,"enemies":"3 Darklings","floor":39,"turns":4},{"damage":0,"enemies":"Jaw Worm Horde","floor":43,"turns":4},{"damage":0,"enemies":"beaked:SuperParasite","floor":44,"turns":7},{"damage":37,"enemies":"Nemesis","floor":46,"turns":4},{"damage":37,"enemies":"Sphere and 2 Shapes","floor":48,"turns":5},{"damage":0,"enemies":"Spire Growth","floor":49,"turns":5},{"damage":5,"enemies":"4 Shapes","floor":50,"turns":6},{"damage":49,"enemies":"Replay:Hell Engine","floor":52,"turns":6}],"seed_played":"3599840378804801303","potions_obtained":[{"floor":4,"key":"Swift Potion"},{"floor":15,"key":"Adrenaline Potion"},{"floor":16,"key":"Toxic Potion"},{"floor":22,"key":"SteroidPotion"},{"floor":32,"key":"Conjunction:LightningMarble"},{"floor":35,"key":"ColorlessPotion"},{"floor":37,"key":"champ:CounterPotion"},{"floor":46,"key":"SteroidPotion"},{"floor":48,"key":"Fire Potion"},{"floor":50,"key":"conspire:TimeTravelPotion"}],"is_trial":false,"path_per_floor":["M","M","?","M","?","R","$","?","PTL","PTL","T","E","?","?","M","E","R","B",null,"M","AVR","M","?","?","R","M","R","T","$","M","$","M","?","R","B",null,"M","$","M","?","?","R","M","E","T","E","$","M","M","M","R","B",null],"character_chosen":"IRONCLAD","items_purchased":["halation:LettersToHer","StuffTheSpire:Saxophone","ReplayTheSpireMod:ShopPack","aspiration:KaomsHeart"],"campfire_rested":3,"item_purchase_floors":[29,31,38,47],"current_hp_per_floor":[68,70,70,75,71,71,71,71,71,71,71,68,68,73,66,56,56,22,66,69,69,70,50,50,50,47,47,47,47,20,20,23,23,47,40,70,50,50,36,36,36,60,63,66,66,32,82,48,51,49,88,42],"gold":153,"neow_bonus":"NOSTALGIA","is_daily":false,"chose_seed":false,"campfire_upgraded":4,"win_rate":0.0,"timestamp":1609652767,"path_taken":["M","M","?","M","?","R","$","?","PTL","PTL","T","E","?","?","M","E","R","BOSS","M","AVR","M","?","?","R","M","R","T","$","?","$","M","?","R","BOSS","M","$","M","?","?","R","?","E","T","E","$","?","M","M","R","BOSS"],"items_purchased_type":["Relic","Relic","Relic","Relic"],"build_version":"2020-12-22","purchased_purges":3,"victory":true,"max_hp_per_floor":[75,75,75,75,75,75,75,75,75,75,75,75,75,80,80,80,80,80,80,80,80,80,80,80,80,80,80,80,80,80,80,80,80,80,80,80,80,80,80,80,80,80,80,80,80,80,130,130,130,130,130,130],"card_choices":[{"not_picked":["Sword Boomerang","Wild Strike"],"picked":"ReplayTheSpireMod:Strike From Hell","floor":1},{"not_picked":["ReplayTheSpireMod:LeadingStrike","Pommel Strike"],"picked":"Power Through","floor":2},{"not_picked":["Headbutt","Perfected Strike"],"picked":"ReplayTheSpireMod:Limb From Limb","floor":4},{"not_picked":["hubris:SharpeningStone","StuffTheSpire:BloodClot"],"picked":"Body Slam+1","floor":12},{"not_picked":["StuffTheSpire:Perfection","StuffTheSpire:Innocence"],"picked":"StuffTheSpire:CelestialWarden","floor":13},{"not_picked":["ReplayTheSpireMod:Strike From Hell+1","Twin Strike+1"],"picked":"Thunderclap+1","floor":15},{"not_picked":["Sword Boomerang+1","Wild Strike+1"],"picked":"ReplayTheSpireMod:Stacked","floor":16},{"not_picked":["Impervious","Brutality"],"picked":"Demon Form","floor":18},{"not_picked":["StuffTheSpire:RockThrow+1","Armaments"],"picked":"Infernal Blade","floor":20},{"not_picked":["Havoc","Twin Strike+1","Dual Wield"],"picked":"SKIP","floor":22},{"not_picked":["Wild Strike+1","Armaments"],"picked":"StuffTheSpire:Slingshot+1","floor":26},{"not_picked":["Second Wind","Limit Break","Uppercut+1"],"picked":"SKIP","floor":30},{"not_picked":["Clash+1","ReplayTheSpireMod:Strike From Hell+1"],"picked":"StuffTheSpire:Resist","floor":32},{"not_picked":["Demonic Infusion","Barricade"],"picked":"Fiend Fire+1","floor":35},{"not_picked":["Thunderclap+1","hubris:CleavingFinish+1","Flex"],"picked":"SKIP","floor":37},{"not_picked":["Replay:SS_hec_4","expansioncontent:SuperHexaguard"],"picked":"expansioncontent:DashGenerateEvil","floor":38},{"not_picked":["Shrug It Off+1","Whirlwind+1"],"picked":"StuffTheSpire:Slingshot+1","floor":39},{"not_picked":["Shrug It Off","Thunderclap+1","StuffTheSpire:RagingBull+1"],"picked":"SKIP","floor":43},{"not_picked":["Inflame+1","Infernal Blade"],"picked":"Replay:Many Hands","floor":44},{"not_picked":["Havoc+1","Massacre+1","Pommel Strike+1"],"picked":"SKIP","floor":46},{"not_picked":["Wild Strike+1","Shrug It Off"],"picked":"Metallicize","floor":48},{"not_picked":["Iron Wave+1","Twin Strike+1"],"picked":"Evolve","floor":49},{"not_picked":["Wild Strike+1","Warcry+1","Immolate+1"],"picked":"SKIP","floor":50}],"player_experience":1065946,"relics_obtained":[{"floor":11,"key":"Replay:Bandana"},{"floor":12,"key":"King of Hearts"},{"floor":16,"key":"StuffTheSpire:TintedRock"},{"floor":28,"key":"Art of War"},{"floor":44,"key":"Girya"},{"floor":45,"key":"halation:LettersToHer"},{"floor":45,"key":"aspiration:ChemicalBlood"},{"floor":46,"key":"Gremlin Food"}],"event_choices":[{"damage_healed":0,"gold_gain":0,"player_choice":"Grow","damage_taken":0,"max_hp_gain":0,"max_hp_loss":0,"event_name":"Living Wall","floor":3,"gold_loss":0,"cards_upgraded":["Power Through"]},{"damage_healed":0,"gold_gain":0,"player_choice":"Leave","damage_taken":0,"max_hp_gain":0,"max_hp_loss":0,"event_name":"conspire:Investor","floor":5,"gold_loss":0},{"damage_healed":0,"gold_gain":0,"player_choice":"Donut","damage_taken":0,"max_hp_gain":5,"max_hp_loss":0,"event_name":"Big Fish","floor":14,"gold_loss":0},{"damage_healed":0,"gold_gain":50,"player_choice":"Pray","damage_taken":0,"max_hp_gain":0,"max_hp_loss":0,"event_name":"Golden Shrine","floor":24,"gold_loss":0},{"cards_removed":["Strike_R"],"damage_healed":0,"gold_gain":0,"player_choice":"Purged","damage_taken":0,"max_hp_gain":0,"max_hp_loss":0,"event_name":"Purifier","floor":33,"gold_loss":0},{"damage_healed":0,"gold_gain":0,"player_choice":"Paid","damage_taken":0,"relics_obtained":["Red Mask"],"max_hp_gain":0,"max_hp_loss":0,"event_name":"Tomb of Lord Red Mask","floor":40,"gold_loss":92},{"damage_healed":0,"gold_gain":0,"player_choice":"Got Potions","damage_taken":0,"max_hp_gain":0,"max_hp_loss":0,"event_name":"Lab","floor":41,"gold_loss":0}],"is_beta":false,"boss_relics":[{"not_picked":["Kintsugi","aspiration:PoetsPen_weak"],"picked":"energizedSpire:TabascoSauce"},{"not_picked":["aspiration:FutureDiary","beaked:MawFillet"],"picked":"energizedSpire:DeadBattery"}],"items_purged_floors":[7,21,29],"is_endless":false,"potions_floor_spawned":[4,15,16,22,32,35,37,46,50],"ascension_level":16}}