{"host":"ec2wu4mdnvke243f","time":1609695069,"event":{"mods":["2.2 Compatiblity","AchievementEnabler","BaseMod","Defuse TimeMaze Blight","Downfall","Hermit","Infinite Spire","Minty Spire (QoL Compilation)","StSLib","The Cursed","The Disciple","The Jungle","The Servant 0.9.4"],"gold_per_floor":[118,118,118,118,141,184,154,154,225,264,288,288,309,348,348,481,481,511,585,364,389,389,438,438,438,514,514,537,537,537,586,586,598,598],"floor_reached":33,"playtime":2039,"items_purged":[],"score":374,"play_id":"affa0fa8-e2fd-4549-ad74-54a240c584a7","local_time":"20210103183109","daily_mods":["Colorless Cards","Heirloom","Flight"],"is_ascension_mode":false,"campfire_choices":[{"floor":15,"key":"REST"},{"floor":24,"key":"REST"},{"floor":29,"key":"REST"},{"data":"expansioncontent:DefensiveStance","floor":32,"key":"SMITH"}],"circlet_count":0,"master_deck":["hermit:Defend_Hermit","hermit:Defend_Hermit","hermit:Defend_Hermit","hermit:Snapshot+1","hermit:Covet","hermit:Headshot","Injury","hermit:Misfire","expansioncontent:DefensiveStance+1","hermit:Scavenge","hermit:Quickdraw","hermit:BlackWind","hermit:BlackWind","hermit:GoldenBullet","hermit:Quickdraw","hermit:Vantage+1","Bite","Bite","Bite","Bite","Bite","hermit:FinalCanter","expansioncontent:FaceSlap","hermit:LowProfile+1","Flash of Steel+1"],"relics":["hermit:Momento","Ginger","Bag of Preparation","Golden Idol","infinitespire:Eraser","Ornamental Fan","Tiny Chest","infinitespire:Lucky Rock","Black Star","The Courier","Pear","Meat on the Bone","infinitespire:Joker Card","infinitespire:Midas Blood","Eternal Feather","hermit:RyeStalk","Gambling Chip"],"acts_visited":["Exordium","TheCity"],"potions_floor_usage":[14,14,14,21,31,31],"damage_taken":[{"damage":0,"enemies":"Small Slimes","floor":1,"turns":2},{"damage":0,"enemies":"2 Louse","floor":5,"turns":2},{"damage":37,"enemies":"3 Sentries","floor":6,"turns":9},{"damage":24,"enemies":"Gremlin Nob","floor":10,"turns":4},{"damage":6,"enemies":"Cultist","floor":11,"turns":3},{"damage":0,"enemies":"Looter","floor":13,"turns":3},{"damage":0,"enemies":"Lagavulin","floor":14,"turns":5},{"damage":5,"enemies":"Slime Boss","floor":16,"turns":8},{"damage":12,"enemies":"Chosen","floor":18,"turns":5},{"damage":9,"enemies":"Shell Parasite","floor":21,"turns":7},{"damage":63,"enemies":"Book of Stabbing","floor":23,"turns":8},{"damage":0,"enemies":"Snake Plant","floor":28,"turns":4},{"damage":37,"enemies":"Slavers","floor":31,"turns":7},{"damage":60,"enemies":"Automaton","floor":33,"turns":6}],"seed_played":"-2867472625049029984","potions_obtained":[{"floor":1,"key":"champ:CounterPotion"},{"floor":7,"key":"GamblersBrew"},{"floor":7,"key":"CultistPotion"},{"floor":10,"key":"Strength Potion"},{"floor":16,"key":"Energy Potion"},{"floor":18,"key":"SkillPotion"},{"floor":28,"key":"BlessingOfTheForge"}],"is_trial":true,"path_per_floor":["M","?","?","?","M","E","?","$","T","E","M","?","M","E","R","B",null,"M","T","$","M","?","E","R","?","T","T","M","R","?","E","R","B"],"character_chosen":"HERMIT","items_purchased":["hermit:Quickdraw","Pear"],"campfire_rested":3,"item_purchase_floors":[20,20],"current_hp_per_floor":[75,72,72,72,72,35,35,35,35,11,5,5,5,5,27,22,75,63,63,73,64,59,12,29,29,29,29,34,59,59,32,47,0,0],"gold":598,"neow_bonus":"","is_daily":false,"chose_seed":false,"campfire_upgraded":1,"win_rate":0.0,"timestamp":1609695069,"path_taken":["M","?","?","?","?","E","?","?","T","E","?","?","?","E","R","BOSS","M","?","?","M","?","E","R","?","T","?","?","R","?","E","R","BOSS"],"items_purchased_type":["Card","Relic"],"build_version":"2020-12-22","purchased_purges":0,"victory":false,"max_hp_per_floor":[75,75,75,75,75,75,75,75,75,75,75,75,75,75,75,75,75,75,75,85,85,59,59,59,59,59,59,59,59,59,59,59,59,59],"card_choices":[{"not_picked":["hermit:HighCaliber","hermit:BigShot"],"picked":"hermit:Headshot","floor":1},{"not_picked":["hermit:Cheat","expansioncontent:HyperBeam","hermit:HoleUp"],"picked":"SKIP","floor":5},{"not_picked":["The Bomb","hermit:CalledShot"],"picked":"hermit:Misfire","floor":6},{"not_picked":["hermit:Roulette","hermit:Desperado"],"picked":"expansioncontent:DefensiveStance","floor":10},{"not_picked":["hermit:Roulette","hermit:Gestalt"],"picked":"hermit:Scavenge","floor":11},{"not_picked":["hermit:Roulette","Dark Shackles"],"picked":"hermit:Quickdraw","floor":13},{"not_picked":["Madness","Purity"],"picked":"hermit:BlackWind","floor":14},{"not_picked":["hermit:OverwhelmingPower","hermit:Adapt"],"picked":"hermit:BlackWind","floor":16},{"not_picked":["hermit:BodyArmor","hermit:Quickdraw"],"picked":"hermit:GoldenBullet","floor":18},{"not_picked":["hermit:Snipe","hermit:Spite+1"],"picked":"hermit:Vantage+1","floor":21},{"not_picked":["hermit:Roulette","hermit:Feint+1"],"picked":"hermit:FinalCanter","floor":23},{"not_picked":["hermit:Glare+1","hermit:TakeCover+1"],"picked":"expansioncontent:FaceSlap","floor":28},{"not_picked":["hermit:Manifest","expansioncontent:Hexaburn"],"picked":"Flash of Steel+1","floor":31}],"player_experience":550440,"relics_obtained":[{"floor":6,"key":"infinitespire:Eraser"},{"floor":9,"key":"Ornamental Fan"},{"floor":10,"key":"Tiny Chest"},{"floor":14,"key":"infinitespire:Lucky Rock"},{"floor":19,"key":"The Courier"},{"floor":23,"key":"Meat on the Bone"},{"floor":23,"key":"infinitespire:Joker Card"},{"floor":26,"key":"infinitespire:Midas Blood"},{"floor":27,"key":"Eternal Feather"},{"floor":31,"key":"hermit:RyeStalk"},{"floor":31,"key":"Gambling Chip"}],"event_choices":[{"damage_healed":0,"gold_gain":0,"player_choice":"Success","damage_taken":3,"relics_obtained":["Bag of Preparation"],"max_hp_gain":0,"max_hp_loss":0,"event_name":"Scrap Ooze","floor":2,"gold_loss":0},{"damage_healed":0,"gold_gain":0,"player_choice":"Take Wound","damage_taken":0,"relics_obtained":["Golden Idol"],"max_hp_gain":0,"max_hp_loss":0,"event_name":"Golden Idol","floor":3,"gold_loss":0,"cards_obtained":["Injury"]},{"damage_healed":0,"gold_gain":0,"player_choice":"Upgraded","damage_taken":0,"max_hp_gain":0,"max_hp_loss":0,"event_name":"Upgrade Shrine","floor":4,"gold_loss":0,"cards_upgraded":["hermit:Snapshot"]},{"damage_healed":0,"gold_gain":0,"player_choice":"Bought 2 Potions","damage_taken":0,"max_hp_gain":0,"max_hp_loss":0,"event_name":"The Woman in Blue","floor":7,"gold_loss":0},{"damage_healed":0,"gold_gain":0,"player_choice":"Ignored","damage_taken":0,"max_hp_gain":0,"max_hp_loss":0,"event_name":"Fountain of Cleansing","floor":12,"gold_loss":0},{"damage_healed":0,"gold_gain":0,"player_choice":"Became a vampire","damage_taken":0,"max_hp_gain":0,"max_hp_loss":26,"event_name":"Vampires","floor":22,"gold_loss":0,"cards_obtained":["Bite","Bite","Bite","Bite","Bite"]},{"cards_removed":["hermit:Defend_Hermit"],"damage_healed":0,"gold_gain":0,"player_choice":"Took Card","damage_taken":0,"max_hp_gain":0,"max_hp_loss":0,"event_name":"NoteForYourself","floor":30,"gold_loss":0,"cards_obtained":["hermit:LowProfile"]}],"is_beta":false,"boss_relics":[{"not_picked":["SlaversCollar","infinitespire:Cupcake"],"picked":"Black Star"}],"items_purged_floors":[],"is_endless":false,"potions_floor_spawned":[1,10,16,18,28],"killed_by":"Automaton","ascension_level":0}}