{"host":"88sw61cmk1203zgj","time":1609638261,"event":{"mods":["BaseMod","Minty Spire (QoL Compilation)"],"gold_per_floor":[111,111,128,139,139,165,182,202,229,229,247,247,247,280,280,378,378,393,409,409,426,215,215,245,245,245,270,286,186,203,203,203,305,305,316,334,334,353,373,408,408,283,283,300,332,332,351,383,383,383,383,383,14,46,46],"floor_reached":56,"playtime":4288,"items_purged":["Strike_R","Strike_R","Strike_R","Strike_R"],"score":1794,"play_id":"3a5ca28a-8355-4416-9ae9-2a96a45d2971","local_time":"20210102204421","is_ascension_mode":true,"campfire_choices":[{"data":"Second Wind","floor":10.0,"key":"SMITH"},{"floor":13.0,"key":"REST"},{"data":"Disarm","floor":15.0,"key":"SMITH"},{"data":"True Grit","floor":23.0,"key":"SMITH"},{"data":"Shockwave","floor":25.0,"key":"SMITH"},{"data":"Evolve","floor":32.0,"key":"SMITH"},{"floor":41,"key":"RECALL"},{"data":"Offering","floor":49,"key":"SMITH"},{"floor":52,"key":"REST"}],"circlet_count":0,"master_deck":["AscendersBane","Defend_R","Defend_R","Defend_R","Defend_R","Bash","True Grit+1","Wild Strike","Carnage","Battle Trance","Bludgeon+1","Second Wind+1","Feed+1","Disarm+1","Exhume","Dark Embrace","Shockwave+1","Evolve+1","Corruption","Shrug It Off+1","Immolate+1","Sentinel+1","Dark Embrace+1","Offering+1","Clothesline+1"],"relics":["Mark of Pain","Molten Egg 2","Blood Vial","Regal Pillow","Snecko Eye","Lantern","Meat on the Bone","Mummified Hand","Enchiridion","Philosopher\u0027s Stone","Torii","Lizard Tail","Red Skull","Membership Card","HornCleat","StrikeDummy"],"acts_visited":["Exordium","TheCity","TheBeyond","TheEnding"],"potions_floor_usage":[55,55],"damage_taken":[{"damage":9.0,"enemies":"Jaw Worm","floor":1.0,"turns":4.0},{"damage":0.0,"enemies":"Small Slimes","floor":3.0,"turns":3.0},{"damage":0.0,"enemies":"Cultist","floor":4.0,"turns":3.0},{"damage":43.0,"enemies":"3 Sentries","floor":6.0,"turns":8.0},{"damage":0.0,"enemies":"Large Slime","floor":7.0,"turns":4.0},{"damage":13.0,"enemies":"Gremlin Gang","floor":8.0,"turns":5.0},{"damage":0.0,"enemies":"Red Slaver","floor":11.0,"turns":2.0},{"damage":10.0,"enemies":"Lagavulin","floor":14.0,"turns":5.0},{"damage":28.0,"enemies":"The Guardian","floor":16.0,"turns":14.0},{"damage":15.0,"enemies":"Shell Parasite","floor":18.0,"turns":5.0},{"damage":14.0,"enemies":"Chosen","floor":19.0,"turns":5.0},{"damage":15.0,"enemies":"Sentry and Sphere","floor":21.0,"turns":5.0},{"damage":14.0,"enemies":"Book of Stabbing","floor":24.0,"turns":3.0},{"damage":10.0,"enemies":"Gremlin Leader","floor":27.0,"turns":7.0},{"damage":8.0,"enemies":"Centurion and Healer","floor":28.0,"turns":6.0},{"damage":0.0,"enemies":"Chosen and Byrds","floor":30.0,"turns":5.0},{"damage":8.0,"enemies":"Collector","floor":33.0,"turns":8.0},{"damage":0.0,"enemies":"3 Darklings","floor":35.0,"turns":3.0},{"damage":2.0,"enemies":"3 Shapes","floor":36.0,"turns":3.0},{"damage":0.0,"enemies":"3 Darklings","floor":38.0,"turns":3.0},{"damage":6,"enemies":"4 Shapes","floor":39,"turns":2},{"damage":11,"enemies":"Reptomancer","floor":40,"turns":4},{"damage":1,"enemies":"Writhing Mass","floor":44,"turns":4},{"damage":5,"enemies":"Nemesis","floor":45,"turns":5},{"damage":6,"enemies":"Sphere and 2 Shapes","floor":47,"turns":2},{"damage":7,"enemies":"Reptomancer","floor":48,"turns":3},{"damage":58,"enemies":"Awakened One","floor":50,"turns":16},{"damage":7,"enemies":"Shield and Spear","floor":54,"turns":5},{"damage":143,"enemies":"The Heart","floor":55,"turns":10}],"seed_played":"7626896180870228107","potions_obtained":[{"floor":6.0,"key":"SpeedPotion"},{"floor":7.0,"key":"Regen Potion"},{"floor":11.0,"key":"AttackPotion"},{"floor":12.0,"key":"Weak Potion"},{"floor":14.0,"key":"BlessingOfTheForge"},{"floor":16.0,"key":"BloodPotion"},{"floor":18.0,"key":"BloodPotion"},{"floor":30.0,"key":"Swift Potion"}],"is_trial":false,"path_per_floor":["M","?","M","M","?","E","M","M","T","R","M","?","R","E","R","B",null,"M","M","?","M","$","R","E","R","T","E","M","$","M","?","R","B",null,"M","M","?","M","M","E","R","$","T","M","E","?","M","E","R","B",null,"R","$","E","B",null],"character_chosen":"IRONCLAD","items_purchased":["Shockwave","Evolve","Membership Card","HornCleat","PowerPotion"],"campfire_rested":2,"item_purchase_floors":[22,22,53,53,53],"current_hp_per_floor":[63,63,63,63,63,20,20,21,21,21,23,23,47,43,43,21,71,80,72,72,63,63,63,55,55,55,63,61,61,67,51,51,57,101,107,111,111,117,117,112,112,112,112,113,114,114,114,113,113,73,128,146,146,143,44],"gold":46,"neow_bonus":"BOSS_RELIC","is_daily":false,"chose_seed":false,"campfire_upgraded":6,"win_rate":0.0,"timestamp":1609638261,"path_taken":["M","?","M","M","?","E","M","?","T","R","M","?","R","E","R","BOSS","M","?","?","?","$","R","E","R","T","E","M","$","M","?","R","BOSS","M","M","?","M","M","E","R","$","T","M","E","?","?","E","R","BOSS","R","$","E","BOSS"],"items_purchased_type":["Card","Card","Relic","Relic","Potion"],"build_version":"2020-12-22","purchased_purges":4,"victory":true,"max_hp_per_floor":[80,80,80,80,80,80,80,80,80,80,80,80,80,84,84,88,88,92,96,96,100,100,100,104,104,104,108,112,112,116,116,116,116,116,120,124,118,122,126,130,130,130,130,130,134,134,138,142,142,146,146,146,146,150,150],"card_choices":[{"not_picked":["Thunderclap","Flame Barrier"],"picked":"True Grit","floor":1.0},{"not_picked":["Shrug It Off","Hemokinesis"],"picked":"Wild Strike","floor":3.0},{"not_picked":["True Grit","Iron Wave"],"picked":"Carnage","floor":4.0},{"not_picked":["Iron Wave+1","Clash+1"],"picked":"Bludgeon+1","floor":6.0},{"not_picked":["Havoc","Warcry"],"picked":"Second Wind","floor":7.0},{"not_picked":["Headbutt+1","Perfected Strike+1","Flex"],"picked":"SKIP","floor":8.0},{"not_picked":["Heavy Blade+1","Iron Wave+1"],"picked":"Feed+1","floor":11.0},{"not_picked":["Flex","Pommel Strike+1"],"picked":"Disarm","floor":14.0},{"not_picked":["Reaper+1","Double Tap"],"picked":"Exhume","floor":16.0},{"not_picked":["Sword Boomerang+1","Cleave+1","Reckless Charge+1"],"picked":"SKIP","floor":18.0},{"not_picked":["Flex+1","Havoc+1","Body Slam+1"],"picked":"SKIP","floor":19.0},{"not_picked":["Clash+1","Clothesline+1"],"picked":"Dark Embrace","floor":21.0},{"not_picked":["Hemokinesis+1","Intimidate+1","Seeing Red"],"picked":"SKIP","floor":24.0},{"not_picked":["Heavy Blade+1","Flex","Havoc"],"picked":"SKIP","floor":27.0},{"not_picked":["Thunderclap+1","Warcry","Anger+1"],"picked":"SKIP","floor":28.0},{"not_picked":["Thunderclap+1","Warcry","Anger+1"],"picked":"SKIP","floor":28.0},{"not_picked":["Intimidate","Bloodletting","Rupture"],"picked":"SKIP","floor":30.0},{"not_picked":["Reaper+1","Fiend Fire+1"],"picked":"Corruption","floor":33.0},{"not_picked":["Havoc+1","Dual Wield+1","Anger+1"],"picked":"SKIP","floor":35.0},{"not_picked":["Metallicize","Pommel Strike+1"],"picked":"Shrug It Off+1","floor":36.0},{"not_picked":["Havoc+1","Rage"],"picked":"Immolate+1","floor":38.0},{"not_picked":["Cleave+1","Warcry+1"],"picked":"Sentinel+1","floor":39},{"not_picked":["Reckless Charge+1","Spot Weakness"],"picked":"Dark Embrace+1","floor":40},{"not_picked":["Sentinel+1","Clash+1","Thunderclap+1"],"picked":"SKIP","floor":44},{"not_picked":["Reckless Charge+1","Dual Wield"],"picked":"Offering","floor":45},{"not_picked":["Bloodletting","Havoc","Second Wind+1"],"picked":"SKIP","floor":47},{"not_picked":["Infernal Blade+1","Whirlwind+1"],"picked":"Clothesline+1","floor":48},{"not_picked":["Thunderclap+1","Sword Boomerang+1","Berserk"],"picked":"SKIP","floor":54}],"player_experience":1447455,"relics_obtained":[{"floor":6.0,"key":"Molten Egg 2"},{"floor":9.0,"key":"Blood Vial"},{"floor":14.0,"key":"Regal Pillow"},{"floor":24.0,"key":"Lantern"},{"floor":26.0,"key":"Meat on the Bone"},{"floor":27.0,"key":"Mummified Hand"},{"floor":31.0,"key":"Enchiridion"},{"floor":40,"key":"Torii"},{"floor":45,"key":"Lizard Tail"},{"floor":48,"key":"Red Skull"},{"floor":54,"key":"StrikeDummy"}],"event_choices":[{"damage_healed":0.0,"max_hp_gain":0.0,"max_hp_loss":0.0,"gold_gain":0.0,"event_name":"Liars Game","player_choice":"Ignored","floor":2.0,"gold_loss":0.0,"damage_taken":0.0},{"damage_healed":0.0,"max_hp_gain":0.0,"max_hp_loss":0.0,"gold_gain":0.0,"cards_transformed":["Strike_R"],"event_name":"Transmorgrifier","player_choice":"Transformed","floor":5.0,"gold_loss":0.0,"damage_taken":0.0,"cards_obtained":["Battle Trance"]},{"damage_healed":0.0,"max_hp_gain":0.0,"max_hp_loss":0.0,"gold_gain":0.0,"event_name":"Lab","player_choice":"Got Potions","floor":12.0,"gold_loss":0.0,"damage_taken":0.0},{"damage_healed":0.0,"max_hp_gain":0.0,"max_hp_loss":0.0,"gold_gain":0.0,"event_name":"N\u0027loth","player_choice":"Ignored","floor":20.0,"gold_loss":0.0,"damage_taken":0.0},{"damage_healed":0.0,"max_hp_gain":0.0,"max_hp_loss":0.0,"gold_gain":0.0,"event_name":"Cursed Tome","player_choice":"Obtained Book","floor":31.0,"gold_loss":0.0,"damage_taken":16.0},{"damage_healed":0.0,"max_hp_gain":0.0,"max_hp_loss":6.0,"gold_gain":0.0,"event_name":"Winding Halls","player_choice":"Max HP","floor":37.0,"gold_loss":0.0,"damage_taken":0.0},{"damage_healed":0,"gold_gain":0,"player_choice":"Ignored","damage_taken":0,"max_hp_gain":0,"max_hp_loss":0,"event_name":"SecretPortal","floor":46,"gold_loss":0}],"is_beta":false,"boss_relics":[{"not_picked":["Runic Cube","Fusion Hammer"],"picked":"Snecko Eye"},{"not_picked":["Pandora\u0027s Box","Runic Dome"],"picked":"Philosopher\u0027s Stone"}],"items_purged_floors":[22,29,42,53],"is_endless":false,"potions_floor_spawned":[6,7,11,14,16,18,24,30,36,38,40,44,47,54],"ascension_level":11}}