{"host":"Ceyx","time":1609698114,"event":{"mods":["BaseMod","Beaked The Cultist","BetterRewards","Conspire","Downfall","Hubris","Minty Spire (QoL Compilation)","StSLib","The Jungle"],"gold_per_floor":[99,109,109,94,111,111,111,121,138,154,172,172,172,182,199,296,296,296,307,148,159,170,182,206,306,104,170,220,253,253,317,330,431,431,431,446,459,509,523,87,87,104,118,168,168,168],"floor_reached":44,"playtime":3931,"items_purged":["Guardian:Strike_Guardian"],"score":530,"play_id":"0d8b87fe-ce4f-4c29-b8d6-02179c6b1387","local_time":"20210104012154","is_ascension_mode":false,"campfire_choices":[{"data":"Guardian:TwinSlam","floor":1.0,"key":"SMITH"},{"data":"Guardian:DecasProtection","floor":12.0,"key":"SMITH"},{"data":"Guardian:FastForward","floor":18.0,"key":"SMITH"},{"data":"Guardian:ArmoredProtocol","floor":30.0,"key":"SMITH"},{"data":"Guardian:FloatingOrbs","floor":35.0,"key":"SMITH"}],"circlet_count":0,"master_deck":["Guardian:Strike_Guardian","Guardian:Strike_Guardian","Guardian:Defend_Guardian","Guardian:Defend_Guardian","Guardian:CurlUp","Guardian:TwinSlam+1","Guardian:PiercingHide","Guardian:ChargeCore","Guardian:DecasProtection+1","Guardian:BronzeArmor","Guardian:FloatingOrbs+1","Guardian:Planning","Guardian:RollAttack","Guardian:ChargeCore+1","Guardian:FastForward+1","Guardian:ChargeCore+1","Guardian:TemporalShield+1","Guardian:TimeBomb","Guardian:TimeBomb+1","Guardian:TimeCapacitor","Guardian:SentryBeam+1","Guardian:FastForward","Guardian:ArmoredProtocol+1","Sanctity","Guardian:VentSteam","sneckomod:UnknownClassGREEN","Amplify","Guardian:SpikerProtocol+1","Guardian:FastForward+1","Guardian:TimeSifter+1","sneckomod:UnknownWeak","expansioncontent:DefensiveStance","expansioncontent:DefensiveStance","expansioncontent:PolyBeam","sneckomod:Nope","FollowUp+1","Apotheosis","Guardian:Gem_White","Guardian:BronzeArmor","Guardian:PolyBeam","beaked:HuntressEssence+1"],"relics":["Guardian:ModeShifter","Bottled Flame","conspire:SpecialSausage","Whetstone","downfall:CloakOfManyFaces","CultistMask","FaceOfCleric","NlothsMask","GremlinMask","SsserpentHead","PrismaticShard","Pantograph","Astrolabe","Chemical X","Pear"],"acts_visited":["Exordium","TheCity","TheBeyond"],"potions_floor_usage":[40,40,42],"damage_taken":[{"damage":9.0,"enemies":"Jaw Worm","floor":2.0,"turns":4.0},{"damage":0.0,"enemies":"downfall:FleeingMerchant","floor":4.0,"turns":4.0},{"damage":1.0,"enemies":"Cultist","floor":5.0,"turns":3.0},{"damage":0.0,"enemies":"Small Slimes","floor":8.0,"turns":3.0},{"damage":8.0,"enemies":"Red Slaver","floor":9.0,"turns":3.0},{"damage":13.0,"enemies":"Gremlin Gang","floor":10.0,"turns":6.0},{"damage":7.0,"enemies":"Red Slaver","floor":11.0,"turns":3.0},{"damage":2.0,"enemies":"Exordium Thugs","floor":14.0,"turns":3.0},{"damage":0.0,"enemies":"Gremlin Gang","floor":15.0,"turns":2.0},{"damage":14.0,"enemies":"downfall:Silent","floor":16.0,"turns":5.0},{"damage":0.0,"enemies":"conspire:FuzzyDice","floor":19.0,"turns":6.0},{"damage":0.0,"enemies":"downfall:FleeingMerchant","floor":20.0,"turns":4.0},{"damage":4.0,"enemies":"Shelled Parasite and Fungi","floor":21.0,"turns":6.0},{"damage":10.0,"enemies":"Cultist and Chosen","floor":22.0,"turns":5.0},{"damage":8.0,"enemies":"Snecko","floor":23.0,"turns":5.0},{"damage":0.0,"enemies":"downfall:FaceTrader","floor":25.0,"turns":6.0},{"damage":3.0,"enemies":"downfall:FleeingMerchant","floor":26.0,"turns":4.0},{"damage":0.0,"enemies":"3 Cultists","floor":27.0,"turns":3.0},{"damage":13.0,"enemies":"Slavers","floor":29.0,"turns":4.0},{"damage":21.0,"enemies":"Centurion and Healer","floor":31.0,"turns":5.0},{"damage":0.0,"enemies":"Chosen and Byrds","floor":32.0,"turns":6.0},{"damage":40.0,"enemies":"downfall:Watcher","floor":33.0,"turns":8.0},{"damage":12,"enemies":"Orb Walker","floor":36,"turns":5},{"damage":17,"enemies":"3 Shapes","floor":37,"turns":5},{"damage":15,"enemies":"Jaw Worm Horde","floor":39,"turns":4},{"damage":0,"enemies":"downfall:FleeingMerchant","floor":40,"turns":4},{"damage":0,"enemies":"Sphere and 2 Shapes","floor":42,"turns":6},{"damage":31,"enemies":"Spire Growth","floor":43,"turns":5},{"damage":26,"enemies":"2 Orb Walkers","floor":44,"turns":4}],"seed_played":"716960592687199109","potions_obtained":[{"floor":2.0,"key":"CultistPotion"},{"floor":8.0,"key":"Guardian:DefensiveModePotion"},{"floor":11.0,"key":"Fire Potion"},{"floor":14.0,"key":"Energy Potion"},{"floor":15.0,"key":"Energy Potion"},{"floor":19.0,"key":"Guardian:DefensiveModePotion"},{"floor":25.0,"key":"Explosive Potion"},{"floor":28.0,"key":"Slimebound:ThreeZeroPotion"},{"floor":28.0,"key":"conspire:TimeTravelPotion"},{"floor":29.0,"key":"Guardian:BlockOnCardUsePotion"},{"floor":32.0,"key":"SteroidPotion"},{"floor":33.0,"key":"Fire Potion"},{"floor":37,"key":"GamblersBrew"},{"floor":42,"key":"Strength Potion"}],"is_trial":false,"path_per_floor":["R","M","?","$","M","?","T","M","M","M","M","R","?","M","M","B",null,"R","M","$","M","M","M","T","?","$","M","?","E","R","M","M","B",null,"R","M","M","?","M","$","T","M","M","?"],"character_chosen":"GUARDIAN","items_purchased":["Guardian:TimeBomb","Guardian:ArmoredProtocol","PrismaticShard","Apotheosis","Guardian:Gem_White","Guardian:BronzeArmor","Chemical X","Pear","Guardian:PolyBeam"],"campfire_rested":0,"item_purchase_floors":[20,26,26,40,40,40,40,40,40],"current_hp_per_floor":[88,79,79,79,78,78,78,78,70,57,50,50,50,48,48,34,88,88,88,88,84,74,66,66,66,64,65,65,53,53,33,34,38,94,94,83,67,57,43,54,54,55,25,0,0,0],"gold":168,"neow_bonus":"TEN_PERCENT_HP_BONUS","is_daily":false,"chose_seed":false,"campfire_upgraded":5,"win_rate":0.0,"timestamp":1609698114,"path_taken":["R","M","?","?","M","?","T","?","?","M","M","R","?","?","M","BOSS","R","M","$","M","M","M","T","?","$","?","?","E","R","?","M","BOSS","R","M","M","?","M","$","T","M","M","?"],"items_purchased_type":["Card","Card","Relic","Card","Card","Card","Relic","Relic","Card"],"build_version":"2020-12-18","purchased_purges":1,"victory":false,"max_hp_per_floor":[88,88,88,88,88,88,88,88,88,88,88,88,88,88,88,88,88,88,88,88,88,88,88,88,88,89,90,90,91,91,92,93,94,94,94,95,96,96,97,108,108,109,110,110,110,110],"card_choices":[{"not_picked":["Guardian:WalkerClaw","Guardian:Recover"],"picked":"Guardian:PiercingHide","floor":2.0},{"not_picked":["Guardian:ShieldCharger","Guardian:PrimingBeam"],"picked":"Guardian:ChargeCore","floor":4.0},{"not_picked":["Guardian:TemporalStrike","Guardian:Incinerate"],"picked":"Guardian:DecasProtection","floor":5.0},{"not_picked":["Guardian:RollAttack","Guardian:CrystalBeam"],"picked":"Guardian:Gem_Cyan","floor":8.0},{"not_picked":["Guardian:Gem_Purple","Guardian:Preprogram"],"picked":"Guardian:FloatingOrbs","floor":9.0},{"not_picked":["Guardian:Suspension","Guardian:Gem_Cyan"],"picked":"Guardian:Gem_Orange","floor":10.0},{"not_picked":["Guardian:CrystalBeam","Guardian:TemporalStrike"],"picked":"Guardian:Planning","floor":11.0},{"not_picked":["Guardian:BaubleBeam","Guardian:PrimingBeam"],"picked":"Guardian:RollAttack","floor":14.0},{"not_picked":["Guardian:CrystalBeam","Guardian:VentSteam"],"picked":"Guardian:ChargeCore","floor":15.0},{"not_picked":["Guardian:ConstructionForm","Guardian:HyperBeam_Guardian"],"picked":"Guardian:FastForward","floor":16.0},{"not_picked":["Guardian:CrystalBeam","Guardian:Planning"],"picked":"Guardian:ChargeCore","floor":19.0},{"not_picked":["Guardian:Emergency","Guardian:TemporalStrike"],"picked":"Guardian:TemporalShield+1","floor":20.0},{"not_picked":["Guardian:Repulse","Guardian:CrystalBeam"],"picked":"Guardian:TimeBomb+1","floor":21.0},{"not_picked":["Guardian:ShieldCharger","Guardian:Incinerate"],"picked":"Guardian:TimeCapacitor","floor":22.0},{"not_picked":["Guardian:Incinerate+1","Guardian:RollAttack"],"picked":"Guardian:Gem_Cyan","floor":23.0},{"not_picked":["Guardian:ShieldCharger","Guardian:ArmoredProtocol"],"picked":"Guardian:SentryBeam+1","floor":25.0},{"not_picked":["Guardian:Gem_Lightblue","Guardian:WalkerClaw+1"],"picked":"Guardian:FastForward","floor":26.0},{"not_picked":["champ:PerfectedStrike","beaked:Tradeoff","Slimebound:ItLooksTasty+1"],"picked":"SKIP","floor":27.0},{"not_picked":["Sucker Punch","sneckomod:SoulRoll"],"picked":"Sanctity","floor":29.0},{"not_picked":["Uppercut","sneckomod:WideSting"],"picked":"Guardian:VentSteam","floor":31.0},{"not_picked":["Guardian:Gem_Green","Slimebound:RejuvenatingLick"],"picked":"sneckomod:UnknownClassGREEN","floor":32.0},{"not_picked":["Slimebound:WasteNot","Reboot"],"picked":"Amplify","floor":33.0},{"not_picked":["Slimebound:SamplingLick+1","Slimebound:PressTheAttack+1","champ:CrookedStrike+1"],"picked":"SKIP","floor":36},{"not_picked":["Slimebound:LeechEnergy+1","expansioncontent:DecasProtection+1"],"picked":"sneckomod:UnknownWeak","floor":37},{"not_picked":["expansioncontent:DarkVoid","expansioncontent:YouAreMine"],"picked":"expansioncontent:DefensiveStance","floor":38},{"not_picked":["expansioncontent:SlimeTackle","expansioncontent:FaceSlap"],"picked":"expansioncontent:DefensiveStance","floor":38},{"not_picked":["expansioncontent:BronzeBeam","expansioncontent:DarkVoid"],"picked":"expansioncontent:PolyBeam","floor":38},{"not_picked":["hexamod:RetreatToShadows","beaked:Flinch"],"picked":"sneckomod:Nope","floor":39},{"not_picked":["Flame Barrier","conspire:Purge"],"picked":"FollowUp+1","floor":40},{"not_picked":["Concentrate+1","hexamod:RainOfEmbers","hexamod:GhostShield"],"picked":"SKIP","floor":42},{"not_picked":["hexamod:SwordOfDarkness","Guardian:Suspension+1"],"picked":"beaked:HuntressEssence+1","floor":43}],"player_experience":488846,"relics_obtained":[{"floor":7.0,"key":"Bottled Flame"},{"floor":24.0,"key":"Whetstone"},{"floor":25.0,"key":"downfall:CloakOfManyFaces"},{"floor":29.0,"key":"Pantograph"}],"event_choices":[{"damage_healed":0.0,"max_hp_gain":0.0,"max_hp_loss":0.0,"gold_gain":0.0,"event_name":"NoteForYourself","player_choice":"Ignored","floor":13.0,"gold_loss":0.0,"damage_taken":0.0},{"damage_healed":0.0,"max_hp_gain":0.0,"max_hp_loss":0.0,"gold_gain":0.0,"event_name":"Lab","player_choice":"Got Potions","floor":28.0,"gold_loss":0.0,"damage_taken":0.0},{"damage_healed":0,"gold_gain":0,"player_choice":"Fight","damage_taken":0,"max_hp_gain":0,"max_hp_loss":0,"event_name":"Mysterious Sphere","floor":44,"gold_loss":0}],"is_beta":true,"boss_relics":[{"not_picked":["Guardian:StasisSlotReductionRelic","beaked:MawFillet"],"picked":"conspire:SpecialSausage"},{"not_picked":["Black Star","Calling Bell"],"picked":"Astrolabe"}],"items_purged_floors":[20],"is_endless":false,"potions_floor_spawned":[2,8,11,14,15,19,25,29,32,33,37,39,42],"killed_by":"2 Orb Walkers","ascension_level":0}}