{"host":"hm3ikmf8oxbtqms2","time":1609662960,"event":{"mods":["BaseMod","Best Route Mod","Bestiary","Better Vampires","Block Reminder","Colored Map","Colored Powertips","Curses Come First","DeckTracker","Displayed Cursed Tome","Highlight Path","Minty Spire (QoL Compilation)","Quick Restart","StSLib"],"gold_per_floor":[114,189,202,202,215,243,243,4,27,43,43,61,61,78,78,175,175,186,196,196,196,196,224,238,263,263,263,263,288,288,288,288,288,288],"floor_reached":33,"playtime":3093,"items_purged":[],"score":449,"play_id":"0ffca484-bb98-45b1-a144-ae0b78925b2b","local_time":"20210103033600","is_ascension_mode":true,"campfire_choices":[{"floor":15.0,"key":"REST"},{"floor":28.0,"key":"REST"},{"floor":30.0,"key":"REST"},{"data":"Ghostly","floor":32.0,"key":"SMITH"}],"circlet_count":0,"master_deck":["Survivor","Neutralize+1","Cloak And Dagger","Finisher","Prepared+1","Heel Hook","Quick Slash","Blade Dance","Underhanded Strike","Unload","Catalyst","Bullet Time","Backstab","Dodge and Roll","Die Die Die","All Out Attack","Corpse Explosion","Malaise","Bullet Time","Dodge and Roll","Deadly Poison","Adrenaline+1","Crippling Poison+1","Skewer","Acrobatics+1","Backstab","Ghostly+1","Ghostly","Ghostly","Ghostly","Ghostly"],"relics":["Ring of the Snake","Happy Flower","Art of War","Nunchaku","Pantograph","Ancient Tea Set","Mummified Hand","Pandora\u0027s Box","MutagenicStrength","War Paint","Ninja Scroll","Letter Opener","Frozen Egg 2"],"acts_visited":["Exordium","TheCity"],"potions_floor_usage":[33],"damage_taken":[{"damage":0.0,"enemies":"2 Louse","floor":1.0,"turns":2.0},{"damage":1.0,"enemies":"Jaw Worm","floor":3.0,"turns":4.0},{"damage":1.0,"enemies":"Cultist","floor":5.0,"turns":4.0},{"damage":26.0,"enemies":"Gremlin Nob","floor":6.0,"turns":5.0},{"damage":1.0,"enemies":"Blue Slaver","floor":10.0,"turns":4.0},{"damage":7.0,"enemies":"Looter","floor":12.0,"turns":2.0},{"damage":0.0,"enemies":"Gremlin Gang","floor":14.0,"turns":5.0},{"damage":54.0,"enemies":"The Guardian","floor":16.0,"turns":12.0},{"damage":4.0,"enemies":"Chosen","floor":18.0,"turns":3.0},{"damage":21.0,"enemies":"2 Thieves","floor":19.0,"turns":4.0},{"damage":20.0,"enemies":"Slavers","floor":23.0,"turns":4.0},{"damage":2.0,"enemies":"3 Cultists","floor":24.0,"turns":3.0},{"damage":18.0,"enemies":"Gremlin Leader","floor":25.0,"turns":4.0},{"damage":0.0,"enemies":"Slavers","floor":29.0,"turns":1.0},{"damage":50,"enemies":"Champ","floor":33,"turns":8}],"seed_played":"6880992579460462057","potions_obtained":[{"floor":1.0,"key":"PowerPotion"},{"floor":3.0,"key":"BlessingOfTheForge"},{"floor":5.0,"key":"LiquidMemories"},{"floor":23.0,"key":"Poison Potion"},{"floor":29.0,"key":"SpeedPotion"}],"is_trial":false,"path_per_floor":["M","?","M","?","M","E","?","$","T","M","T","M","?","M","R","B",null,"M","M","?","?","?","E","M","E","T","?","R","E","R","?","R","B"],"character_chosen":"THE_SILENT","items_purchased":["Pantograph"],"campfire_rested":3,"item_purchase_floors":[8],"current_hp_per_floor":[70,59,58,58,57,31,31,31,31,30,30,23,23,23,44,15,70,66,45,45,45,45,25,23,5,5,5,26,26,47,35,35,0,0],"gold":288,"neow_bonus":"RANDOM_COMMON_RELIC","is_daily":false,"chose_seed":false,"campfire_upgraded":1,"win_rate":0.0,"timestamp":1609662960,"path_taken":["M","?","M","?","M","E","?","$","T","M","?","?","?","M","R","BOSS","M","M","?","?","?","E","?","E","T","?","R","E","R","?","R","BOSS"],"items_purchased_type":["Relic"],"build_version":"2020-12-22","purchased_purges":0,"victory":false,"max_hp_per_floor":[70,70,70,70,70,70,70,70,70,70,70,70,70,70,70,70,70,70,70,70,70,70,70,70,70,70,70,70,70,70,35,35,35,35],"card_choices":[{"not_picked":["Tactician","Caltrops"],"picked":"Cloak And Dagger","floor":1.0},{"not_picked":["PiercingWail","Underhanded Strike"],"picked":"Finisher","floor":3.0},{"not_picked":["Deflect","Quick Slash"],"picked":"Prepared","floor":5.0},{"not_picked":["Infinite Blades","Outmaneuver"],"picked":"Heel Hook","floor":6.0},{"not_picked":["Setup","Deflect"],"picked":"Quick Slash","floor":10.0},{"not_picked":["Bane","Backflip"],"picked":"Blade Dance","floor":12.0},{"not_picked":["Bullet Time","Deflect"],"picked":"Underhanded Strike","floor":14.0},{"not_picked":["Burst","After Image"],"picked":"Unload","floor":16.0},{"not_picked":["Acrobatics","Choke"],"picked":"Dodge and Roll","floor":18.0},{"not_picked":["Backflip","Underhanded Strike"],"picked":"Deadly Poison","floor":19.0},{"not_picked":["Deadly Poison","Quick Slash+1"],"picked":"Crippling Poison+1","floor":23.0},{"not_picked":["Sucker Punch","Heel Hook"],"picked":"Skewer","floor":24.0},{"not_picked":["Reflex+1","Dagger Throw+1"],"picked":"Acrobatics+1","floor":25.0},{"not_picked":["Venomology","PiercingWail"],"picked":"Backstab","floor":29.0}],"player_experience":275202,"relics_obtained":[{"floor":6.0,"key":"Nunchaku"},{"floor":9.0,"key":"Ancient Tea Set"},{"floor":11.0,"key":"Mummified Hand"},{"floor":23.0,"key":"War Paint"},{"floor":25.0,"key":"Ninja Scroll"},{"floor":26.0,"key":"Letter Opener"},{"floor":29.0,"key":"Frozen Egg 2"}],"event_choices":[{"damage_healed":0.0,"max_hp_gain":0.0,"max_hp_loss":0.0,"gold_gain":75.0,"event_name":"World of Goop","player_choice":"Gather Gold","floor":2.0,"gold_loss":0.0,"damage_taken":11.0},{"damage_healed":0.0,"max_hp_gain":0.0,"max_hp_loss":0.0,"gold_gain":0.0,"event_name":"Big Fish","player_choice":"Box","floor":4.0,"gold_loss":0.0,"damage_taken":0.0,"relics_obtained":["Art of War"],"cards_obtained":["Regret"]},{"damage_healed":0.0,"max_hp_gain":0.0,"max_hp_loss":0.0,"gold_gain":0.0,"event_name":"Golden Wing","player_choice":"Ignored","floor":7.0,"gold_loss":0.0,"damage_taken":0.0},{"damage_healed":0.0,"max_hp_gain":0.0,"max_hp_loss":0.0,"gold_gain":0.0,"event_name":"Accursed Blacksmith","player_choice":"Forge","floor":13.0,"gold_loss":0.0,"damage_taken":0.0,"cards_upgraded":["Neutralize"]},{"damage_healed":0.0,"max_hp_gain":0.0,"max_hp_loss":0.0,"gold_gain":0.0,"event_name":"The Library","player_choice":"Read","floor":20.0,"gold_loss":0.0,"damage_taken":0.0,"cards_obtained":["Adrenaline"]},{"damage_healed":0.0,"max_hp_gain":0.0,"max_hp_loss":0.0,"gold_gain":0.0,"event_name":"Drug Dealer","player_choice":"Inject Mutagens","floor":21.0,"gold_loss":0.0,"damage_taken":0.0,"relics_obtained":["MutagenicStrength"]},{"cards_removed":["Regret"],"damage_healed":0.0,"max_hp_gain":0.0,"max_hp_loss":0.0,"gold_gain":0.0,"event_name":"Fountain of Cleansing","player_choice":"Removed Curses","floor":22.0,"gold_loss":0.0,"damage_taken":0.0},{"cards_removed":["Masterful Stab"],"damage_healed":0.0,"max_hp_gain":0.0,"max_hp_loss":0.0,"gold_gain":0.0,"event_name":"Back to Basics","player_choice":"Elegance","floor":27.0,"gold_loss":0.0,"damage_taken":0.0},{"damage_healed":0.0,"max_hp_gain":0.0,"max_hp_loss":35.0,"gold_gain":0.0,"event_name":"Ghosts","player_choice":"Became a Ghost","floor":31.0,"gold_loss":0.0,"damage_taken":0.0,"cards_obtained":["Ghostly","Ghostly","Ghostly","Ghostly","Ghostly"]}],"is_beta":false,"boss_relics":[{"not_picked":["Ectoplasm","Fusion Hammer"],"picked":"Pandora\u0027s Box"}],"items_purged_floors":[],"is_endless":false,"potions_floor_spawned":[1,3,5,23,29],"killed_by":"Champ","ascension_level":4}}