{"host":"p7j7o00jacnw7qzt","time":1609718042,"event":{"mods":["BaseMod","Colored Map","Colored Powertips","DeckTracker","Highlight Path","Minty Spire (QoL Compilation)","Relic Stats"],"gold_per_floor":[119,44,44,61,61,61,93,93,93,93,127,140,160,188,188,264,264,280,280,299,574,151,151,181,181,233,259,272,289,316,316,316,388,388,406,452,452,467,487,487,501,531,555,555,555,568,568,597,597,597,597,597,597,52,80,80],"floor_reached":57,"playtime":2550,"items_purged":["Strike_R","Strike_R","Defend_R"],"score":3351,"play_id":"980b40a3-0af7-487d-abc5-02fdc9e5a55b","local_time":"20210103185402","is_ascension_mode":true,"campfire_choices":[{"data":"Rampage","floor":6.0,"key":"SMITH"},{"data":"Bloodletting","floor":8.0,"key":"SMITH"},{"floor":10.0,"key":"RECALL"},{"data":"Burning Pact","floor":15.0,"key":"SMITH"},{"data":"Battle Trance","floor":23.0,"key":"SMITH"},{"floor":25.0,"key":"REST"},{"floor":32.0,"key":"REST"},{"data":"Feel No Pain","floor":40.0,"key":"SMITH"},{"data":"Double Tap","floor":44.0,"key":"SMITH"},{"data":"Offering","floor":47.0,"key":"SMITH"},{"floor":49.0,"key":"REST"},{"data":"Disarm","floor":53,"key":"SMITH"}],"circlet_count":0,"master_deck":["AscendersBane","Defend_R","Defend_R","Defend_R","Bash","Bloodletting+1","Rampage+1","Offering+1","Burning Pact+1","Feel No Pain+1","Battle Trance+1","Evolve","Exhume","Double Tap+1","Pommel Strike+1","Disarm+1"],"relics":["Burning Blood","NeowsBlessing","Dream Catcher","Singing Bowl","Bird Faced Urn","Pen Nib","Runic Cube","Ice Cream","Oddly Smooth Stone","MealTicket","Art of War","Empty Cage","TungstenRod","Incense Burner","PreservedInsect","InkBottle","Membership Card","Thread and Needle","Vajra","Bag of Preparation"],"acts_visited":["Exordium","TheCity","TheBeyond","TheEnding"],"potions_floor_usage":[56,56],"damage_taken":[{"damage":0.0,"enemies":"Small Slimes","floor":1.0,"turns":1.0},{"damage":0.0,"enemies":"Cultist","floor":4.0,"turns":1.0},{"damage":0.0,"enemies":"3 Sentries","floor":7.0,"turns":2.0},{"damage":8.0,"enemies":"Gremlin Nob","floor":11.0,"turns":3.0},{"damage":2.0,"enemies":"2 Louse","floor":12.0,"turns":3.0},{"damage":11.0,"enemies":"Looter","floor":13.0,"turns":3.0},{"damage":31.0,"enemies":"Lagavulin","floor":14.0,"turns":6.0},{"damage":39.0,"enemies":"Slime Boss","floor":16.0,"turns":4.0},{"damage":24.0,"enemies":"3 Byrds","floor":18.0,"turns":4.0},{"damage":15.0,"enemies":"Spheric Guardian","floor":20.0,"turns":3.0},{"damage":36.0,"enemies":"Slavers","floor":24.0,"turns":5.0},{"damage":25.0,"enemies":"Gremlin Leader","floor":27.0,"turns":4.0},{"damage":9.0,"enemies":"Snake Plant","floor":28.0,"turns":2.0},{"damage":23.0,"enemies":"Cultist and Chosen","floor":29.0,"turns":4.0},{"damage":21.0,"enemies":"Book of Stabbing","floor":30.0,"turns":3.0},{"damage":0.0,"enemies":"Centurion and Healer","floor":31.0,"turns":1.0},{"damage":31.0,"enemies":"Collector","floor":33.0,"turns":3.0},{"damage":21.0,"enemies":"3 Shapes","floor":35.0,"turns":1.0},{"damage":37.0,"enemies":"2 Orb Walkers","floor":36.0,"turns":3.0},{"damage":16.0,"enemies":"3 Darklings","floor":38.0,"turns":1.0},{"damage":25.0,"enemies":"Jaw Worm Horde","floor":39.0,"turns":3.0},{"damage":14.0,"enemies":"Transient","floor":41.0,"turns":6.0},{"damage":16.0,"enemies":"Giant Head","floor":42.0,"turns":1.0},{"damage":7.0,"enemies":"Spire Growth","floor":46.0,"turns":2.0},{"damage":14.0,"enemies":"Reptomancer","floor":48.0,"turns":1.0},{"damage":44.0,"enemies":"Time Eater","floor":50.0,"turns":4.0},{"damage":20.0,"enemies":"Awakened One","floor":51.0,"turns":2.0},{"damage":11,"enemies":"Shield and Spear","floor":55,"turns":1},{"damage":26,"enemies":"The Heart","floor":56,"turns":4}],"seed_played":"-7559954457885413882","potions_obtained":[{"floor":1.0,"key":"SneckoOil"},{"floor":11.0,"key":"Weak Potion"},{"floor":12.0,"key":"LiquidMemories"},{"floor":14.0,"key":"SmokeBomb"},{"floor":18.0,"key":"LiquidMemories"},{"floor":27.0,"key":"FearPotion"},{"floor":35.0,"key":"Dexterity Potion"},{"floor":46.0,"key":"LiquidMemories"},{"floor":48.0,"key":"BlessingOfTheForge"}],"is_trial":false,"path_per_floor":["M","$","?","M","?","R","E","R","T","R","E","M","M","E","R","B",null,"M","?","M","?","$","R","E","R","T","E","M","M","E","M","R","B",null,"M","?","?","M","M","R","M","E","T","R","?","M","R","E","R","B","B",null,"R","$","E","B",null],"character_chosen":"IRONCLAD","items_purchased":["Ice Cream","Membership Card","BloodPotion","Thread and Needle","Vajra","DuplicationPotion"],"campfire_rested":3,"item_purchase_floors":[22,54,54,54,54,54],"current_hp_per_floor":[74,74,74,75,80,80,80,80,80,80,78,82,77,54,54,23,70,52,52,45,45,45,45,19,47,47,32,31,18,9,15,45,24,78,69,44,100,96,81,81,79,75,75,75,75,80,80,76,110,76,66,99,99,110,111,112],"gold":80,"neow_bonus":"THREE_ENEMY_KILL","is_daily":false,"chose_seed":false,"campfire_upgraded":8,"win_rate":0.0,"timestamp":1609718042,"path_taken":["M","$","?","?","?","R","E","R","T","R","E","M","M","E","R","BOSS","M","?","M","?","$","R","E","R","T","E","?","M","E","M","R","BOSS","BOSS","M","?","?","?","M","R","?","E","T","R","?","?","R","E","R","BOSS","BOSS","R","$","E","BOSS"],"items_purchased_type":["Relic","Relic","Potion","Relic","Relic","Potion"],"build_version":"2020-12-22","purchased_purges":3,"victory":true,"max_hp_per_floor":[75,75,75,75,80,80,80,80,80,80,80,82,82,84,84,86,86,86,86,86,86,86,86,88,90,90,92,92,92,94,94,96,96,96,98,100,100,102,102,102,104,106,106,106,106,108,108,108,110,110,110,110,110,110,112,112],"relic_stats":{"Singing Bowl":32,"counters":[29,81],"Pen Nib":[21],"PreservedInsect":138,"Bag of Preparation":[2],"Burning Blood":156,"Dream Catcher":3,"Bird Faced Urn":[68],"MealTicket":11,"Art of War":[0],"obtain_stats":[{"Ice Cream":22,"NeowsBlessing":0,"Singing Bowl":9,"Oddly Smooth Stone":24,"Vajra":54,"Thread and Needle":54,"Pen Nib":14,"PreservedInsect":43,"Incense Burner":42,"Bag of Preparation":55,"Empty Cage":34,"Burning Blood":0,"Dream Catcher":7,"Bird Faced Urn":11,"MealTicket":27,"Art of War":30,"Membership Card":54,"TungstenRod":36,"InkBottle":48,"Runic Cube":17},{"Ice Cream":10,"NeowsBlessing":0,"Singing Bowl":3,"Oddly Smooth Stone":11,"Vajra":27,"Thread and Needle":27,"Pen Nib":7,"PreservedInsect":23,"Incense Burner":23,"Bag of Preparation":28,"Empty Cage":17,"Burning Blood":0,"Dream Catcher":3,"Bird Faced Urn":4,"MealTicket":12,"Art of War":15,"Membership Card":27,"TungstenRod":19,"InkBottle":25,"Runic Cube":8},{"Ice Cream":30,"NeowsBlessing":0,"Singing Bowl":4,"Oddly Smooth Stone":35,"Vajra":76,"Thread and Needle":76,"Pen Nib":19,"PreservedInsect":67,"Incense Burner":67,"Bag of Preparation":77,"Empty Cage":52,"Burning Blood":0,"Dream Catcher":4,"Bird Faced Urn":7,"MealTicket":39,"Art of War":48,"Membership Card":76,"TungstenRod":56,"InkBottle":70,"Runic Cube":23}],"TungstenRod":69,"InkBottle":[12],"Runic Cube":[98]},"card_choices":[{"not_picked":["Twin Strike","Cleave"],"picked":"Bloodletting","floor":1.0},{"not_picked":["Iron Wave","Entrench"],"picked":"Rampage","floor":4.0},{"not_picked":["Combust","Havoc","Thunderclap"],"picked":"SKIP","floor":7.0},{"not_picked":["True Grit","Feel No Pain"],"picked":"Offering","floor":11.0},{"not_picked":["Metallicize","Warcry","Carnage"],"picked":"Singing Bowl","floor":12.0},{"not_picked":["Dropkick","Seeing Red"],"picked":"Burning Pact","floor":13.0},{"not_picked":["Anger","Metallicize","Iron Wave"],"picked":"Singing Bowl","floor":14.0},{"not_picked":["Immolate","Bludgeon","Demon Form"],"picked":"Singing Bowl","floor":16.0},{"not_picked":["Flex","Anger"],"picked":"Feel No Pain","floor":18.0},{"not_picked":["Clothesline","Clash"],"picked":"Battle Trance","floor":20.0},{"not_picked":["Havoc","Brutality","Inflame"],"picked":"Singing Bowl","floor":24.0},{"not_picked":["Seeing Red","Anger","Flex"],"picked":"Singing Bowl","floor":25.0},{"not_picked":["Seeing Red","Pummel","Heavy Blade"],"picked":"Singing Bowl","floor":27.0},{"not_picked":["Warcry","Wild Strike+1"],"picked":"Evolve","floor":28.0},{"not_picked":["Flex+1","Twin Strike"],"picked":"Exhume","floor":29.0},{"not_picked":["Twin Strike","Ghostly Armor","Rage"],"picked":"Singing Bowl","floor":30.0},{"not_picked":["Clothesline+1","Havoc","Carnage"],"picked":"Singing Bowl","floor":32.0},{"not_picked":["Berserk","Brutality"],"picked":"Double Tap","floor":33.0},{"not_picked":["Reckless Charge","Entrench+1","Armaments"],"picked":"Singing Bowl","floor":35.0},{"not_picked":["Thunderclap","Second Wind","Blood for Blood"],"picked":"Singing Bowl","floor":36.0},{"not_picked":["Shrug It Off","True Grit","Body Slam"],"picked":"Singing Bowl","floor":38.0},{"not_picked":["True Grit","Perfected Strike+1"],"picked":"Pommel Strike+1","floor":39.0},{"not_picked":["Wild Strike","Hemokinesis","Havoc"],"picked":"Singing Bowl","floor":41.0},{"not_picked":["Anger","Carnage+1","Pommel Strike+1"],"picked":"Singing Bowl","floor":42.0},{"not_picked":["Hemokinesis","Searing Blow","Body Slam"],"picked":"Singing Bowl","floor":46.0},{"not_picked":["Entrench","Hemokinesis+1"],"picked":"Disarm","floor":48.0},{"not_picked":["Cleave+1","Intimidate","Heavy Blade"],"picked":"Singing Bowl","floor":49.0},{"not_picked":["Sentinel+1","Cleave","Feed"],"picked":"Singing Bowl","floor":55}],"player_experience":975583,"relics_obtained":[{"floor":7.0,"key":"Dream Catcher"},{"floor":9.0,"key":"Singing Bowl"},{"floor":11.0,"key":"Bird Faced Urn"},{"floor":14.0,"key":"Pen Nib"},{"floor":24.0,"key":"Oddly Smooth Stone"},{"floor":27.0,"key":"MealTicket"},{"floor":30.0,"key":"Art of War"},{"floor":36.0,"key":"TungstenRod"},{"floor":42.0,"key":"Incense Burner"},{"floor":43.0,"key":"PreservedInsect"},{"floor":48.0,"key":"InkBottle"},{"floor":55,"key":"Bag of Preparation"}],"event_choices":[{"cards_removed":["Strike_R"],"damage_healed":0.0,"max_hp_gain":0.0,"max_hp_loss":0.0,"gold_gain":0.0,"event_name":"Bonfire Elementals","player_choice":"Offered Basic","floor":3.0,"gold_loss":0.0,"damage_taken":0.0},{"damage_healed":0.0,"max_hp_gain":5.0,"max_hp_loss":0.0,"gold_gain":0.0,"event_name":"Big Fish","player_choice":"Donut","floor":5.0,"gold_loss":0.0,"damage_taken":0.0},{"cards_removed":["Strike_R"],"damage_healed":0.0,"max_hp_gain":0.0,"max_hp_loss":0.0,"gold_gain":0.0,"event_name":"Back to Basics","player_choice":"Elegance","floor":19.0,"gold_loss":0.0,"damage_taken":0.0},{"damage_healed":0.0,"max_hp_gain":0.0,"max_hp_loss":0.0,"gold_gain":275.0,"event_name":"Golden Shrine","player_choice":"Desecrate","floor":21.0,"gold_loss":0.0,"damage_taken":0.0,"cards_obtained":["Regret"]},{"damage_healed":0.0,"max_hp_gain":0.0,"max_hp_loss":0.0,"gold_gain":0.0,"event_name":"Mysterious Sphere","player_choice":"Fight","floor":36.0,"gold_loss":0.0,"damage_taken":0.0},{"damage_healed":56.0,"max_hp_gain":0.0,"max_hp_loss":0.0,"gold_gain":0.0,"event_name":"Wheel of Change","player_choice":"Full Heal","floor":37.0,"gold_loss":0.0,"damage_taken":0.0},{"damage_healed":0.0,"max_hp_gain":0.0,"max_hp_loss":0.0,"gold_gain":0.0,"event_name":"SecretPortal","player_choice":"Ignored","floor":45.0,"gold_loss":0.0,"damage_taken":0.0}],"is_beta":false,"boss_relics":[{"not_picked":["Busted Crown","Cursed Key"],"picked":"Runic Cube"},{"not_picked":["Pandora\u0027s Box","Fusion Hammer"],"picked":"Empty Cage"}],"items_purged_floors":[2,22,54],"is_endless":false,"potions_floor_spawned":[1,11,12,14,18,20,27,31,35,36,46,48],"ascension_level":20}}