{"host":"q2n6tlickby1elp8","time":1609664711,"event":{"mods":["BaseMod","BetterRewards","Colored Powertips","Marisa£®ÏF”Í°°ƒß¿Ì…≥£©","Minty Spire (QoL Compilation)","Remilia£®¿Ÿ√◊¿Ú—«£©","SOS£®Àπ∞Õ¥Ô÷Æ◊”£©","Shop Mod","SuperFastMode","The Construct","The Disciple","The Servant 0.9.4","Youmu£®ªÍ∆«—˝√Œ£©","[IsaacMod]“‘»ˆº‚À˛"],"gold_per_floor":[119,67,79,91,91,91,106,106,131,151,168,187,187,217,217,313,313,324,423,442,357,357,357,69,88,88,12,12,28,28,56,56,155,155,175,32,45,45,45,45,62,75,75,75,125,48,66,85,85,85],"floor_reached":51,"playtime":1628,"items_purged":["Strike_RM"],"score":719,"play_id":"f0608886-631d-4838-a02e-17bb03b8ada4","local_time":"20210103170511","is_ascension_mode":false,"campfire_choices":[{"data":"Stigmanizer","floor":6,"key":"SMITH"},{"data":"RedMoon","floor":8,"key":"SMITH"},{"data":"CeilingFear","floor":15,"key":"SMITH"},{"data":"QueenOfMidnight","floor":23,"key":"SMITH"},{"data":"HeartBreak","floor":30,"key":"SMITH"},{"data":"StarOfDavid","floor":32,"key":"SMITH"},{"data":"BloodHunter","floor":40,"key":"SMITH"},{"data":"Enlightenment","floor":49,"key":"SMITH"}],"circlet_count":0,"master_deck":["Strike_RM","Strike_RM","Strike_RM+1","Defend_RM","Defend_RM","Defend_RM","RedMoon+1","ScarletShoot","VampirishNight","BloodHunter+1","Stigmanizer+1","QueenOfMidnight+1","LeisurelyOfLord+1","BombardNight","VampireKiss","CeilingFear+1","UnstableMagic","ScarletDevil","HeartBreak+1","MiserableFate","StarOfDavid+1","BloodHunter","FitfulNightmare+1","MastersStateliness+1","ScarletImprint+1","KillingBlow","VampireKiss+1","DiffusionOfMisfortune+1","NightDance+1","ScarletMeister+1","Enlightenment+1","NightDance","ScarletNetherworld+1"],"relics":["ScarletHat","HushsDoor","Leech","Smiling Mask","Ancient Tea Set","Whetstone","MagicMushroom","Frozen Egg 2","Bottled Lightning","Darkstone Periapt","TheBible","construct:WeddingRing","BFFS","Art of War","D6"],"acts_visited":["Exordium","TheCity","TheBeyond"],"potions_floor_usage":[],"damage_taken":[{"damage":0,"enemies":"Cultist","floor":1,"turns":5},{"damage":6,"enemies":"2 Louse","floor":3,"turns":2},{"damage":2,"enemies":"Jaw Worm","floor":4,"turns":4},{"damage":8,"enemies":"Gremlin Gang","floor":7,"turns":3},{"damage":2,"enemies":"Blue Slaver","floor":10,"turns":2},{"damage":6,"enemies":"3 Louse","floor":11,"turns":3},{"damage":0,"enemies":"Large Slime","floor":12,"turns":4},{"damage":8,"enemies":"Lagavulin","floor":14,"turns":4},{"damage":18,"enemies":"Slime Boss","floor":16,"turns":7},{"damage":41,"enemies":"Shell Parasite","floor":18,"turns":4},{"damage":0,"enemies":"Spheric Guardian","floor":20,"turns":2},{"damage":0,"enemies":"Snake Plant","floor":25,"turns":2},{"damage":0,"enemies":"3 Cultists","floor":29,"turns":3},{"damage":8,"enemies":"Slavers","floor":31,"turns":3},{"damage":14,"enemies":"Champ","floor":33,"turns":8},{"damage":9,"enemies":"3 Shapes","floor":35,"turns":3},{"damage":0,"enemies":"Orb Walker","floor":37,"turns":2},{"damage":2,"enemies":"Maw","floor":41,"turns":5},{"damage":24,"enemies":"Sphere and 2 Shapes","floor":42,"turns":4},{"damage":6,"enemies":"Mind Bloom Boss Battle","floor":45,"turns":5},{"damage":0,"enemies":"Spire Growth","floor":47,"turns":2},{"damage":14,"enemies":"4 Shapes","floor":48,"turns":3},{"damage":26,"enemies":"Awakened One","floor":50,"turns":12}],"seed_played":"3493383446981756043","potions_obtained":[{"floor":0,"key":"SteroidPotion"},{"floor":0,"key":"SteroidPotion"},{"floor":1,"key":"Strength Potion"},{"floor":7,"key":"SmokeBomb"},{"floor":14,"key":"FairyPotion"},{"floor":42,"key":"EntropicBrew"}],"is_trial":false,"path_per_floor":["M","$","M","M","?","R","M","R","T","M","M","M","?","E","R","B",null,"M","?","M","?","?","R","$","M","T","$","?","M","R","E","R","B",null,"M","$","M","?","?","R","M","M","T","?","?","$","M","M","R","B",null],"character_chosen":"REMILIA","items_purchased":["Stigmanizer","Bottled Lightning","FitfulNightmare+1","BFFS","ScarletNetherworld+1"],"campfire_rested":0,"item_purchase_floors":[2,24,27,36,46],"current_hp_per_floor":[75,75,74,74,62,62,62,62,62,62,64,74,74,70,70,61,82,82,82,82,82,82,82,82,82,82,82,92,92,92,92,92,83,92,85,85,92,92,92,92,92,69,69,69,87,87,92,79,79,92],"gold":85,"neow_bonus":"THREE_SMALL_POTIONS","is_daily":false,"chose_seed":false,"campfire_upgraded":8,"win_rate":0.0,"timestamp":1609664711,"path_taken":["M","$","M","M","?","R","M","R","T","M","M","?","?","E","R","BOSS","M","?","M","?","?","R","$","M","T","$","?","M","R","E","R","BOSS","M","$","?","?","?","R","M","M","T","?","?","?","M","M","R","BOSS"],"items_purchased_type":["Card","Relic","Card","Relic","Card"],"build_version":"2020-12-22","purchased_purges":1,"victory":true,"max_hp_per_floor":[75,75,75,75,75,75,75,75,75,75,75,75,75,75,75,75,82,82,82,82,82,82,82,82,82,82,82,92,92,92,92,92,92,92,92,92,92,92,92,92,92,92,92,92,92,92,92,92,92,92],"card_choices":[{"not_picked":["EndlessAdversity","VampireKiss"],"picked":"VampirishNight","floor":0},{"not_picked":["BadLadyScramble","MastersStateliness"],"picked":"BloodHunter","floor":1},{"not_picked":["UnderTheZenith","DevilSight"],"picked":"QueenOfMidnight","floor":3},{"not_picked":["DiffusionOfMisfortune","ScarletImprint"],"picked":"LeisurelyOfLord","floor":4},{"not_picked":["MastersStateliness","ChainGang"],"picked":"BombardNight","floor":7},{"not_picked":["ScarletDream","MastersStateliness"],"picked":"VampireKiss","floor":10},{"not_picked":["CharismaGuard","BloodAndWine"],"picked":"CeilingFear","floor":11},{"not_picked":["EternalNight","Stigmanizer"],"picked":"UnstableMagic","floor":12},{"not_picked":["Septette","SuperhumanBloodyKnife"],"picked":"ScarletDevil","floor":14},{"not_picked":["DemonKingCradle","BatForm"],"picked":"HeartBreak","floor":16},{"not_picked":["AfternoonTea","VampireFantasy"],"picked":"MiserableFate","floor":18},{"not_picked":["UnstableMagic+1","RedMagic"],"picked":"StarOfDavid","floor":20},{"not_picked":["UnderTheZenith","CharismaGuard+1"],"picked":"BloodHunter","floor":25},{"not_picked":["NightDance","EndlessAdversity"],"picked":"MastersStateliness+1","floor":29},{"not_picked":["EternalNight","BloodHunter"],"picked":"ScarletImprint+1","floor":31},{"not_picked":["HellCatastrophe","EquivalentExchange+1"],"picked":"KillingBlow","floor":33},{"not_picked":["EndlessAdversity","MillenniumVampire+1"],"picked":"VampireKiss+1","floor":35},{"not_picked":["ScarletImprint+1","ScarletDevil+1"],"picked":"DiffusionOfMisfortune+1","floor":37},{"not_picked":["BloodHunter+1","CharismaGuard+1"],"picked":"NightDance+1","floor":41},{"not_picked":["BloodyTrap","EndlessAdversity+1"],"picked":"ScarletMeister+1","floor":42},{"not_picked":["Impatience","Secret Technique"],"picked":"Enlightenment","floor":44},{"not_picked":["DiffusionOfMisfortune","ScarletSymphony"],"picked":"NightDance","floor":45},{"not_picked":["BloodHunter","UnstableMagic","CharismaGuard+1"],"picked":"SKIP","floor":47},{"not_picked":["BlasphemousPunishment","BombardNight","UnderTheZenith+1"],"picked":"SKIP","floor":48}],"player_experience":129580,"relics_obtained":[{"floor":9,"key":"Ancient Tea Set"},{"floor":14,"key":"Whetstone"},{"floor":26,"key":"Darkstone Periapt"},{"floor":31,"key":"TheBible"},{"floor":43,"key":"Art of War"},{"floor":45,"key":"D6"}],"event_choices":[{"damage_healed":0,"gold_gain":0,"player_choice":"Success","damage_taken":12,"relics_obtained":["Smiling Mask"],"max_hp_gain":0,"max_hp_loss":0,"event_name":"Scrap Ooze","floor":5,"gold_loss":0},{"damage_healed":0,"gold_gain":99,"player_choice":"Stole From Cult","damage_taken":0,"max_hp_gain":0,"max_hp_loss":0,"event_name":"Nest","floor":19,"gold_loss":0},{"damage_healed":0,"gold_gain":0,"player_choice":"Obtained Relic","damage_taken":0,"relics_obtained":["Frozen Egg 2"],"max_hp_gain":0,"max_hp_loss":0,"event_name":"Addict","floor":21,"gold_loss":85},{"cards_removed":["Defend_RM"],"damage_healed":0,"gold_gain":0,"player_choice":"Removed Skill","damage_taken":0,"max_hp_gain":0,"max_hp_loss":0,"event_name":"Falling","floor":38,"gold_loss":0},{"damage_healed":0,"gold_gain":0,"player_choice":"Ignored","damage_taken":0,"max_hp_gain":0,"max_hp_loss":0,"event_name":"NoteForYourself","floor":39,"gold_loss":0},{"damage_healed":0,"gold_gain":0,"player_choice":"Memory 1","damage_taken":0,"max_hp_gain":0,"max_hp_loss":0,"event_name":"SensoryStone","floor":44,"gold_loss":0},{"damage_healed":0,"gold_gain":0,"player_choice":"Fight","damage_taken":0,"max_hp_gain":0,"max_hp_loss":0,"event_name":"MindBloom","floor":45,"gold_loss":0}],"is_beta":false,"boss_relics":[{"not_picked":["Busted Crown","APieceOfRedMist"],"picked":"MagicMushroom"},{"not_picked":[]},{"not_picked":["Coffee Dripper","Astrolabe"],"picked":"construct:WeddingRing"},{"not_picked":[]}],"items_purged_floors":[24],"is_endless":false,"potions_floor_spawned":[1,3,7,14,16,25,29,31,41,42,47,48],"ascension_level":0}}