{"host":"ya062ahhhuj9au1o","time":1609654568,"event":{"mods":["BaseMod","Better Third Choice","Downfall","Filter the Spire","Hermit","Minty Spire (QoL Compilation)","Random Character Button","Robot Space Explorer","Somnambulant","StSLib","The Bug Knight","The Cursed","The Marked","The Servant 0.9.4"],"gold_per_floor":[109,127,52,52,63,63,90,90,90,90,115,115,115,126,126,222,222,237,237,248,5,17,52,52,71,94,94,94,94,112,146,146,249,249,267,282,282,301,312,312,346,346,346,357,357,357,372,99,99,99],"floor_reached":51,"playtime":4345,"items_purged":["Shame","somnambulantmod: Defend_Somnambulant","somnambulantmod: Defend_Somnambulant"],"score":1040,"play_id":"e145cf10-deb5-4f75-8ffb-aa29ecb09e14","local_time":"20210103011608","is_ascension_mode":true,"campfire_choices":[{"floor":6,"key":"REST"},{"floor":8,"key":"REST"},{"floor":13,"key":"REST"},{"floor":15,"key":"REST"},{"floor":24,"key":"REST"},{"data":"somnambulantmod: Blink","floor":28,"key":"SMITH"},{"floor":32,"key":"REST"},{"floor":40,"key":"REST"},{"floor":42,"key":"REST"},{"data":"somnambulantmod: RuthlessStudy","floor":45,"key":"SMITH"},{"floor":49,"key":"REST"}],"circlet_count":0,"master_deck":["somnambulantmod: SomnambulantStrike","somnambulantmod: SomnambulantStrike+1","somnambulantmod: SomnambulantStrike","somnambulantmod: SomnambulantStrike+1","somnambulantmod: SomnambulantStrike+1","somnambulantmod: QuickNap+1","somnambulantmod: PrimingPunch","somnambulantmod: Repression+1","somnambulantmod: HappyThoughts+1","somnambulantmod: Unknow","somnambulantmod: TrepanningBlow+1","somnambulantmod: Unburden+1","somnambulantmod: Blink+1","somnambulantmod: HappyThoughts+1","somnambulantmod: Reinterpret","somnambulantmod: Sleepyhead+1","somnambulantmod: RuthlessStudy+1","somnambulantmod: Sleepyhead+1","expansioncontent:Chronoboost+1"],"relics":["somnambulantmod: DreamJournal","Unceasing Top","Strawberry","Akabeko","Frozen Egg 2","TungstenRod","Sozu","somnambulantmod: DementingVeil","Eternal Feather","Omamori","HollowMod:PaleOreRelic","Black Star","White Beast Statue","Bronze Scales","Toxic Egg 2","StoneCalendar"],"acts_visited":["Exordium","TheCity","TheBeyond"],"potions_floor_usage":[11,18],"damage_taken":[{"damage":14,"enemies":"Cultist","floor":1,"turns":5},{"damage":8,"enemies":"Jaw Worm","floor":2,"turns":6},{"damage":1,"enemies":"Small Slimes","floor":5,"turns":4},{"damage":38,"enemies":"Gremlin Nob","floor":7,"turns":5},{"damage":23,"enemies":"3 Sentries","floor":11,"turns":9},{"damage":0,"enemies":"2 Fungi Beasts","floor":14,"turns":4},{"damage":51,"enemies":"The Guardian","floor":16,"turns":12},{"damage":8,"enemies":"3 Byrds","floor":18,"turns":7},{"damage":5,"enemies":"2 Thieves","floor":20,"turns":5},{"damage":5,"enemies":"3 Cultists","floor":22,"turns":8},{"damage":12,"enemies":"Book of Stabbing","floor":23,"turns":3},{"damage":17,"enemies":"Shelled Parasite and Fungi","floor":25,"turns":4},{"damage":1,"enemies":"Snecko","floor":30,"turns":4},{"damage":15,"enemies":"Slavers","floor":31,"turns":3},{"damage":50,"enemies":"Champ","floor":33,"turns":10},{"damage":3,"enemies":"Orb Walker","floor":35,"turns":4},{"damage":12,"enemies":"3 Shapes","floor":36,"turns":9},{"damage":28,"enemies":"Maw","floor":38,"turns":8},{"damage":5,"enemies":"Spire Growth","floor":39,"turns":4},{"damage":30,"enemies":"Reptomancer","floor":41,"turns":6},{"damage":19,"enemies":"Transient","floor":44,"turns":5},{"damage":27,"enemies":"Maw","floor":47,"turns":6},{"damage":46,"enemies":"Awakened One","floor":50,"turns":5}],"seed_played":"-8765713420165300181","potions_obtained":[{"floor":5,"key":"DistilledChaos"},{"floor":14,"key":"BlessingOfTheForge"}],"is_trial":false,"path_per_floor":["M","M","$","?","M","R","E","R","T","$","E","?","R","M","R","B",null,"M","?","M","$","M","E","R","M","T","?","R","$","M","E","R","B",null,"M","M","?","M","M","R","E","R","T","M","R","?","M","$","R","B",null],"character_chosen":"THE_SOMNAMBULANT","items_purchased":["somnambulantmod: DementingVeil","somnambulantmod: Sleepyhead+1","expansioncontent:Chronoboost+1"],"campfire_rested":9,"item_purchase_floors":[21,48,48],"current_hp_per_floor":[49,41,41,30,29,54,16,41,41,41,18,12,38,38,64,13,67,59,59,54,54,49,37,73,56,56,56,65,65,64,49,86,36,76,73,61,61,33,28,65,35,73,73,54,63,63,36,36,74,28],"gold":99,"neow_bonus":"ONE_RARE_RELIC","is_daily":false,"chose_seed":false,"campfire_upgraded":2,"win_rate":0.0,"timestamp":1609654568,"path_taken":["M","?","$","?","M","R","E","R","T","$","E","?","R","M","R","BOSS","M","?","M","$","M","E","R","M","T","?","R","?","M","E","R","BOSS","M","M","?","?","M","R","E","R","T","M","R","?","?","$","R","BOSS"],"items_purchased_type":["Relic","Card","Card"],"build_version":"2020-12-22","purchased_purges":3,"victory":true,"max_hp_per_floor":[70,70,70,77,77,79,79,81,81,81,81,81,83,83,85,85,85,85,85,85,85,85,85,87,87,87,87,87,87,87,87,89,89,89,89,89,89,89,89,91,91,93,93,93,93,93,93,93,95,95],"card_choices":[{"not_picked":["somnambulantmod: Trauma","somnambulantmod: Relive"],"picked":"somnambulantmod: Repression","floor":1},{"not_picked":["somnambulantmod: Trauma","somnambulantmod: Blink"],"picked":"somnambulantmod: HappyThoughts","floor":2},{"not_picked":["somnambulantmod: ShowerThought","somnambulantmod: Bloom"],"picked":"somnambulantmod: Unknow","floor":5},{"not_picked":["somnambulantmod: OpeningUp","somnambulantmod: Extract"],"picked":"somnambulantmod: TrepanningBlow","floor":7},{"not_picked":["somnambulantmod: SnuggleUp","somnambulantmod: BadIdea"],"picked":"somnambulantmod: Unburden","floor":11},{"not_picked":["somnambulantmod: HeadSmack","somnambulantmod: OpeningUp","somnambulantmod: BadIdea"],"picked":"SKIP","floor":14},{"not_picked":["somnambulantmod: Harden","somnambulantmod: Repression","somnambulantmod: Nosebleed"],"picked":"SKIP","floor":18},{"not_picked":["somnambulantmod: DeeperSleep+1","somnambulantmod: HeadSmack","somnambulantmod: HorrificThought"],"picked":"SKIP","floor":20},{"not_picked":["somnambulantmod: AllForNothing","somnambulantmod: SleepingBody+1"],"picked":"somnambulantmod: Blink","floor":22},{"not_picked":["somnambulantmod: PourItOut+1","somnambulantmod: SnuggleUp+1","somnambulantmod: Cower"],"picked":"SKIP","floor":23},{"not_picked":["somnambulantmod: Bruise+1","somnambulantmod: Reject"],"picked":"somnambulantmod: HappyThoughts","floor":25},{"not_picked":["somnambulantmod: Trauma","somnambulantmod: Stumble","somnambulantmod: Wake"],"picked":"SKIP","floor":30},{"not_picked":["somnambulantmod: NightHaunts","somnambulantmod: PourItOut","somnambulantmod: Amnausea"],"picked":"SKIP","floor":31},{"not_picked":["somnambulantmod: LostMind+1","somnambulantmod: Ignorance"],"picked":"somnambulantmod: Reinterpret","floor":33},{"not_picked":["somnambulantmod: Overshare+1","somnambulantmod: LeechFears+1","somnambulantmod: Blink"],"picked":"SKIP","floor":35},{"not_picked":["somnambulantmod: PourItOut","somnambulantmod: HeadSmack","somnambulantmod: TrepanningBlow+1"],"picked":"SKIP","floor":36},{"not_picked":["somnambulantmod: MuscleMemory","somnambulantmod: HappyThoughts+1"],"picked":"somnambulantmod: Sleepyhead+1","floor":38},{"not_picked":["somnambulantmod: RacingThoughts","somnambulantmod: Harden","somnambulantmod: SnuggleUp"],"picked":"SKIP","floor":39},{"not_picked":["somnambulantmod: Nosebleed+1","somnambulantmod: Cower"],"picked":"somnambulantmod: RuthlessStudy","floor":41},{"not_picked":["somnambulantmod: SnuggleUp+1","somnambulantmod: Cower+1","somnambulantmod: ShowerThought+1"],"picked":"SKIP","floor":44},{"not_picked":["somnambulantmod: DeeperSleep+1","somnambulantmod: PourItOut+1","somnambulantmod: Bruise+1"],"picked":"SKIP","floor":47}],"player_experience":1754792,"relics_obtained":[{"floor":7,"key":"Akabeko"},{"floor":9,"key":"Frozen Egg 2"},{"floor":11,"key":"TungstenRod"},{"floor":23,"key":"Eternal Feather"},{"floor":26,"key":"Omamori"},{"floor":31,"key":"HollowMod:PaleOreRelic"},{"floor":41,"key":"White Beast Statue"},{"floor":41,"key":"Bronze Scales"},{"floor":43,"key":"Toxic Egg 2"},{"floor":46,"key":"StoneCalendar"}],"event_choices":[{"damage_healed":0,"gold_gain":0,"player_choice":"Relic ","damage_taken":18,"max_hp_gain":0,"max_hp_loss":0,"event_name":"betterThird:BetterScrap","floor":4,"gold_loss":0,"cards_obtained":["Meteor Strike"]},{"cards_removed":["somnambulantmod: Defend_Somnambulant"],"damage_healed":0,"gold_gain":0,"player_choice":"Card Removal","damage_taken":7,"max_hp_gain":0,"max_hp_loss":0,"event_name":"Golden Wing","floor":12,"gold_loss":0},{"damage_healed":0,"gold_gain":0,"player_choice":"Ignored","damage_taken":0,"max_hp_gain":0,"max_hp_loss":0,"event_name":"Ghosts","floor":19,"gold_loss":0},{"cards_removed":["somnambulantmod: Defend_Somnambulant"],"damage_healed":0,"gold_gain":0,"player_choice":"Elegance","damage_taken":0,"max_hp_gain":0,"max_hp_loss":0,"event_name":"betterThird:BetterWriting","floor":27,"gold_loss":0},{"cards_removed":["somnambulantmod: Defend_Somnambulant"],"damage_healed":0,"gold_gain":0,"player_choice":"Offered Basic","damage_taken":0,"max_hp_gain":0,"max_hp_loss":0,"event_name":"Bonfire Elementals","floor":37,"gold_loss":0},{"damage_healed":0,"gold_gain":0,"player_choice":"Relic","damage_taken":0,"max_hp_gain":0,"max_hp_loss":0,"event_name":"Wheel of Change","floor":46,"gold_loss":0}],"is_beta":false,"boss_relics":[{"not_picked":["Cursed Key","Tiny House"],"picked":"Sozu"},{"not_picked":["SacredBark","Runic Pyramid"],"picked":"Black Star"}],"items_purged_floors":[3,21,48],"is_endless":false,"potions_floor_spawned":[5,14,22,23,31,35,39,44,47],"ascension_level":9}}