{"host":"csp9nt53rootlkah","time":1609659732,"event":{"mods":["Act Like it!","BaseMod","Colored Powertips","Friendly Minions","Gensokyo","Highlight Path","Minty Spire (QoL Compilation)","Quick Restart","Replay The Spire","StSLib","TestMod","The Factory","The Jungle","The Mystic","UnlockEverythingMod","¡¾ÒÅÎï¿¨ÅÆ¡¿REMEMod"],"gold_per_floor":[119,130,130,143,68,103,103,123,148,148,159,171,171,182,182,279,279,300,300,300,319,71,71,87,87,110,110,144,164,197,218,218,319,319,342,366,77,101,116,116,167,167,167,167,196,214,214,249,249,256,256,256,131,160,168],"floor_reached":56,"playtime":3238,"items_purged":["mysticmod:Strike_Mystic","mysticmod:Defend_Mystic","mysticmod:Strike_Mystic"],"score":1449,"play_id":"5786d3fa-c176-47de-82cd-693eff50a51f","local_time":"20210103154212","is_ascension_mode":false,"campfire_choices":[{"data":"Limit Break","floor":7.0,"key":"SMITH"},{"data":"mysticmod:MightyMagic","floor":10.0,"key":"SMITH"},{"data":"mysticmod:SuddenClarity","floor":13.0,"key":"SMITH"},{"data":"mysticmod:Daze","floor":15.0,"key":"SMITH"},{"data":"mysticmod:Momentum","floor":23.0,"key":"SMITH"},{"data":"mysticmod:Flurry","floor":25.0,"key":"SMITH"},{"data":"mysticmod:ArcaneDodge","floor":27.0,"key":"SMITH"},{"floor":32.0,"key":"RECALL"},{"data":"mysticmod:Discipline","floor":40.0,"key":"SMITH"},{"data":"mysticmod:Dedication","floor":42.0,"key":"SMITH"},{"data":"mysticmod:Dedication+1","floor":42.0,"key":"SMITH"},{"data":"mysticmod:Dedication+2","floor":44.0,"key":"SMITH"},{"data":"mysticmod:Dedication+3","floor":44.0,"key":"SMITH"},{"data":"mysticmod:Dedication+4","floor":47.0,"key":"SMITH"},{"data":"mysticmod:Dedication+5","floor":47.0,"key":"SMITH"},{"data":"mysticmod:Dedication+6","floor":49.0,"key":"SMITH"},{"data":"mysticmod:Dedication+7","floor":49.0,"key":"SMITH"},{"data":"mysticmod:Dedication+8","floor":52.0,"key":"SMITH"},{"data":"mysticmod:Dedication+9","floor":52.0,"key":"SMITH"}],"circlet_count":0,"master_deck":["mysticmod:Strike_Mystic","mysticmod:Defend_Mystic","mysticmod:Defend_Mystic","mysticmod:Defend_Mystic","mysticmod:ArcaneDodge+1","mysticmod:ShockingGrasp","Limit Break+1","mysticmod:MightyMagic+1","mysticmod:SuddenClarity+1","mysticmod:HeavyStrike+1","mysticmod:Daze+1","mysticmod:Momentum+1","mysticmod:Flurry+1","mysticmod:MagicWeapon+1","mysticmod:Discipline+1","mysticmod:Dedication+10"],"relics":["mysticmod:SpellBook","testmod-TestBox","REME_ComplimentaryCards","testmod-Justice","NeowsBlessing","Toy Ornithopter","Ancient Tea Set","testmod-DeterminationOfClimber","Bottled Tornado","Tiny Chest","Vajra","Bottled Lightning","Sozu","Oddly Smooth Stone","Replay:Arrowhead","REME_HandOfSuture","Pantograph","Golden Egg"],"acts_visited":["Gensokyo:Gensokyo","TheCity","TheBeyond","TheEnding"],"potions_floor_usage":[55,55],"damage_taken":[{"damage":0.0,"enemies":"Gensokyo:Gryphon","floor":1.0,"turns":1.0},{"damage":0.0,"enemies":"Gensokyo:Python","floor":2.0,"turns":1.0},{"damage":0.0,"enemies":"Gensokyo:3_Fairies","floor":4.0,"turns":1.0},{"damage":26.0,"enemies":"Gensokyo:Aya","floor":6.0,"turns":10.0},{"damage":3.0,"enemies":"Gensokyo:CorruptedTreant","floor":8.0,"turns":5.0},{"damage":0.0,"enemies":"Gensokyo:3_Kodama","floor":11.0,"turns":4.0},{"damage":0.0,"enemies":"Gensokyo:Kitsune","floor":12.0,"turns":2.0},{"damage":0.0,"enemies":"Gensokyo:2_Rabbits","floor":14.0,"turns":4.0},{"damage":31.0,"enemies":"Gensokyo:Yukari","floor":16.0,"turns":14.0},{"damage":10.0,"enemies":"2 Thieves","floor":18.0,"turns":3.0},{"damage":0.0,"enemies":"Chosen","floor":21.0,"turns":3.0},{"damage":0.0,"enemies":"Centurion and Healer","floor":24.0,"turns":4.0},{"damage":2.0,"enemies":"Slavers","floor":28.0,"turns":4.0},{"damage":0.0,"enemies":"Snake Plant","floor":29.0,"turns":1.0},{"damage":0.0,"enemies":"Book of Stabbing","floor":30.0,"turns":2.0},{"damage":0.0,"enemies":"3 Cultists","floor":31.0,"turns":7.0},{"damage":3.0,"enemies":"Champ","floor":33.0,"turns":3.0},{"damage":5.0,"enemies":"Orb Walker","floor":35.0,"turns":2.0},{"damage":7.0,"enemies":"3 Darklings","floor":36.0,"turns":5.0},{"damage":13.0,"enemies":"Maw","floor":38.0,"turns":4.0},{"damage":13.0,"enemies":"4 Shapes","floor":39.0,"turns":4.0},{"damage":0.0,"enemies":"2 Orb Walkers","floor":41.0,"turns":2.0},{"damage":0.0,"enemies":"Reptomancer","floor":45.0,"turns":1.0},{"damage":1.0,"enemies":"Jaw Worm Horde","floor":46.0,"turns":4.0},{"damage":32.0,"enemies":"Nemesis","floor":48.0,"turns":4.0},{"damage":0.0,"enemies":"Donu and Deca","floor":50.0,"turns":3.0},{"damage":0.0,"enemies":"Shield and Spear","floor":54.0,"turns":2.0},{"damage":57,"enemies":"The Heart","floor":55,"turns":5}],"seed_played":"-1859607616604230824","potions_obtained":[{"floor":1.0,"key":"Dexterity Potion"},{"floor":4.0,"key":"Weak Potion"},{"floor":6.0,"key":"Block Potion"},{"floor":8.0,"key":"Swift Potion"},{"floor":14.0,"key":"Block Potion"},{"floor":21.0,"key":"SkillPotion"},{"floor":29.0,"key":"Elixir"}],"is_trial":false,"path_per_floor":["M","M","?","M","$","E","R","M","T","R","M","M","R","M","R","B",null,"M","?","?","M","$","R","M","R","T","R","E","M","E","M","R","B",null,"M","M","$","M","M","R","?","R","T","R","E","M","R","E","R","B",null,"R","$","E","B",null],"character_chosen":"MYSTIC_CLASS","items_purchased":["Bottled Tornado","mysticmod:Dedication","Oddly Smooth Stone"],"campfire_rested":0,"item_purchase_floors":[22,37,37],"current_hp_per_floor":[77,77,77,77,77,51,51,48,48,48,48,53,53,53,53,27,77,72,72,72,76,76,76,77,77,77,77,76,77,77,77,77,75,77,73,72,72,63,54,54,58,58,58,58,62,68,68,46,46,77,77,77,77,77,27],"gold":168,"neow_bonus":"THREE_ENEMY_KILL","is_daily":false,"chose_seed":false,"campfire_upgraded":18,"win_rate":0.0,"timestamp":1609659732,"path_taken":["M","M","?","?","$","E","R","M","T","R","M","M","R","M","R","BOSS","M","?","?","M","?","R","?","R","T","R","E","M","E","M","R","BOSS","M","M","$","M","M","R","?","R","T","R","E","M","R","E","R","BOSS","R","$","E","BOSS"],"items_purchased_type":["Relic","Card","Relic"],"build_version":"2020-12-22","purchased_purges":3,"victory":true,"max_hp_per_floor":[77,77,77,77,77,77,77,77,77,77,77,77,77,77,77,77,77,77,77,77,77,77,77,77,77,77,77,77,77,77,77,77,77,77,77,77,77,77,77,77,77,77,77,77,77,77,77,77,77,77,77,77,77,77,77],"card_choices":[{"not_picked":["mysticmod:Grapple","mysticmod:Alacrity"],"picked":"mysticmod:MightyMagic","floor":1.0},{"not_picked":["mysticmod:MagicWeapon","mysticmod:RapidCaster"],"picked":"mysticmod:SuddenClarity","floor":2.0},{"not_picked":["mysticmod:ComboCaster","mysticmod:PreparedCaster","mysticmod:BladedDash"],"picked":"SKIP","floor":4.0},{"not_picked":["mysticmod:HeavyStrike","mysticmod:Spellstrike"],"picked":"mysticmod:Daze","floor":6.0},{"not_picked":["mysticmod:SuddenClarity","mysticmod:EarthenWall","mysticmod:Riposte"],"picked":"SKIP","floor":8.0},{"not_picked":["mysticmod:Daze","mysticmod:GreaterInvisibility","mysticmod:HeavyStrike"],"picked":"SKIP","floor":11.0},{"not_picked":["mysticmod:Daze","mysticmod:GreaterInvisibility","mysticmod:HeavyStrike"],"picked":"SKIP","floor":11.0},{"not_picked":["mysticmod:Sideswipe","mysticmod:FloatingDisk","mysticmod:LightningBolt"],"picked":"SKIP","floor":12.0},{"not_picked":["mysticmod:SummonFamiliar","mysticmod:DiviningBlow","mysticmod:Sideswipe"],"picked":"SKIP","floor":14.0},{"not_picked":["mysticmod:Doublecast","mysticmod:EnchantedMoulinet"],"picked":"mysticmod:Momentum","floor":16.0},{"not_picked":["mysticmod:KeenEdge","mysticmod:EbbAndFlow","mysticmod:TomeOfSpells"],"picked":"SKIP","floor":18.0},{"not_picked":["mysticmod:RapidCaster","mysticmod:Stoneskin","mysticmod:PureInstinct+1"],"picked":"SKIP","floor":21.0},{"not_picked":["mysticmod:LightningBolt","mysticmod:Snowball","mysticmod:ComponentsPouch"],"picked":"SKIP","floor":24.0},{"not_picked":["mysticmod:Daze+1","mysticmod:Disintegrate"],"picked":"mysticmod:MagicWeapon+1","floor":28.0},{"not_picked":["mysticmod:PureInstinct","mysticmod:ComponentsPouch+1","mysticmod:ComboCaster+1"],"picked":"SKIP","floor":29.0},{"not_picked":["mysticmod:Daze","mysticmod:PowerSlash","mysticmod:ClosingBarrage"],"picked":"SKIP","floor":30.0},{"not_picked":["mysticmod:Daze","mysticmod:CureLightWounds","mysticmod:PureInstinct"],"picked":"SKIP","floor":31.0},{"not_picked":["mysticmod:ClosingBarrage","mysticmod:SpellRecall"],"picked":"mysticmod:Discipline","floor":33.0},{"not_picked":["mysticmod:Snowball","mysticmod:Grease+1","mysticmod:PowerSlash"],"picked":"SKIP","floor":35.0},{"not_picked":["mysticmod:VorpalThrust","mysticmod:TomeOfSpells","mysticmod:Riposte"],"picked":"SKIP","floor":36.0},{"not_picked":["mysticmod:Disengage","mysticmod:Shield","mysticmod:SuddenClarity"],"picked":"SKIP","floor":38.0},{"not_picked":["mysticmod:ChargedParry","mysticmod:Stoneskin","mysticmod:Riposte+1"],"picked":"SKIP","floor":39.0},{"not_picked":["mysticmod:EarthenWall+1","mysticmod:IllusionOfCalm+1","mysticmod:ComponentsPouch+1"],"picked":"SKIP","floor":45.0},{"not_picked":["mysticmod:VorpalThrust+1","mysticmod:SpellCombat","mysticmod:EnergizedRift+1"],"picked":"SKIP","floor":46.0},{"not_picked":["mysticmod:PowerSlash+1","mysticmod:Snowball","mysticmod:Riposte"],"picked":"SKIP","floor":48.0},{"not_picked":["mysticmod:LightningBolt+1","mysticmod:BladeMaster+1","mysticmod:HeavyStrike+1"],"picked":"SKIP","floor":54.0}],"player_experience":115937,"relics_obtained":[{"floor":6.0,"key":"Toy Ornithopter"},{"floor":9.0,"key":"Ancient Tea Set"},{"floor":26.0,"key":"Tiny Chest"},{"floor":28.0,"key":"Vajra"},{"floor":30.0,"key":"Bottled Lightning"},{"floor":41.0,"key":"Replay:Arrowhead"},{"floor":45.0,"key":"REME_HandOfSuture"},{"floor":48.0,"key":"Pantograph"},{"floor":54.0,"key":"Golden Egg"}],"event_choices":[{"cards_removed":["mysticmod:Strike_Mystic"],"damage_healed":0.0,"max_hp_gain":0.0,"max_hp_loss":0.0,"gold_gain":0.0,"event_name":"Back to Basics","player_choice":"Elegance","floor":19.0,"gold_loss":0.0,"damage_taken":0.0},{"damage_healed":0.0,"max_hp_gain":0.0,"max_hp_loss":0.0,"gold_gain":0.0,"event_name":"The Library","player_choice":"Read","floor":20.0,"gold_loss":0.0,"damage_taken":0.0,"cards_obtained":["mysticmod:Flurry"]},{"damage_healed":0.0,"max_hp_gain":0.0,"max_hp_loss":0.0,"gold_gain":0.0,"event_name":"Mysterious Sphere","player_choice":"Fight","floor":41.0,"gold_loss":0.0,"damage_taken":0.0}],"is_beta":false,"boss_relics":[{"not_picked":["Replay:Wanted Poster","Busted Crown"],"picked":"testmod-DeterminationOfClimber"},{"not_picked":["Empty Cage","Replay:Drink Me"],"picked":"Sozu"}],"items_purged_floors":[5,37,53],"is_endless":false,"potions_floor_spawned":[1,4,6,8,14,21,29,30,33,36,41,48,54],"ascension_level":0}}