{"host":"sefvftc5g87x47w2","time":1609639120,"event":{"mods":["AchievementEnabler","BaseMod","Colored Map","Colored Powertips","DeckTracker","Minty Spire (QoL Compilation)","Quick Restart","Rare Cards Sparkle","StSLib","everything is the same but u backflip on backflip"],"gold_per_floor":[119,138,63,75,91,118,118,118,143,157,175,186,247,147,147,147,147],"floor_reached":16,"playtime":2370,"items_purged":["Strike_B","Strike_B"],"score":104,"play_id":"2d1bb816-097f-4e96-9ece-527b3de13163","local_time":"20210103105840","is_ascension_mode":false,"campfire_choices":[{"floor":7,"key":"REST"},{"floor":15,"key":"REST"}],"circlet_count":0,"master_deck":["Strike_B","Strike_B","Defend_B","Defend_B","Defend_B","Defend_B","Zap","Dualcast","Redo","Darkness","Capacitor","Cold Snap","Gash","FTL","Storm","Gash","Stack","Fusion"],"relics":["Cracked Core","Omamori","Tiny Chest","Lantern"],"acts_visited":["Exordium"],"potions_floor_usage":[11,13],"damage_taken":[{"damage":8,"enemies":"2 Louse","floor":1,"turns":2},{"damage":1,"enemies":"Cultist","floor":2,"turns":4},{"damage":3,"enemies":"Jaw Worm","floor":4,"turns":3},{"damage":3,"enemies":"Looter","floor":5,"turns":4},{"damage":44,"enemies":"Gremlin Nob","floor":6,"turns":5},{"damage":9,"enemies":"3 Louse","floor":10,"turns":3},{"damage":7,"enemies":"Large Slime","floor":11,"turns":5},{"damage":0,"enemies":"Blue Slaver","floor":12,"turns":4},{"damage":15,"enemies":"3 Sentries","floor":13,"turns":7},{"damage":29,"enemies":"Slime Boss","floor":16,"turns":5}],"seed_played":"-4514436537313476891","potions_obtained":[{"floor":4,"key":"BlessingOfTheForge"},{"floor":5,"key":"SpeedPotion"},{"floor":12,"key":"LiquidMemories"},{"floor":13,"key":"SpeedPotion"}],"is_trial":false,"path_per_floor":["M","M","$","M","M","E","R","?","T","M","M","M","?","$","R","B"],"character_chosen":"DEFECT","items_purchased":[],"campfire_rested":2,"item_purchase_floors":[],"current_hp_per_floor":[67,66,66,63,60,16,38,38,38,29,22,22,7,7,29,0,0],"gold":147,"neow_bonus":"THREE_CARDS","is_daily":false,"chose_seed":false,"campfire_upgraded":0,"win_rate":0.0,"timestamp":1609639120,"path_taken":["M","M","$","M","M","E","R","?","T","?","M","M","?","$","R","BOSS"],"items_purchased_type":[],"build_version":"2020-12-22","purchased_purges":2,"victory":false,"max_hp_per_floor":[75,75,75,75,75,75,75,75,75,75,75,75,75,75,75,75,75],"card_choices":[{"not_picked":["Compile Driver","Streamline"],"picked":"Redo","floor":0},{"not_picked":["Rebound","Reprogram"],"picked":"Darkness","floor":1},{"not_picked":["Force Field","Ball Lightning"],"picked":"Capacitor","floor":2},{"not_picked":["Hello World","Barrage"],"picked":"Cold Snap","floor":4},{"not_picked":["Rebound","Barrage"],"picked":"Gash","floor":5},{"not_picked":["Barrage","Leap"],"picked":"FTL","floor":6},{"not_picked":["Cold Snap","Redo"],"picked":"Storm","floor":10},{"not_picked":["Streamline","Scrape"],"picked":"Gash","floor":11},{"not_picked":["Steam","Compile Driver"],"picked":"Stack","floor":12},{"not_picked":["FTL","Buffer"],"picked":"Fusion","floor":13}],"player_experience":70946,"relics_obtained":[{"floor":6,"key":"Omamori"},{"floor":9,"key":"Tiny Chest"}],"event_choices":[{"damage_healed":0,"gold_gain":0,"player_choice":"Ignored","damage_taken":0,"max_hp_gain":0,"max_hp_loss":0,"event_name":"NoteForYourself","floor":8,"gold_loss":0},{"damage_healed":0,"gold_gain":0,"player_choice":"Searched \u00272\u0027 times","damage_taken":0,"relics_obtained":["Lantern"],"max_hp_gain":0,"max_hp_loss":0,"event_name":"Dead Adventurer","floor":13,"gold_loss":0}],"is_beta":false,"boss_relics":[],"items_purged_floors":[3,14],"is_endless":false,"potions_floor_spawned":[4,5,12,13],"killed_by":"Slime Boss","ascension_level":0}}