{"host":"cdnletu4ypo40ld3","time":1609664169,"event":{"mods":["BaseMod","Colored Map","Downfall","Googly Eyes","Hermit","Highlight Path","Infinite Spire","Marisa????????","Minty Spire (QoL Compilation)","Rare Cards Sparkle","Replay The Spire","StSLib","The Animator","The Cursed","The Disciple","The Runesmith","The Servant 0.9.4"],"gold_per_floor":[116,116,116,134,101,101,101,41,41,69,69,87,117,131,131,234,234,253,266,284,303,320,320,320,320],"floor_reached":24,"playtime":2042,"items_purged":[],"score":233,"play_id":"e0bfaea3-c45a-4335-90a3-5b0721e9c3e7","local_time":"20210103155609","is_ascension_mode":false,"campfire_choices":[{"data":"TheCursedMod:CleanUpWorkshop","floor":7,"key":"SMITH"},{"floor":11,"key":"RECALL"},{"floor":15,"key":"REST"},{"floor":23,"key":"REST"}],"circlet_count":0,"master_deck":["TheCursedMod:Strike_TheCursed","TheCursedMod:Strike_TheCursed","TheCursedMod:Strike_TheCursed+1","TheCursedMod:Defend_TheCursed","TheCursedMod:Defend_TheCursed+1","TheCursedMod:Defend_TheCursed","TheCursedMod:CursedWand","TheCursedMod:CleanUpWorkshop+1","TheCursedMod:Dregs","TheCursedMod:HellfireBreathing+1","TheCursedMod:Obscuration","TheCursedMod:CircleOfCorruption+1","TheCursedMod:EmpowerCircles+1","TheCursedMod:CursedBlade","TheCursedMod:Stigma","TheCursedMod:CursedSpellbook","TheCursedMod:CircleOfFlame","TheCursedMod:DemonSword","TheCursedMod:RapidMovement+1","TheCursedMod:TroublousMinions","TheCursedMod:ReleasedKnowledge","TheCursedMod:CursedAmulet+1","TheCursedMod:StingEye"],"relics":["Chronometer","NeowsBlessing","infinitespire:Cubic Diamond","ReplayFunnel","Ginger","Ancient Tea Set","Empty Cage"],"acts_visited":["Exordium","TheCity"],"potions_floor_usage":[13,21,21,24],"damage_taken":[{"damage":0,"enemies":"Small Slimes","floor":1,"turns":1},{"damage":0,"enemies":"2 Louse","floor":4,"turns":1},{"damage":0,"enemies":"Lagavulin","floor":10,"turns":1},{"damage":0,"enemies":"Jaw Worm","floor":12,"turns":4},{"damage":33,"enemies":"Gremlin Nob","floor":13,"turns":5},{"damage":0,"enemies":"Blue Slaver","floor":14,"turns":3},{"damage":5,"enemies":"Fading Forest","floor":16,"turns":11},{"damage":29,"enemies":"Shell Parasite","floor":18,"turns":7},{"damage":2,"enemies":"3 Byrds","floor":19,"turns":5},{"damage":20,"enemies":"Snake Plant","floor":20,"turns":5},{"damage":14,"enemies":"3 Cultists","floor":21,"turns":5},{"damage":6,"enemies":"Snecko","floor":22,"turns":5},{"damage":33,"enemies":"Gremlin Leader","floor":24,"turns":7}],"seed_played":"5651218590460867710","potions_obtained":[{"floor":10,"key":"Energy Potion"},{"floor":13,"key":"LiquidMemories"},{"floor":18,"key":"PowerPotion"},{"floor":21,"key":"Block Potion"}],"is_trial":false,"path_per_floor":["M","?","?","M","$","?","R","$","T","E","R","M","E","M","R_BF","B",null,"M","M","M","M","M","R","E"],"character_chosen":"THE_CURSED","items_purchased":["TheCursedMod:CircleOfCorruption+1","TheCursedMod:EmpowerCircles+1"],"campfire_rested":2,"item_purchase_floors":[5,8],"current_hp_per_floor":[75,75,60,60,60,60,60,60,60,60,60,60,27,27,49,54,75,46,44,24,10,4,26,0,0],"gold":320,"neow_bonus":"THREE_ENEMY_KILL","is_daily":false,"chose_seed":false,"campfire_upgraded":1,"win_rate":0.0,"timestamp":1609664169,"path_taken":["M","?","?","M","$","?","R","?","T","E","R","M","E","M","R_BF","BOSS","M","M","M","?","M","R","E"],"items_purchased_type":["Card","Card"],"build_version":"2020-12-22","purchased_purges":0,"victory":false,"max_hp_per_floor":[75,75,75,75,75,75,75,75,75,75,75,75,75,75,75,75,75,75,75,75,75,75,75,75,75],"card_choices":[{"not_picked":["TheCursedMod:SpreadPlague","TheCursedMod:AbyssShockwave"],"picked":"TheCursedMod:HellfireBreathing","floor":1},{"not_picked":["TheCursedMod:CursedMace","TheCursedMod:VitalStrike"],"picked":"TheCursedMod:Obscuration","floor":4},{"not_picked":["TheCursedMod:CursedArmor","TheCursedMod:ReleasedStrength"],"picked":"TheCursedMod:CursedBlade","floor":10},{"not_picked":["TheCursedMod:EmpowerCircles","TheCursedMod:SmokeScreen"],"picked":"TheCursedMod:Stigma","floor":12},{"not_picked":["TheCursedMod:Obscuration","TheCursedMod:CircleOfFocus"],"picked":"TheCursedMod:CursedSpellbook","floor":13},{"not_picked":["TheCursedMod:SmokeScreen","TheCursedMod:DoubleShield"],"picked":"TheCursedMod:CircleOfFlame","floor":14},{"not_picked":["TheCursedMod:DarkBarrier","TheCursedMod:NeowsMight"],"picked":"TheCursedMod:DemonSword","floor":16},{"not_picked":["TheCursedMod:PrepareRite","TheCursedMod:Stretching"],"picked":"TheCursedMod:RapidMovement+1","floor":18},{"not_picked":["TheCursedMod:Obscuration","TheCursedMod:RapidMovement"],"picked":"TheCursedMod:TroublousMinions","floor":19},{"not_picked":["TheCursedMod:CursedShiv","TheCursedMod:Obscuration+1"],"picked":"TheCursedMod:ReleasedKnowledge","floor":20},{"not_picked":["TheCursedMod:EmpowerCircles+1","TheCursedMod:TacticalStrike"],"picked":"TheCursedMod:CursedAmulet+1","floor":21},{"not_picked":["TheCursedMod:SpreadPlague","TheCursedMod:Mangle"],"picked":"TheCursedMod:StingEye","floor":22}],"player_experience":175321,"relics_obtained":[{"floor":9,"key":"ReplayFunnel"},{"floor":10,"key":"Ginger"},{"floor":13,"key":"Ancient Tea Set"}],"event_choices":[{"damage_healed":0,"gold_gain":0,"player_choice":"Grow","damage_taken":0,"max_hp_gain":0,"max_hp_loss":0,"event_name":"Living Wall","floor":2,"gold_loss":0,"cards_upgraded":["TheCursedMod:HellfireBreathing"]},{"damage_healed":0,"gold_gain":0,"player_choice":"Entered Light","damage_taken":15,"max_hp_gain":0,"max_hp_loss":0,"event_name":"Shining Light","floor":3,"gold_loss":0,"cards_upgraded":["TheCursedMod:Defend_TheCursed","TheCursedMod:Strike_TheCursed"]}],"is_beta":false,"boss_relics":[{"not_picked":["ReplayTheSpireMod:SealedPack","Coffee Dripper"],"picked":"Empty Cage"}],"items_purged_floors":[],"is_endless":false,"potions_floor_spawned":[10,13,18,21],"killed_by":"Gremlin Leader","ascension_level":0}}