{"host":"2knyve8x3a5arpop","time":1609664762,"event":{"mods":["Abigail Mod","AchievementEnabler","Arknights The Spire","Ascension Reborn","BaseMod","BetterRewards","Colored Map","Colored Powertips","Conspire","Custom Start","Friendly Minions","Hermit","Hubris","Koishi","Lobotomy","Marisa£¨Ùöéë¡¡Øª×âÞÞ£©","Minty Spire (QoL Compilation)","Practice Mode","Quick Restart","RRrroohrrRGHHhhh!!","Replay The Spire","StSLib","Td1madao Mod","The Cursed","The Dragon Tamer","The Gatherer","The Hierophant","The Jungle","The Poker Player","The Runesmith"],"gold_per_floor":[113,123,219,219,237,237,251,262,262,273,243,243,243,243],"floor_reached":13,"playtime":743,"items_purged":[],"score":77,"play_id":"e31c158d-cd80-4d23-8a14-4bda6517ca01","local_time":"20210103180602","is_ascension_mode":true,"campfire_choices":[{"floor":6,"key":"RECALL"}],"circlet_count":0,"master_deck":["Strike_G","Strike_G","Strike_G","Strike_G","Strike_G","Defend_G","Defend_G","Defend_G","Defend_G","Defend_G","Survivor","Neutralize+1","PiercingWail","Footwork","rorgmod:Prepared","Deflect","Burst","Footwork","Noxious Fumes"],"relics":["Ring of the Snake","Juzu Bracelet","hubris:FunFungus","ClockworkSouvenir","hubris:FruitBowl"],"acts_visited":["Exordium"],"potions_floor_usage":[13],"damage_taken":[{"damage":0,"enemies":"conspire:RoseBush","floor":1,"turns":4},{"damage":0,"enemies":"Jaw Worm","floor":2,"turns":5},{"damage":1,"enemies":"Cultist","floor":5,"turns":6},{"damage":1,"enemies":"Looter","floor":7,"turns":3},{"damage":7,"enemies":"Gremlin Gang","floor":8,"turns":11},{"damage":9,"enemies":"Exordium Wildlife","floor":10,"turns":10},{"damage":0,"enemies":"Looter","floor":11,"turns":4},{"damage":8,"enemies":"Replay:BlueRogue","floor":13,"turns":2}],"seed_played":"-7796460359345756487","potions_obtained":[{"floor":2,"key":"Elixir"},{"floor":8,"key":"PowerPotion"}],"is_trial":false,"path_per_floor":["M","M","?","?","M","R","M","M","T","M","M","$","E"],"character_chosen":"THE_SILENT","items_purchased":["ClockworkSouvenir","hubris:FruitBowl"],"campfire_rested":0,"item_purchase_floors":[12,12],"current_hp_per_floor":[70,70,42,30,30,30,29,25,25,31,33,4,0,0],"gold":243,"neow_bonus":"RANDOM_EVENT","is_daily":false,"chose_seed":false,"campfire_upgraded":0,"win_rate":0.0,"timestamp":1609664762,"path_taken":["M","M","?","?","M","R","M","M","T","M","M","?","E"],"items_purchased_type":["Relic","Relic"],"build_version":"2020-12-22","purchased_purges":0,"victory":false,"max_hp_per_floor":[70,70,70,70,70,70,70,70,70,70,70,70,70,70],"card_choices":[{"not_picked":["Acrobatics","Backflip"],"picked":"PiercingWail","floor":1},{"not_picked":["Backstab","Blade Dance"],"picked":"Footwork","floor":2},{"not_picked":["Cloak And Dagger","Skewer"],"picked":"rorgmod:Prepared","floor":3},{"not_picked":["rorgmod:Reflex","Backstab"],"picked":"Deflect","floor":5},{"not_picked":["Fluid Movement","Acrobatics"],"picked":"Burst","floor":7},{"not_picked":["Backflip","Hidden Blade"],"picked":"Footwork","floor":8},{"not_picked":["conspire:DoublingDagger","Blade Dance"],"picked":"Noxious Fumes","floor":10},{"not_picked":["Blur","Masterful Stab","Predator"],"picked":"SKIP","floor":11}],"player_experience":477123,"relics_obtained":[{"floor":3,"key":"Juzu Bracelet"}],"event_choices":[{"damage_healed":0,"gold_gain":0,"player_choice":"Grow","damage_taken":0,"max_hp_gain":0,"max_hp_loss":0,"event_name":"Living Wall","floor":0,"gold_loss":0,"cards_upgraded":["Neutralize"]},{"damage_healed":0,"gold_gain":0,"player_choice":"Success","damage_taken":12,"relics_obtained":["hubris:FunFungus"],"max_hp_gain":0,"max_hp_loss":0,"event_name":"Scrap Ooze","floor":4,"gold_loss":0}],"is_beta":false,"boss_relics":[],"items_purged_floors":[],"is_endless":false,"potions_floor_spawned":[2,8],"killed_by":"Replay:BlueRogue","ascension_level":0}}