{"host":"40f49r155zsx8eqk","time":1609689716,"event":{"mods":["AchievementEnabler","Aspiration","BaseMod","Curses Come First","Dota2Spire","Evolution","Googly Eyes","Minty Spire (QoL Compilation)","Relic Sorter","Replay The Spire","StSLib","The Gatherer"],"gold_per_floor":[119,163,163,183,36,61,73,93,142,201,287,287,287,350,350,514,514,574,7,7,7,82,138,138,188,234,234,299,364,416,471,471,647,647,694,172,172,211,61,61,22,117,117,117,181,181,225,301,301,346],"floor_reached":51,"playtime":4394,"items_purged":["Vigilance","Gatherer:Defend_Gatherer"],"score":1115,"play_id":"49c9bca2-ce6d-46d5-bfb4-e09faa6a615f","local_time":"20210103190156","is_ascension_mode":true,"metric_token":800,"campfire_choices":[{"floor":12,"key":"DIG"},{"floor":15,"key":"DIG"},{"floor":24,"key":"REST"},{"floor":27,"key":"DIG"},{"floor":32,"key":"DIG"},{"floor":40,"key":"DIG"},{"floor":44,"key":"DIG"},{"floor":46,"key":"DIG"},{"floor":49,"key":"DIG"}],"circlet_count":0,"master_deck":["Gatherer:Strike_Gatherer","Gatherer:Strike_Gatherer","Gatherer:Strike_Gatherer+1","Gatherer:Strike_Gatherer","Gatherer:Strike_Gatherer","Gatherer:Defend_Gatherer","Gatherer:Defend_Gatherer","Gatherer:Defend_Gatherer","Gatherer:Defend_Gatherer","Gatherer:Centralize","Gatherer:FlowerWhip","Defend_B","Defend_B","Gatherer:SmartManeuver","Gatherer:QuickSynthesis","Gatherer:EnergyBasket","Gatherer:Enchant","Gatherer:BambuSword","Gatherer:CarefulStrike+1","Gatherer:FeelingFine","Gatherer:TreeGrowth","Gatherer:TacticalStrike","Gatherer:Shadow","Gatherer:Light","Gatherer:OddSpoils","Gatherer:BigPouch","Gatherer:BlackTea","Gatherer:Uplift","Gatherer:UpgradeBag","Gatherer:PotentialSlash","Gatherer:ScrollOfWall+1","Gatherer:WoolGloves","Gatherer:AcidicSpray+1","Gatherer:BlackTea","CurseOfTheBell","Gatherer:TacticalStrike","Pot Of Greed","Pot Of Greed","Pot Of Greed","Pot Of Greed","Gatherer:WitheringStrike","Gatherer:Snatch+1","Gatherer:AlchemyTrial","Gatherer:FragileHammer+1","Parasite","Gatherer:Snatch","Gatherer:Liquidism+1"],"relics":["Gatherer:MiracleBag","EVO:Axolotl","Ginger","HornCleat","Whetstone","Replay:Bandana","Shovel","Dota2Spire:EtherealBlade","Divine Protection","Onion Ring","Chemical X","Iron Hammer","White Beast Statue","Replay:Rubber Ducky","Bag of Marbles","Dota2Spire:BattleFury","Calling Bell","Dota2Spire:UrnOfShadows","Dota2Spire:CrimsonGuard","Dota2Spire:Satanic","Grinning Jar","Sling","Bronze Scales","Membership Card","Nunchaku","ReplayTheSpireMod:Shallot","Turnip","aspiration:HiddenCompartment","Toy Ornithopter","Dota2Spire:Dagon","Replay:WaspNest"],"acts_visited":["Exordium","TheCity","TheBeyond"],"potions_floor_usage":[6,11,16,16,22,23,25,25,30,33,33,38,42,45,47,48,50,50,50,50,50,50],"damage_taken":[{"damage":0,"enemies":"2 Louse","floor":1,"turns":3},{"damage":0,"enemies":"Jaw Worm","floor":4,"turns":4},{"damage":11,"enemies":"Gremlin Nob","floor":6,"turns":5},{"damage":2,"enemies":"Small Slimes","floor":7,"turns":2},{"damage":14,"enemies":"Red Slaver","floor":8,"turns":3},{"damage":8,"enemies":"Lots of Slimes","floor":10,"turns":4},{"damage":10,"enemies":"Lagavulin","floor":11,"turns":5},{"damage":0,"enemies":"Exordium Thugs","floor":14,"turns":4},{"damage":26,"enemies":"The Guardian","floor":16,"turns":9},{"damage":13,"enemies":"Shell Parasite","floor":18,"turns":4},{"damage":1,"enemies":"2 Thieves","floor":22,"turns":5},{"damage":30,"enemies":"Slavers","floor":23,"turns":9},{"damage":38,"enemies":"Gremlin Leader","floor":25,"turns":10},{"damage":0,"enemies":"3 Cultists","floor":28,"turns":6},{"damage":0,"enemies":"Centurion and Healer","floor":29,"turns":5},{"damage":0,"enemies":"Snake Plant","floor":30,"turns":5},{"damage":0,"enemies":"Cultist and Chosen","floor":31,"turns":7},{"damage":9,"enemies":"Automaton","floor":33,"turns":9},{"damage":0,"enemies":"Orb Walker","floor":35,"turns":1},{"damage":0,"enemies":"3 Darklings","floor":38,"turns":1},{"damage":46,"enemies":"Giant Head","floor":42,"turns":7},{"damage":26,"enemies":"Writhing Mass","floor":45,"turns":5},{"damage":3,"enemies":"4 Shapes","floor":47,"turns":3},{"damage":10,"enemies":"R_Hoarder","floor":48,"turns":7},{"damage":81,"enemies":"Donu and Deca","floor":50,"turns":8}],"seed_played":"-6749005147415983379","potions_obtained":[{"floor":1,"key":"SteroidPotion"},{"floor":4,"key":"SkillPotion"},{"floor":7,"key":"Energy Potion"},{"floor":14,"key":"LiquidBronze"},{"floor":22,"key":"PowerPotion"},{"floor":28,"key":"SkillPotion"},{"floor":29,"key":"PowerPotion"},{"floor":31,"key":"GhostInAJar"},{"floor":33,"key":"Cursed Concoction"},{"floor":35,"key":"BottledMiracle"},{"floor":38,"key":"FairyPotion"},{"floor":42,"key":"BlessingOfTheForge"},{"floor":45,"key":"FairyPotion"},{"floor":47,"key":"BottledMiracle"},{"floor":48,"key":"Dexterity Potion"}],"is_trial":false,"path_per_floor":["M","?","?","M","$","E","M","M","T","M","E","R","T","M","R","B",null,"M","$","?","?","M","E","R","E","T","R","M","M","M","M","R","B",null,"M","$","?","M","$","R","$","E","T","R","M","R","M","E","R","B",null],"character_chosen":"THE_GATHERER","items_purchased":["Gatherer:BambuSword","Gatherer:CarefulStrike","Chemical X","Iron Hammer","Gatherer:UpgradeBag","Grinning Jar","Sling","Bronze Scales","Gatherer:WitheringStrike","Membership Card","Gatherer:AlchemyTrial"],"campfire_rested":1,"item_purchase_floors":[5,5,19,19,19,36,36,36,36,39,41],"current_hp_per_floor":[65,65,72,72,72,61,59,45,45,37,27,27,27,27,27,1,54,41,41,41,41,40,10,31,21,21,21,21,21,21,21,21,12,57,57,57,72,72,72,72,72,26,26,26,21,21,28,23,23,44],"gold":346,"neow_bonus":"ONE_RARE_RELIC","is_daily":false,"chose_seed":false,"campfire_upgraded":0,"win_rate":0.0,"timestamp":1609689716,"path_taken":["M","?","?","?","?","E","M","M","T","?","E","R","?","M","R","BOSS","M","$","?","?","?","E","R","E","T","R","M","M","M","M","R","BOSS","M","$","?","?","$","R","?","E","T","R","?","R","M","E","R","BOSS"],"items_purchased_type":["Card","Card","Relic","Relic","Card","Relic","Relic","Relic","Card","Relic","Card"],"build_version":"2020-12-22","purchased_purges":2,"victory":true,"max_hp_per_floor":[72,72,72,72,72,72,72,72,72,72,72,72,72,72,72,72,72,72,72,72,72,72,72,72,72,72,72,72,72,72,72,72,72,72,72,72,72,72,72,72,72,72,72,72,72,72,77,77,77,77],"card_choices":[{"not_picked":["Gatherer:FlowerFalling","Gatherer:CarefulStrike"],"picked":"Gatherer:SmartManeuver","floor":1},{"not_picked":["Gatherer:CarefulStrike","Gatherer:BambuSword"],"picked":"Gatherer:QuickSynthesis","floor":2},{"not_picked":["Gatherer:RecipeChange","Gatherer:DrugPower"],"picked":"Gatherer:EnergyBasket","floor":2},{"not_picked":["Gatherer:CollectorsShot","Gatherer:SaveValuables"],"picked":"Gatherer:Enchant","floor":4},{"not_picked":["Gatherer:ScherryThrow","Gatherer:SaveValuables"],"picked":"Gatherer:FeelingFine","floor":6},{"not_picked":["Gatherer:SealedBomb","Gatherer:CursedBlade"],"picked":"Gatherer:TreeGrowth","floor":7},{"not_picked":["Gatherer:Transmute","Gatherer:CollectorsShot"],"picked":"Gatherer:TacticalStrike","floor":8},{"not_picked":["Gatherer:CarefulStrike","Gatherer:GatherMaterial"],"picked":"Gatherer:GlowingPlant","floor":10},{"not_picked":["Gatherer:GrowBook","Gatherer:FlowerPower"],"picked":"Gatherer:OddSpoils","floor":11},{"not_picked":["Gatherer:ScherryThrow","Gatherer:SaveValuables"],"picked":"Gatherer:BigPouch","floor":14},{"not_picked":["Gatherer:Overflowing","Gatherer:StoneFence"],"picked":"Gatherer:BlackTea","floor":16},{"not_picked":["Gatherer:ScherryThrow","Gatherer:Duality"],"picked":"Gatherer:Uplift","floor":18},{"not_picked":["Gatherer:SaveValuables+1","Gatherer:QuickSynthesis"],"picked":"Gatherer:PotentialSlash","floor":22},{"not_picked":["Gatherer:TreeGrowth","Gatherer:BomberForm"],"picked":"Gatherer:ScrollOfWall+1","floor":23},{"not_picked":["Gatherer:Enchant","Gatherer:TreeGrowth"],"picked":"Gatherer:WoolGloves","floor":28},{"not_picked":["Gatherer:WoolGloves+1","Gatherer:PotentialSlash","Gatherer:FlowerShield+1"],"picked":"SKIP","floor":29},{"not_picked":["Gatherer:FlowerFalling+1","Gatherer:WoolGloves","Gatherer:RecoveryHerb"],"picked":"SKIP","floor":30},{"not_picked":["Gatherer:BalancedGrowth","Gatherer:ScrollOfWall"],"picked":"Gatherer:AcidicSpray+1","floor":31},{"not_picked":["Gatherer:BomberForm","Gatherer:GrowBook"],"picked":"Gatherer:BlackTea","floor":33},{"not_picked":["Gatherer:GatherMaterial","Gatherer:FlowerFalling+1"],"picked":"Gatherer:TacticalStrike","floor":35},{"not_picked":["Gatherer:WoolGloves+1","Gatherer:Frenzy"],"picked":"Gatherer:Snatch+1","floor":38},{"not_picked":["Gatherer:Nutrients+1","Gatherer:ScrollOfWall+1"],"picked":"Gatherer:FragileHammer+1","floor":42},{"not_picked":["Gatherer:DrugPower+1","Gatherer:FruitForce"],"picked":"Gatherer:Snatch","floor":45},{"not_picked":["Gatherer:FragileHammer","Gatherer:DrugPower+1"],"picked":"Gatherer:Liquidism+1","floor":47},{"not_picked":["Gatherer:ScrollOfWall","Gatherer:BomberForm","Gatherer:StoneFence"],"picked":"SKIP","floor":48}],"player_experience":133300,"relics_obtained":[{"floor":2,"key":"HornCleat"},{"floor":6,"key":"Whetstone"},{"floor":9,"key":"Replay:Bandana"},{"floor":11,"key":"Shovel"},{"floor":12,"key":"Dota2Spire:EtherealBlade"},{"floor":13,"key":"Divine Protection"},{"floor":15,"key":"Onion Ring"},{"floor":23,"key":"White Beast Statue"},{"floor":26,"key":"Replay:Rubber Ducky"},{"floor":27,"key":"Bag of Marbles"},{"floor":32,"key":"Dota2Spire:BattleFury"},{"floor":34,"key":"Dota2Spire:UrnOfShadows"},{"floor":34,"key":"Dota2Spire:CrimsonGuard"},{"floor":34,"key":"Dota2Spire:Satanic"},{"floor":40,"key":"Nunchaku"},{"floor":42,"key":"ReplayTheSpireMod:Shallot"},{"floor":43,"key":"Turnip"},{"floor":44,"key":"aspiration:HiddenCompartment"},{"floor":46,"key":"Toy Ornithopter"},{"floor":48,"key":"Dota2Spire:Dagon"},{"floor":49,"key":"Replay:WaspNest"}],"event_choices":[{"damage_healed":7,"gold_gain":0,"player_choice":"Full Heal","damage_taken":0,"max_hp_gain":0,"max_hp_loss":0,"event_name":"Wheel of Change","floor":3,"gold_loss":0},{"damage_healed":0,"gold_gain":0,"player_choice":"0 cards matched","damage_taken":0,"max_hp_gain":0,"max_hp_loss":0,"event_name":"Match and Keep!","floor":21,"gold_loss":0,"cards_obtained":[]},{"cards_removed":["Gatherer:GlowingPlant"],"damage_healed":15,"gold_gain":0,"player_choice":"Offered Uncommon","damage_taken":0,"max_hp_gain":0,"max_hp_loss":0,"event_name":"Bonfire Elementals","floor":37,"gold_loss":0}],"is_beta":false,"boss_relics":[{"not_picked":["Abe\u0027s Treasure","Tiny House"],"picked":"Gatherer:MiracleBag"},{"not_picked":["Sozu","aspiration:RitualDagger"],"picked":"Calling Bell"}],"items_purged_floors":[5,19],"is_endless":false,"potions_floor_spawned":[1,4,7,14,22,25,28,29,30,31,33,35,38,42,45,47,48],"ascension_level":8}}