{"host":"6pgtslebjnyv5xmi","time":1609689332,"event":{"mods":["AchievementEnabler","BaseMod","Colored Map","Minty Spire (QoL Compilation)","Rare Cards Sparkle","StSLib","SuperFastMode","everything is the same but u backflip on backflip"],"gold_per_floor":[115,115,74,74,74,113,73,73,73,73,73,96,96,96,96,216,216,239,252,8,8,8,8,8,51,51,51,3,3,17,42,42,166,166,189,1,26,0,21,54,54,354,354,390,415,429,452,452,452,452],"floor_reached":51,"playtime":1750,"items_purged":[],"score":1216,"play_id":"fdf8a985-7c43-4b4f-b1ef-63b2fb595292","local_time":"20210104005532","is_ascension_mode":true,"campfire_choices":[{"data":"Infinite Blades","floor":8.0,"key":"SMITH"},{"data":"Accuracy","floor":10.0,"key":"SMITH"},{"data":"Blade Dance","floor":13.0,"key":"SMITH"},{"data":"Wraith Form v2","floor":15.0,"key":"SMITH"},{"data":"Phantasmal Killer","floor":23.0,"key":"SMITH"},{"floor":27.0,"key":"REST"},{"data":"Cloak And Dagger","floor":29.0,"key":"SMITH"},{"floor":32,"key":"REST"},{"data":"Apotheosis","floor":41,"key":"SMITH"},{"floor":49,"key":"REST"}],"circlet_count":0,"master_deck":["AscendersBane","Strike_G","Strike_G","Strike_G+1","Strike_G","Defend_G","Defend_G","Defend_G","Defend_G+1","Defend_G","Survivor","Neutralize","Blade Dance+1","Accuracy+1","Wraith Form v2+1","Infinite Blades+1","Phantasmal Killer+1","Accuracy","Infinite Blades","Cloak And Dagger+1","Bullet Time","Blade Dance+1","Apotheosis+1","Blade Dance+1"],"relics":["Ring of the Serpent","NeowsBlessing","Golden Idol","Blood Vial","Thread and Needle","Ornamental Fan","Happy Flower","Sundial","Runic Dome","Red Mask","Pocketwatch","Letter Opener","Mummified Hand"],"acts_visited":["Exordium","TheCity","TheBeyond"],"potions_floor_usage":[40,40,44,47,50],"damage_taken":[{"damage":0.0,"enemies":"Small Slimes","floor":1.0,"turns":1.0},{"damage":0.0,"enemies":"3 Sentries","floor":6.0,"turns":1.0},{"damage":0.0,"enemies":"Jaw Worm","floor":12.0,"turns":1.0},{"damage":34.0,"enemies":"Hexaghost","floor":16.0,"turns":8.0},{"damage":10.0,"enemies":"3 Byrds","floor":18.0,"turns":4.0},{"damage":26.0,"enemies":"2 Thieves","floor":19.0,"turns":4.0},{"damage":21.0,"enemies":"Slavers","floor":25.0,"turns":6.0},{"damage":8,"enemies":"Snake Plant","floor":30,"turns":6},{"damage":21,"enemies":"Cultist and Chosen","floor":31,"turns":5},{"damage":27,"enemies":"Collector","floor":33,"turns":7},{"damage":9,"enemies":"3 Shapes","floor":35,"turns":5},{"damage":0,"enemies":"Orb Walker","floor":37,"turns":2},{"damage":0,"enemies":"3 Darklings","floor":39,"turns":4},{"damage":0,"enemies":"Nemesis","floor":40,"turns":5},{"damage":0,"enemies":"Reptomancer","floor":44,"turns":4},{"damage":4,"enemies":"Jaw Worm Horde","floor":45,"turns":3},{"damage":0,"enemies":"Maw","floor":46,"turns":5},{"damage":0,"enemies":"3 Darklings","floor":47,"turns":4},{"damage":42,"enemies":"Time Eater","floor":50,"turns":6}],"seed_played":"4913953740950818084","potions_obtained":[{"floor":14.0,"key":"Energy Potion"},{"floor":14.0,"key":"Fire Potion"},{"floor":14.0,"key":"FairyPotion"},{"floor":16.0,"key":"Poison Potion"},{"floor":19.0,"key":"LiquidBronze"},{"floor":33,"key":"Strength Potion"},{"floor":37,"key":"LiquidBronze"},{"floor":40,"key":"PowerPotion"},{"floor":45,"key":"Dexterity Potion"},{"floor":47,"key":"Swift Potion"}],"is_trial":false,"path_per_floor":["M","?","$","?","?","E","$","R","T","R","?","M","R","?","R","B",null,"M","M","$","?","?","R","?","E","T","R","$","R","M","M","R","B",null,"M","$","M","?","M","E","R","?","T","E","M","M","M","?","R","B",null],"character_chosen":"THE_SILENT","items_purchased":["Accuracy","Infinite Blades","Ornamental Fan","Cloak And Dagger","Apotheosis"],"campfire_rested":3,"item_purchase_floors":[3,7,20,28,36],"current_hp_per_floor":[63,49,49,49,65,65,65,65,65,65,65,65,65,65,65,31,57,49,25,25,25,25,25,25,6,6,25,25,25,19,19,38,13,52,45,45,47,47,49,51,51,51,51,53,51,53,55,55,65,23],"gold":452,"neow_bonus":"THREE_ENEMY_KILL","is_daily":false,"chose_seed":false,"campfire_upgraded":7,"win_rate":0.0,"timestamp":1609689332,"path_taken":["M","?","$","?","?","E","?","R","T","R","?","?","R","?","R","BOSS","M","?","$","?","?","R","?","E","T","R","?","R","M","M","R","BOSS","M","$","M","?","M","E","R","?","T","E","M","?","M","?","R","BOSS"],"items_purchased_type":["Card","Card","Relic","Card","Card"],"build_version":"2020-12-22","purchased_purges":0,"victory":true,"max_hp_per_floor":[70,70,70,65,65,65,65,65,65,65,65,65,65,65,65,65,65,65,65,65,65,65,65,65,65,65,65,65,65,65,65,65,65,65,65,65,65,65,65,65,65,65,65,65,65,65,65,65,65,65],"card_choices":[{"not_picked":["Outmaneuver","Slice"],"picked":"Blade Dance","floor":1.0},{"not_picked":["Blur","Reflex"],"picked":"Wraith Form v2","floor":6.0},{"not_picked":["Prepared","Dagger Throw","Escape Plan"],"picked":"SKIP","floor":12.0},{"not_picked":["Storm of Steel","Malaise"],"picked":"Phantasmal Killer","floor":16.0},{"not_picked":["Predator","Dagger Spray","Underhanded Strike+1"],"picked":"SKIP","floor":18.0},{"not_picked":["Predator+1","Escape Plan+1"],"picked":"Accuracy","floor":19.0},{"not_picked":["Endless Agony+1","Backflip","Crippling Poison"],"picked":"SKIP","floor":25.0},{"not_picked":["Distraction","Skewer","All Out Attack"],"picked":"SKIP","floor":30},{"not_picked":["Dagger Throw","Dagger Spray","Quick Slash"],"picked":"SKIP","floor":31},{"not_picked":["Grand Finale","Night Terror"],"picked":"Bullet Time","floor":33},{"not_picked":["PiercingWail","Deadly Poison"],"picked":"Blade Dance+1","floor":35},{"not_picked":["All Out Attack+1","Eviscerate+1","Poisoned Stab"],"picked":"SKIP","floor":37},{"not_picked":["Caltrops+1","Underhanded Strike","Unload"],"picked":"SKIP","floor":39},{"not_picked":["Backflip+1","PiercingWail"],"picked":"Blade Dance+1","floor":40},{"not_picked":["Acrobatics+1","Flying Knee+1","Unload"],"picked":"SKIP","floor":44},{"not_picked":["Flying Knee+1","Outmaneuver","Slice+1"],"picked":"SKIP","floor":45},{"not_picked":["Quick Slash+1","Cloak And Dagger","Outmaneuver"],"picked":"SKIP","floor":46},{"not_picked":["Outmaneuver","Bullet Time","Dodge and Roll"],"picked":"SKIP","floor":47}],"player_experience":683549,"relics_obtained":[{"floor":6.0,"key":"Blood Vial"},{"floor":9.0,"key":"Thread and Needle"},{"floor":25.0,"key":"Happy Flower"},{"floor":26.0,"key":"Sundial"},{"floor":40,"key":"Pocketwatch"},{"floor":43,"key":"Letter Opener"},{"floor":44,"key":"Mummified Hand"}],"event_choices":[{"damage_healed":0.0,"max_hp_gain":0.0,"max_hp_loss":0.0,"gold_gain":0.0,"event_name":"Shining Light","player_choice":"Entered Light","floor":2.0,"gold_loss":0.0,"damage_taken":14.0,"cards_upgraded":["Defend_G","Strike_G"]},{"damage_healed":0.0,"max_hp_gain":0.0,"max_hp_loss":5.0,"gold_gain":0.0,"event_name":"Golden Idol","player_choice":"Lose Max HP","floor":4.0,"gold_loss":0.0,"damage_taken":0.0,"relics_obtained":["Golden Idol"]},{"damage_healed":21.0,"max_hp_gain":0.0,"max_hp_loss":0.0,"gold_gain":0.0,"event_name":"Big Fish","player_choice":"Banana","floor":5.0,"gold_loss":0.0,"damage_taken":0.0},{"damage_healed":0.0,"max_hp_gain":0.0,"max_hp_loss":0.0,"gold_gain":0.0,"event_name":"The Woman in Blue","player_choice":"Bought 0 Potions","floor":11.0,"gold_loss":0.0,"damage_taken":0.0},{"damage_healed":0.0,"max_hp_gain":0.0,"max_hp_loss":0.0,"gold_gain":0.0,"event_name":"Lab","player_choice":"Got Potions","floor":14.0,"gold_loss":0.0,"damage_taken":0.0},{"cards_removed":["Strike_G"],"damage_healed":0.0,"max_hp_gain":0.0,"max_hp_loss":0.0,"gold_gain":0.0,"event_name":"Back to Basics","player_choice":"Elegance","floor":21.0,"gold_loss":0.0,"damage_taken":0.0},{"damage_healed":0.0,"max_hp_gain":0.0,"max_hp_loss":0.0,"gold_gain":0.0,"event_name":"Vampires","player_choice":"Ignored","floor":22.0,"gold_loss":0.0,"damage_taken":0.0},{"damage_healed":0.0,"max_hp_gain":0.0,"max_hp_loss":0.0,"gold_gain":0.0,"event_name":"The Library","player_choice":"Read","floor":24.0,"gold_loss":0.0,"damage_taken":0.0,"cards_obtained":["Infinite Blades"]},{"damage_healed":0,"gold_gain":0,"player_choice":"Paid","damage_taken":0,"relics_obtained":["Red Mask"],"max_hp_gain":0,"max_hp_loss":0,"event_name":"Tomb of Lord Red Mask","floor":38,"gold_loss":26},{"damage_healed":0,"gold_gain":300,"player_choice":"Gold","damage_taken":0,"max_hp_gain":0,"max_hp_loss":0,"event_name":"Wheel of Change","floor":42,"gold_loss":0},{"damage_healed":0,"gold_gain":0,"player_choice":"Ignored","damage_taken":0,"max_hp_gain":0,"max_hp_loss":0,"event_name":"SecretPortal","floor":48,"gold_loss":0}],"is_beta":false,"boss_relics":[{"not_picked":["SlaversCollar","Ectoplasm"],"picked":"Ring of the Serpent"},{"not_picked":["Philosopher\u0027s Stone","Fusion Hammer"],"picked":"Runic Dome"}],"items_purged_floors":[],"is_endless":false,"potions_floor_spawned":[16,19,33,37,40,45,47],"ascension_level":10}}