{"host":"9ndbo4kgsfoemf7y","time":1609654919,"event":{"mods":["AchievementEnabler","BaseMod","Colored Map","DeckTracker","Keyboard Shortcuts","Minty Spire (QoL Compilation)","Permanent Neow","Quick Restart","Relic Stats","StSLib","SuperFastMode"],"gold_per_floor":[110,110,126,144,163,163,181,191,191,220,239,257,292,16,16,16,16],"floor_reached":16,"playtime":518,"items_purged":["Defend_R"],"score":232,"play_id":"39d13182-bfd6-48b3-87d1-9686963c4e9e","local_time":"20210103152159","is_ascension_mode":true,"campfire_choices":[{"data":"Cleave","floor":6.0,"key":"SMITH"},{"floor":15.0,"key":"REST"}],"circlet_count":0,"master_deck":["AscendersBane","Strike_R","Strike_R","Strike_R","Strike_R","Defend_R","Defend_R","Defend_R","Bash","Brutality","Evolve","Shockwave","Cleave+1","Perfected Strike","Wild Strike","Perfected Strike","Inflame","Entrench","Corruption","Impervious"],"relics":["Burning Blood","Letter Opener","Anchor","The Courier","Membership Card"],"acts_visited":["Exordium"],"potions_floor_usage":[],"damage_taken":[{"damage":14.0,"enemies":"Jaw Worm","floor":1.0,"turns":4.0},{"damage":1.0,"enemies":"Cultist","floor":3.0,"turns":3.0},{"damage":10.0,"enemies":"2 Louse","floor":4.0,"turns":5.0},{"damage":16.0,"enemies":"Looter","floor":5.0,"turns":4.0},{"damage":4.0,"enemies":"Exordium Thugs","floor":7.0,"turns":3.0},{"damage":17.0,"enemies":"Large Slime","floor":8.0,"turns":6.0},{"damage":32.0,"enemies":"Gremlin Nob","floor":10.0,"turns":4.0},{"damage":2.0,"enemies":"3 Louse","floor":11.0,"turns":2.0},{"damage":1.0,"enemies":"2 Fungi Beasts","floor":12.0,"turns":4.0},{"damage":23.0,"enemies":"3 Sentries","floor":13.0,"turns":5.0},{"damage":33,"enemies":"Hexaghost","floor":16,"turns":7}],"seed_played":"-4775317460925358020","potions_obtained":[{"floor":1.0,"key":"FearPotion"},{"floor":5.0,"key":"Weak Potion"},{"floor":7.0,"key":"SkillPotion"},{"floor":13.0,"key":"GamblersBrew"}],"is_trial":false,"path_per_floor":["M","?","M","M","M","R","M","M","T","E","M","M","E","$","R","B"],"character_chosen":"IRONCLAD","items_purchased":["Membership Card","Corruption","Impervious"],"campfire_rested":1,"item_purchase_floors":[14,14,14],"current_hp_per_floor":[60,60,65,61,51,51,53,42,42,16,20,25,8,8,30,0,0],"gold":16,"neow_bonus":"ONE_RANDOM_RARE_CARD","is_daily":false,"chose_seed":false,"campfire_upgraded":1,"win_rate":0.0,"timestamp":1609654919,"path_taken":["M","?","M","M","M","R","M","?","T","E","M","M","E","$","R","BOSS"],"items_purchased_type":["Relic","Card","Card"],"build_version":"2020-12-22","purchased_purges":1,"victory":false,"max_hp_per_floor":[75,75,75,75,75,75,75,75,75,75,75,75,75,75,75,75,75],"relic_stats":{"counters":[11,47],"Letter Opener":[0],"obtain_stats":[{"Anchor":10,"The Courier":13,"Letter Opener":9,"Membership Card":14,"Burning Blood":0},{"Anchor":7,"The Courier":10,"Letter Opener":6,"Membership Card":10,"Burning Blood":0},{"Anchor":29,"The Courier":40,"Letter Opener":25,"Membership Card":40,"Burning Blood":0}],"Burning Blood":60},"card_choices":[{"not_picked":["Wild Strike","Disarm"],"picked":"Evolve","floor":1.0},{"not_picked":["Seeing Red","Flex"],"picked":"Shockwave","floor":3.0},{"not_picked":["Havoc","Warcry"],"picked":"Cleave","floor":4.0},{"not_picked":["Clothesline","Warcry","True Grit"],"picked":"SKIP","floor":5.0},{"not_picked":["Twin Strike","Searing Blow"],"picked":"Perfected Strike","floor":7.0},{"not_picked":["Pummel","Burning Pact"],"picked":"Wild Strike","floor":8.0},{"not_picked":["Bloodletting","Havoc"],"picked":"Perfected Strike","floor":10.0},{"not_picked":["Uppercut","Shrug It Off"],"picked":"Inflame","floor":11.0},{"not_picked":["Sever Soul","Armaments"],"picked":"Entrench","floor":12.0},{"not_picked":["Shockwave","Combust","Carnage"],"picked":"SKIP","floor":13.0}],"player_experience":769391,"relics_obtained":[{"floor":9.0,"key":"Letter Opener"},{"floor":10.0,"key":"Anchor"},{"floor":13.0,"key":"The Courier"}],"event_choices":[{"cards_removed":["Strike_R"],"damage_healed":0.0,"max_hp_gain":0.0,"max_hp_loss":0.0,"gold_gain":0.0,"event_name":"Purifier","player_choice":"Purged","floor":2.0,"gold_loss":0.0,"damage_taken":0.0}],"is_beta":false,"boss_relics":[],"items_purged_floors":[14],"is_endless":false,"potions_floor_spawned":[1,5,7,8,13],"killed_by":"Hexaghost","ascension_level":20}}