{"host":"lxgv1wbl12oya7hr","time":1609644040,"event":{"mods":["BaseMod","Minty Spire (QoL Compilation)","Permanent Neow","StSLib"],"gold_per_floor":[109,59,74,91,19,48,48,77,146,146,146,166,166,91,91,221,221,242,267,281,305,61,61,61],"floor_reached":23,"playtime":2776,"items_purged":["Strike_R","Strike_R"],"score":264,"play_id":"c315bd02-868e-4e0c-9e51-e237398074c5","local_time":"20210102192040","is_ascension_mode":true,"campfire_choices":[{"data":"Searing Blow","floor":11,"key":"SMITH"},{"data":"Searing Blow+1","floor":13,"key":"SMITH"},{"data":"Searing Blow+2","floor":15,"key":"SMITH"}],"circlet_count":0,"master_deck":["Strike_R","Defend_R","Defend_R","Defend_R","Bash","Pommel Strike","Iron Wave","Twin Strike","Bludgeon","Disarm","Searing Blow+3","Double Tap","Flex"],"relics":["Empty Cage","Champion Belt","Red Skull","Golden Idol","SlaversCollar","Medical Kit"],"acts_visited":["Exordium","TheCity"],"potions_floor_usage":[6,16,21,21],"damage_taken":[{"damage":6,"enemies":"Jaw Worm","floor":1,"turns":5},{"damage":7,"enemies":"Small Slimes","floor":3,"turns":3},{"damage":1,"enemies":"2 Louse","floor":4,"turns":2},{"damage":9,"enemies":"3 Sentries","floor":6,"turns":4},{"damage":32,"enemies":"Lagavulin","floor":8,"turns":6},{"damage":0,"enemies":"Looter","floor":12,"turns":2},{"damage":0,"enemies":"Slime Boss","floor":16,"turns":7},{"damage":6,"enemies":"3 Byrds","floor":18,"turns":7},{"damage":42,"enemies":"Shell Parasite","floor":19,"turns":7},{"damage":0,"enemies":"Centurion and Healer","floor":20,"turns":5},{"damage":3,"enemies":"Chosen and Byrds","floor":21,"turns":5},{"damage":35,"enemies":"Slavers","floor":23,"turns":3}],"seed_played":"-1604503649482520079","potions_obtained":[{"floor":3,"key":"ColorlessPotion"},{"floor":12,"key":"Block Potion"},{"floor":16,"key":"GamblersBrew"},{"floor":19,"key":"AttackPotion"}],"is_trial":false,"path_per_floor":["M","?","M","M","$","E","?","E","T","?","R","M","R","$","R","B",null,"M","M","M","M","$","E"],"character_chosen":"IRONCLAD","items_purchased":["Bludgeon","Medical Kit"],"campfire_rested":0,"item_purchase_floors":[5,22],"current_hp_per_floor":[74,74,67,66,66,57,62,30,30,30,30,30,30,30,30,30,79,73,31,31,28,28,0,0],"gold":61,"neow_bonus":"BOSS_RELIC","is_daily":false,"chose_seed":false,"campfire_upgraded":3,"win_rate":0.0,"timestamp":1609644040,"path_taken":["M","?","M","M","$","E","?","E","T","?","R","M","R","$","R","BOSS","M","M","M","M","$","E"],"items_purchased_type":["Card","Relic"],"build_version":"2020-12-22","purchased_purges":2,"victory":false,"max_hp_per_floor":[80,80,80,80,80,80,85,85,85,79,79,79,79,79,79,79,79,79,79,79,79,79,79,79],"card_choices":[{"not_picked":["True Grit","Clash"],"picked":"Pommel Strike","floor":1},{"not_picked":["Pommel Strike","Spot Weakness"],"picked":"Iron Wave","floor":3},{"not_picked":["Sword Boomerang","Clothesline"],"picked":"Twin Strike","floor":4},{"not_picked":["Combust","Offering"],"picked":"Disarm","floor":6},{"not_picked":["Pommel Strike","Headbutt"],"picked":"Searing Blow","floor":8},{"not_picked":["Intimidate","Iron Wave","Wild Strike"],"picked":"SKIP","floor":12},{"not_picked":["Corruption","Berserk"],"picked":"Double Tap","floor":16},{"not_picked":["Flame Barrier","Carnage+1","Sentinel"],"picked":"SKIP","floor":18},{"not_picked":["Bloodletting","Cleave"],"picked":"Flex","floor":19},{"not_picked":["Heavy Blade","Armaments","True Grit"],"picked":"SKIP","floor":20},{"not_picked":["Anger+1","Clothesline","Feel No Pain"],"picked":"SKIP","floor":21}],"player_experience":2231293,"relics_obtained":[{"floor":6,"key":"Champion Belt"},{"floor":8,"key":"Red Skull"}],"event_choices":[{"cards_removed":["Defend_R"],"damage_healed":0,"gold_gain":0,"player_choice":"Card Removal","damage_taken":0,"max_hp_gain":0,"max_hp_loss":0,"event_name":"The Cleric","floor":2,"gold_loss":50},{"damage_healed":0,"gold_gain":0,"player_choice":"Donut","damage_taken":0,"max_hp_gain":5,"max_hp_loss":0,"event_name":"Big Fish","floor":7,"gold_loss":0},{"damage_healed":0,"gold_gain":0,"player_choice":"Lose Max HP","damage_taken":0,"relics_obtained":["Golden Idol"],"max_hp_gain":0,"max_hp_loss":6,"event_name":"Golden Idol","floor":10,"gold_loss":0}],"is_beta":false,"boss_relics":[{"not_picked":["Pandora\u0027s Box","SacredBark"],"picked":"SlaversCollar"}],"items_purged_floors":[14,22],"is_endless":false,"potions_floor_spawned":[3,12,16,19],"killed_by":"Slavers","ascension_level":1}}