{"host":"6bsan6hkua32tfq7","time":1609644384,"event":{"mods":["BaseMod","Better Third Choice","Colored Map","Highlight Path","Minty Spire (QoL Compilation)","StSLib"],"gold_per_floor":[111,121,134,147,164,191,191,191,242,271,286,302,319,338,338,413,413,423,423,435,435,450,450,482,39,39,39,39,55,55,75,75,75,75],"floor_reached":33,"playtime":6571,"items_purged":["Strike_P"],"score":566,"play_id":"94e5c42d-4d4f-4f77-8658-668ac50ee60d","local_time":"20210103042624","is_ascension_mode":true,"campfire_choices":[{"floor":8,"key":"REST"},{"floor":15,"key":"REST"},{"floor":23,"key":"REST"},{"floor":30,"key":"REST"},{"floor":32,"key":"REST"}],"circlet_count":0,"master_deck":["AscendersBane","Strike_P","Strike_P","Strike_P","Defend_P","Defend_P","Defend_P","Defend_P","Eruption","Vigilance","EmptyFist","Protect","Conclude","FlurryOfBlows","TalkToTheHand+1","TalkToTheHand","TalkToTheHand","Consecrate","JustLucky","FlurryOfBlows","Devotion","Brilliance","Decay","Wallop","LikeWater","Normality","Ghostly","Ghostly","Ghostly","Wallop"],"relics":["PureWater","Potion Belt","Bag of Preparation","Pen Nib","Mercury Hourglass","Cursed Key","Vajra","FossilizedHelix","TungstenRod"],"acts_visited":["Exordium","TheCity"],"potions_floor_usage":[6,6,12,12,13,16,18,22,33,33,33,33],"damage_taken":[{"damage":1.0,"enemies":"2 Louse","floor":1.0,"turns":2.0},{"damage":0.0,"enemies":"Cultist","floor":2.0,"turns":2.0},{"damage":0,"enemies":"Jaw Worm","floor":3,"turns":3},{"damage":0,"enemies":"Looter","floor":4,"turns":2},{"damage":14,"enemies":"Gremlin Gang","floor":5,"turns":2},{"damage":7,"enemies":"Gremlin Nob","floor":6,"turns":4},{"damage":38,"enemies":"3 Sentries","floor":10,"turns":4},{"damage":12,"enemies":"Large Slime","floor":11,"turns":5},{"damage":0,"enemies":"Exordium Wildlife","floor":12,"turns":3},{"damage":0,"enemies":"Blue Slaver","floor":13,"turns":2},{"damage":3,"enemies":"Exordium Thugs","floor":14,"turns":3},{"damage":14,"enemies":"The Guardian","floor":16,"turns":9},{"damage":8,"enemies":"2 Thieves","floor":18,"turns":4},{"damage":2,"enemies":"Chosen","floor":20,"turns":3},{"damage":5,"enemies":"Snecko","floor":22,"turns":4},{"damage":51,"enemies":"Book of Stabbing","floor":24,"turns":7},{"damage":0,"enemies":"Centurion and Healer","floor":29,"turns":8},{"damage":0,"enemies":"Cultist and Chosen","floor":31,"turns":5},{"damage":64,"enemies":"Champ","floor":33,"turns":13}],"seed_played":"1859061945779495749","potions_obtained":[{"floor":1.0,"key":"Block Potion"},{"floor":4,"key":"EssenceOfSteel"},{"floor":6,"key":"EntropicBrew"},{"floor":12,"key":"AttackPotion"},{"floor":13,"key":"Strength Potion"},{"floor":16,"key":"SpeedPotion"},{"floor":22,"key":"SpeedPotion"},{"floor":31,"key":"Dexterity Potion"}],"is_trial":false,"path_per_floor":["M","M","M","M","M","E","?","R","T","E","M","M","M","M","R","B",null,"M","?","M","?","M","R","E","$","T","?","$","M","R","M","R","B"],"character_chosen":"WATCHER","items_purchased":["LikeWater","FossilizedHelix"],"campfire_rested":5,"item_purchase_floors":[25,25],"current_hp_per_floor":[60,60,60,60,46,39,39,59,59,21,9,9,9,6,26,12,54,46,46,44,44,39,59,8,8,8,8,8,8,18,18,28,0,0],"gold":75,"neow_bonus":"RANDOM_COMMON_RELIC","is_daily":false,"chose_seed":false,"campfire_upgraded":0,"win_rate":0.0,"timestamp":1609644384,"path_taken":["M","M","M","M","M","E","?","R","T","E","M","M","M","M","R","BOSS","M","?","?","?","M","R","E","$","T","?","?","M","R","M","R","BOSS"],"items_purchased_type":["Card","Relic"],"build_version":"2020-12-22","purchased_purges":1,"victory":false,"max_hp_per_floor":[68,68,68,68,68,68,68,68,68,68,68,68,68,68,68,68,68,68,68,68,68,68,68,68,68,68,34,34,34,34,34,34,34,34],"card_choices":[{"not_picked":["Indignation","Crescendo"],"picked":"EmptyFist","floor":1.0},{"not_picked":["JustLucky","ClearTheMind"],"picked":"Protect","floor":2},{"not_picked":["Crescendo","Wireheading"],"picked":"Conclude","floor":3},{"not_picked":["JustLucky","Prostrate"],"picked":"FlurryOfBlows","floor":4},{"not_picked":["MentalFortress","EmptyFist"],"picked":"TalkToTheHand","floor":5},{"not_picked":["Indignation","ClearTheMind"],"picked":"TalkToTheHand","floor":6},{"not_picked":["Swivel","Conclude"],"picked":"TalkToTheHand","floor":10},{"not_picked":["ClearTheMind","PathToVictory","Tantrum"],"picked":"SKIP","floor":11},{"not_picked":["CarveReality","Brilliance"],"picked":"Consecrate","floor":12},{"not_picked":["EmptyFist","EmptyMind"],"picked":"JustLucky","floor":13},{"not_picked":["Consecrate","Brilliance"],"picked":"FlurryOfBlows","floor":14},{"not_picked":["SpiritShield","Alpha"],"picked":"Devotion","floor":16},{"not_picked":["CarveReality","FollowUp","EmptyBody"],"picked":"SKIP","floor":18},{"not_picked":["FollowUp","ThirdEye","ClearTheMind"],"picked":"SKIP","floor":20},{"not_picked":["WheelKick","Consecrate","BowlingBash"],"picked":"SKIP","floor":22},{"not_picked":["Prostrate","BowlingBash"],"picked":"Wallop","floor":24},{"not_picked":["Fasting2","CutThroughFate","PathToVictory"],"picked":"SKIP","floor":29},{"not_picked":["CarveReality+1","FearNoEvil"],"picked":"Wallop","floor":31}],"player_experience":5215307,"relics_obtained":[{"floor":6,"key":"Bag of Preparation"},{"floor":9,"key":"Pen Nib"},{"floor":10,"key":"Mercury Hourglass"},{"floor":24,"key":"Vajra"},{"floor":26,"key":"TungstenRod"}],"event_choices":[{"damage_healed":0,"gold_gain":0,"player_choice":"Forge","damage_taken":0,"max_hp_gain":0,"max_hp_loss":0,"event_name":"Accursed Blacksmith","floor":7,"gold_loss":0,"cards_upgraded":["TalkToTheHand"]},{"damage_healed":0,"gold_gain":0,"player_choice":"1 cards matched","damage_taken":0,"max_hp_gain":0,"max_hp_loss":0,"event_name":"Match and Keep!","floor":19,"gold_loss":0,"cards_obtained":["Brilliance"]},{"damage_healed":0,"gold_gain":0,"player_choice":"Smashed Altar","damage_taken":0,"max_hp_gain":0,"max_hp_loss":0,"event_name":"Forgotten Altar","floor":21,"gold_loss":0,"cards_obtained":["Decay"]},{"damage_healed":0,"gold_gain":0,"player_choice":"Became a Ghost","damage_taken":0,"max_hp_gain":0,"max_hp_loss":34,"event_name":"Ghosts","floor":27,"gold_loss":0,"cards_obtained":["Ghostly","Ghostly","Ghostly"]}],"is_beta":false,"boss_relics":[{"not_picked":["Empty Cage","Coffee Dripper"],"picked":"Cursed Key"}],"items_purged_floors":[25],"is_endless":false,"potions_floor_spawned":[1,4,6,12,13,16,22,31],"killed_by":"Champ","ascension_level":20}}