{"host":"gx4mysb2tifc5ce4","time":1609645145,"event":{"mods":["AchievementEnabler","Act Like it!","Ascension Reborn","BaseMod","BetterRewards","Block Reminder","Colored Map","Colored Powertips","Downfall","Duelist Mod","Gensokyo","GifTheSpireLib","Gold Saver","GungeonMod","Lobotomy","LobotomyExtend","Minty Spire (QoL Compilation)","Prisma Mod","Rare Cards Sparkle","Spicy Shops","StSLib","The Animator","The Jungle","The Necromancer","The Poker Player","The Wild Card","Waifu the Spire","WarShipGirlsR/????R mod"],"gold_per_floor":[1078,1078,1094,1110,1110,1110,1120,1146,1146,1146,156,231,248,248,248,353,353,363,437,448,460,460,460,33,52,52,80,80,80,80,52,52,155,155,172,172,183,228,68,68,101,101,124,124,157,157,177,177,177,177,177,177,177,33,58,58,58],"floor_reached":56,"playtime":7629,"items_purged":[],"score":844,"play_id":"ceb8dfdc-3106-4c80-a221-ef1129aeca8e","local_time":"20210102193905","is_ascension_mode":true,"campfire_choices":[{"floor":6.0,"key":"RECALL"},{"floor":10.0,"key":"REST"},{"data":"rmod:expedition","floor":15.0,"key":"SMITH"},{"data":"rmod:expedition+1","floor":23,"key":"SMITH"},{"data":"RitualDagger","floor":29,"key":"SMITH"},{"data":"Slimebound:CheckThePlaybook","floor":32,"key":"SMITH"},{"floor":40,"key":"REST"},{"data":"rmod:goodfighter","floor":42,"key":"SMITH"},{"data":"rmod:expedition","floor":44,"key":"SMITH"},{"data":"rmod:expedition+1","floor":46,"key":"SMITH"},{"data":"rmod:expedition+2","floor":49,"key":"SMITH"},{"data":"rmod:seals","floor":53,"key":"SMITH"}],"circlet_count":0,"master_deck":["rmod:strick","rmod:strick","rmod:strick","rmod:defend","rmod:defend","rmod:defend","rmod:basicallowance","rmod:maingunfire","rmod:fletcherpendant","rmod:salvage","rmod:fletcherpendant","rmod:mineteam","rmod:aviationdawn","rmod:fletcherpendant","rmod:firesupport","rmod:fletcher+1","rmod:seals+1","rmod:fuelsupply","rmod:fletcherpendant","rmod:aluminumsupply","rmod:supportaircraftcarrier","RitualDagger+1","rmod:selfconfidence","rmod:bulid","rmod:maintain","rmod:abidefaith","Slimebound:CheckThePlaybook+1","rmod:intelligenceanalysis","rmod:secretscript","rmod:aluminumsupply+1","Madness","Madness","rmod:firesupport","rmod:intelligenceanalysis","rmod:goodfighter+1","rmod:expedition+3","rmod:tearstotiara+1","rmod:fuelsupply+1","Parasite","rmod:intelligenceanalysis","rmod:generalist","rmod:expedition+1"],"relics":["rmod:firstchargereward","LetterFromLob","DemoMod:OrangeGuonStone","Bottled Tornado","Eternal Feather","Chemical X","Regal Pillow","Busted Crown","DemoMod:ChaffGrenade","DemoMod:GundromedaStrain","DemoMod:PinkGuonStone","Boot","SlaversCollar","Ginger","Lantern","Dream Catcher","Oddly Smooth Stone","Bronze Scales","DemoMod:ClearGuonStone","Pantograph"],"acts_visited":["Exordium","TheCity","TheBeyond","TheEnding"],"potions_floor_usage":[21,33,33,55,56],"damage_taken":[{"damage":1.0,"enemies":"2 Louse","floor":1.0,"turns":2.0},{"damage":0.0,"enemies":"Jaw Worm","floor":3.0,"turns":3.0},{"damage":0.0,"enemies":"Small Slimes","floor":4.0,"turns":3.0},{"damage":4.0,"enemies":"Red Slaver","floor":7.0,"turns":4.0},{"damage":13.0,"enemies":"Lagavulin","floor":8.0,"turns":9.0},{"damage":9.0,"enemies":"2 Fungi Beasts","floor":13.0,"turns":2.0},{"damage":0.0,"enemies":"Slime Boss","floor":16.0,"turns":6.0},{"damage":8,"enemies":"3 Byrds","floor":18,"turns":4},{"damage":4,"enemies":"Chosen","floor":20,"turns":3},{"damage":6,"enemies":"Centurion and Healer","floor":21,"turns":3},{"damage":8,"enemies":"Sentry and Sphere","floor":25,"turns":3},{"damage":0,"enemies":"theDuelist:KaibaA2","floor":27,"turns":3},{"damage":28,"enemies":"Champ","floor":33,"turns":6},{"damage":10,"enemies":"Orb Walker","floor":35,"turns":2},{"damage":15,"enemies":"3 Darklings","floor":37,"turns":3},{"damage":31,"enemies":"2 Orb Walkers","floor":38,"turns":4},{"damage":6,"enemies":"Reptomancer","floor":41,"turns":2},{"damage":0,"enemies":"Giant Head","floor":45,"turns":3},{"damage":18,"enemies":"Writhing Mass","floor":47,"turns":6},{"damage":81,"enemies":"Awakened One","floor":50,"turns":9},{"damage":41,"enemies":"Shield and Spear","floor":55,"turns":3},{"damage":85,"enemies":"The Heart","floor":56,"turns":7}],"seed_played":"5611394597326130198","potions_obtained":[{"floor":1.0,"key":"AttackPotion"},{"floor":7.0,"key":"Swift Potion"},{"floor":16.0,"key":"Block Potion"},{"floor":21,"key":"LiquidMemories"},{"floor":27,"key":"EssenceOfSteel"},{"floor":45,"key":"Fire Potion"},{"floor":55,"key":"Guardian:BlockOnCardUsePotion"}],"is_trial":false,"path_per_floor":["M","?","M","M","?","R","M","E","T","R","$","?","M","?","R","B",null,"M","T","M","M","?","R","$","M","T","E","?","R","?","$","R","B",null,"M","?","M","?","$","R","E","R","T","R","E","R","M","T","R","B",null,null,"R","$","E","B"],"character_chosen":"PRAEFECT","items_purchased":["rmod:expedition","Bottled Tornado","Eternal Feather","Chemical X","rmod:aviationdawn","Regal Pillow","DemoMod:GundromedaStrain","rmod:selfconfidence","rmod:bulid","rmod:intelligenceanalysis","rmod:goodfighter","rmod:expedition","DemoMod:ClearGuonStone","rmod:generalist"],"campfire_rested":2,"item_purchase_floors":[11,11,11,11,11,11,24,24,24,31,39,39,54,54],"current_hp_per_floor":[74,74,74,74,74,74,70,57,57,75,75,64,55,55,67,67,75,67,67,63,57,51,66,66,58,65,65,82,82,54,54,69,41,82,72,62,47,16,16,76,70,82,82,82,82,82,64,64,82,1,1,82,82,82,41,0,0],"gold":58,"neow_bonus":"THREE_CARDS","is_daily":false,"chose_seed":false,"campfire_upgraded":9,"win_rate":0.0,"timestamp":1609645145,"path_taken":["M","?","M","M","?","R","M","E","T","R","$","?","M","?","R","BOSS","M","?","M","M","?","R","$","M","T","E","?","R","?","?","R","BOSS","M","?","M","?","?","R","E","R","T","R","E","R","M","?","R","BOSS","R","$","E","BOSS"],"items_purchased_type":["Card","Relic","Relic","Relic","Card","Relic","Relic","Card","Card","Card","Card","Card","Relic","Card"],"build_version":"2020-12-22","purchased_purges":0,"victory":false,"max_hp_per_floor":[75,75,75,75,75,75,75,75,75,75,75,75,75,75,75,75,75,75,75,75,75,75,75,75,75,82,82,82,82,82,82,82,82,82,82,82,82,82,82,82,82,82,82,82,82,82,82,82,82,82,82,82,82,82,82,82,82],"card_choices":[{"not_picked":["rmod:aviationdawn","rmod:supportescort"],"picked":"rmod:diamondstrike","floor":0.0},{"not_picked":["rmod:fuelsupply","rmod:ring"],"picked":"rmod:fletcherpendant","floor":1.0},{"not_picked":["rmod:bulid","rmod:intelligenceanalysis"],"picked":"rmod:diamondstrike","floor":3.0},{"not_picked":["rmod:diamondstrike","rmod:supportescort"],"picked":"rmod:salvage","floor":4.0},{"not_picked":["rmod:supportaircraftcarrier","rmod:robin"],"picked":"rmod:stealaluminum","floor":7.0},{"not_picked":["rmod:firesupport","rmod:ammunitionsupply"],"picked":"rmod:mineteam","floor":8.0},{"not_picked":["rmod:robin","rmod:aluminumsupply"],"picked":"rmod:firesupport","floor":13.0},{"not_picked":["rmod:fletcher","rmod:expeditionaryescort"],"picked":"rmod:seals","floor":16.0},{"not_picked":[],"picked":"rmod:fuelsupply","floor":18},{"not_picked":[],"picked":"rmod:aluminumsupply","floor":20},{"not_picked":[],"picked":"rmod:supportaircraftcarrier","floor":21},{"not_picked":[],"picked":"rmod:maintain","floor":25},{"not_picked":[],"picked":"rmod:abidefaith","floor":27},{"not_picked":[],"picked":"rmod:secretscript","floor":33},{"not_picked":[],"picked":"rmod:aluminumsupply+1","floor":35},{"not_picked":[],"picked":"rmod:firesupport","floor":37},{"not_picked":[],"picked":"rmod:intelligenceanalysis","floor":38},{"not_picked":[],"picked":"rmod:tearstotiara+1","floor":41},{"not_picked":[],"picked":"rmod:fuelsupply+1","floor":45},{"not_picked":[],"picked":"rmod:intelligenceanalysis","floor":47},{"not_picked":[],"picked":"rmod:expedition+1","floor":55}],"player_experience":153505,"relics_obtained":[{"floor":1.0,"key":"LetterFromLob"},{"floor":8.0,"key":"DemoMod:OrangeGuonStone"},{"floor":19,"key":"DemoMod:ChaffGrenade"},{"floor":26,"key":"DemoMod:PinkGuonStone"},{"floor":27,"key":"Boot"},{"floor":38,"key":"Ginger"},{"floor":41,"key":"Lantern"},{"floor":43,"key":"Dream Catcher"},{"floor":45,"key":"Oddly Smooth Stone"},{"floor":48,"key":"Bronze Scales"},{"floor":55,"key":"Pantograph"}],"event_choices":[{"damage_healed":0.0,"max_hp_gain":0.0,"max_hp_loss":0.0,"gold_gain":0.0,"event_name":"Golden Wing","player_choice":"Ignored","floor":2.0,"gold_loss":0.0,"damage_taken":0.0},{"damage_healed":0.0,"max_hp_gain":0.0,"max_hp_loss":0.0,"gold_gain":75.0,"event_name":"World of Goop","player_choice":"Gather Gold","floor":12.0,"gold_loss":0.0,"damage_taken":11.0},{"cards_removed":["rmod:strick"],"damage_healed":0.0,"max_hp_gain":0.0,"max_hp_loss":0.0,"gold_gain":0.0,"event_name":"Bonfire Elementals","player_choice":"Offered Basic","floor":14.0,"gold_loss":0.0,"damage_taken":0.0},{"damage_healed":0,"gold_gain":0,"player_choice":"Joined the Cult","damage_taken":6,"max_hp_gain":0,"max_hp_loss":0,"event_name":"Nest","floor":22,"gold_loss":0,"cards_obtained":["RitualDagger"]},{"damage_healed":0,"gold_gain":0,"player_choice":"Embrace Madness","damage_taken":10,"max_hp_gain":0,"max_hp_loss":0,"event_name":"Winding Halls","floor":36,"gold_loss":0,"cards_obtained":["Madness","Madness"]},{"damage_healed":0,"gold_gain":0,"player_choice":"Fight","damage_taken":0,"max_hp_gain":0,"max_hp_loss":0,"event_name":"Mysterious Sphere","floor":38,"gold_loss":0}],"is_beta":false,"boss_relics":[{"not_picked":["Tiny House","Snecko Eye"],"picked":"Busted Crown"},{"not_picked":["Fusion Hammer","Cursed Key"],"picked":"SlaversCollar"}],"items_purged_floors":[],"is_endless":false,"potions_floor_spawned":[1,7,16,18,21,27,45,55],"killed_by":"The Heart","ascension_level":0}}