{"host":"52jmisti11ysmja4","time":1609692940,"event":{"mods":["Aspiration","BaseMod","Better Third Choice","Hermit","Koishi","Minty Spire (QoL Compilation)","Remove Card Discount Mod","Shade Mod","StSLib","The Cursed","The Servant 0.9.4","The Vixen"],"gold_per_floor":[113,19,33,33,46,78,78,78,78,78,111,125,153,166,166,268,268,286,139,150,115,135,164,164,164,212,237,250,283,294,294,294,395,395,407,419,419,419,429,429,429],"floor_reached":40,"playtime":5226,"items_purged":["Defend_P","Defend_P","Defend_P","Defend_P","Strike_P","Strike_P","Strike_P"],"score":739,"play_id":"ae86e50d-5e0d-4e18-a792-559a0c352c5a","local_time":"20210103085540","is_ascension_mode":true,"campfire_choices":[{"data":"Eruption","floor":7.0,"key":"SMITH"},{"floor":15.0,"key":"REST"},{"data":"Adaptation","floor":24.0,"key":"SMITH"},{"floor":32.0,"key":"REST"}],"circlet_count":0,"master_deck":["Strike_P+1","Eruption+1","Vigilance+1","BattleHymn","ClearTheMind+1","CutThroughFate+1","SandsOfTime","Halt","Nirvana","Ragnarok+1","Halt","Adaptation+1","FollowUp","JustLucky+1","Crescendo+1","FollowUp","Establishment","Evaluate+1","Weave+1"],"relics":["PureWater","NeowsBlessing","MealTicket","Pear","Pen Nib","InkBottle","VioletLotus","Whetstone","FossilizedHelix","Oddly Smooth Stone","Gambling Chip","Mercury Hourglass","Coffee Dripper"],"acts_visited":["Exordium","TheCity","TheBeyond"],"potions_floor_usage":[40,40],"damage_taken":[{"damage":0.0,"enemies":"Cultist","floor":1.0,"turns":1.0},{"damage":0.0,"enemies":"Jaw Worm","floor":3.0,"turns":1.0},{"damage":0.0,"enemies":"Small Slimes","floor":5.0,"turns":1.0},{"damage":0.0,"enemies":"Lagavulin","floor":6.0,"turns":3.0},{"damage":0.0,"enemies":"Gremlin Nob","floor":11.0,"turns":2.0},{"damage":12.0,"enemies":"2 Fungi Beasts","floor":12.0,"turns":2.0},{"damage":10.0,"enemies":"3 Sentries","floor":13.0,"turns":4.0},{"damage":0.0,"enemies":"Looter","floor":14.0,"turns":2.0},{"damage":10.0,"enemies":"The Guardian","floor":16.0,"turns":5.0},{"damage":18.0,"enemies":"2 Thieves","floor":18.0,"turns":3.0},{"damage":0.0,"enemies":"Chosen","floor":20.0,"turns":3.0},{"damage":9.0,"enemies":"3 Cultists","floor":22.0,"turns":3.0},{"damage":0.0,"enemies":"Gremlin Leader","floor":23.0,"turns":3.0},{"damage":7.0,"enemies":"Book of Stabbing","floor":27.0,"turns":3.0},{"damage":0.0,"enemies":"Centurion and Healer","floor":28.0,"turns":2.0},{"damage":29.0,"enemies":"Gremlin Leader","floor":29.0,"turns":3.0},{"damage":0.0,"enemies":"Sentry and Sphere","floor":30.0,"turns":2.0},{"damage":0.0,"enemies":"Automaton","floor":33.0,"turns":4.0},{"damage":19.0,"enemies":"Orb Walker","floor":35.0,"turns":3.0},{"damage":0.0,"enemies":"3 Darklings","floor":36.0,"turns":3.0},{"damage":41.0,"enemies":"4 Shapes","floor":39.0,"turns":3.0},{"damage":34,"enemies":"Reptomancer","floor":40,"turns":2}],"seed_played":"4238244476100789554","potions_obtained":[{"floor":3.0,"key":"BlessingOfTheForge"},{"floor":5.0,"key":"BlessingOfTheForge"},{"floor":13.0,"key":"BlessingOfTheForge"},{"floor":16.0,"key":"Explosive Potion"},{"floor":20.0,"key":"Swift Potion"},{"floor":27.0,"key":"BottledMiracle"},{"floor":30.0,"key":"Block Potion"},{"floor":36.0,"key":"FearPotion"}],"is_trial":false,"path_per_floor":["M","$","M","$","M","E","R","?","T","?","E","M","E","M","R","B",null,"M","$","M","$","M","E","R","?","T","E","M","E","M","?","R","B",null,"M","M","?","$","M","E"],"character_chosen":"WATCHER","items_purchased":["BattleHymn","Whetstone","Adaptation"],"campfire_rested":2,"item_purchase_floors":[2,19,21],"current_hp_per_floor":[72,72,72,72,72,72,72,58,68,68,68,56,46,46,70,60,77,59,74,74,82,73,73,73,73,73,66,66,37,37,37,61,61,77,58,58,58,73,32,0,0],"gold":429,"neow_bonus":"THREE_ENEMY_KILL","is_daily":false,"chose_seed":false,"campfire_upgraded":2,"win_rate":0.0,"timestamp":1609692940,"path_taken":["M","$","M","?","?","E","R","?","T","?","E","M","E","M","R","BOSS","M","$","M","$","M","E","R","?","T","E","M","E","M","?","R","BOSS","M","?","?","$","M","E"],"items_purchased_type":["Card","Relic","Card"],"build_version":"2020-12-22","purchased_purges":7,"victory":false,"max_hp_per_floor":[72,72,72,72,72,72,72,72,82,82,82,82,82,82,82,82,82,82,82,82,82,82,82,82,82,82,82,82,82,82,82,82,82,82,82,82,82,82,82,82,82],"card_choices":[{"not_picked":["PathToVictory","WaveOfTheHand","ReachHeaven"],"picked":"SKIP","floor":1.0},{"not_picked":["FlurryOfBlows","Fasting2"],"picked":"ClearTheMind","floor":3.0},{"not_picked":["ThirdEye","ClearTheMind"],"picked":"CutThroughFate","floor":5.0},{"not_picked":["Evaluate","PathToVictory"],"picked":"SandsOfTime","floor":6.0},{"not_picked":["Meditate","Swivel","Protect"],"picked":"SKIP","floor":11.0},{"not_picked":["EmptyBody","Establishment"],"picked":"Halt","floor":12.0},{"not_picked":["MentalFortress","EmptyFist"],"picked":"Nirvana","floor":13.0},{"not_picked":["EmptyMind","FlyingSleeves","ClearTheMind"],"picked":"SKIP","floor":14.0},{"not_picked":["ConjureBlade","Judgement"],"picked":"Ragnarok","floor":16.0},{"not_picked":["LikeWater","Sanctity+1"],"picked":"Halt","floor":18.0},{"not_picked":["ThirdEye","Wireheading"],"picked":"JustLucky+1","floor":20.0},{"not_picked":["WreathOfFlame+1","EmptyMind"],"picked":"FollowUp","floor":22.0},{"not_picked":["ReachHeaven","Omniscience"],"picked":"JustLucky+1","floor":23.0},{"not_picked":["Wallop+1","Perseverance"],"picked":"Crescendo","floor":27.0},{"not_picked":["Evaluate","SashWhip","Indignation"],"picked":"SKIP","floor":28.0},{"not_picked":["WaveOfTheHand","FlyingSleeves"],"picked":"FollowUp","floor":29.0},{"not_picked":["CrushJoints","Indignation","CarveReality"],"picked":"SKIP","floor":30.0},{"not_picked":["DeusExMachina","Brilliance"],"picked":"Establishment","floor":33.0},{"not_picked":["Protect","Perseverance"],"picked":"Evaluate+1","floor":35.0},{"not_picked":["Tantrum+1","Conclude"],"picked":"Weave+1","floor":36.0},{"not_picked":["EmptyBody","Wireheading","WheelKick+1"],"picked":"SKIP","floor":39.0}],"player_experience":648357,"relics_obtained":[{"floor":6.0,"key":"MealTicket"},{"floor":9.0,"key":"Pear"},{"floor":11.0,"key":"Pen Nib"},{"floor":13.0,"key":"InkBottle"},{"floor":23.0,"key":"FossilizedHelix"},{"floor":26.0,"key":"Oddly Smooth Stone"},{"floor":27.0,"key":"Gambling Chip"},{"floor":29.0,"key":"Mercury Hourglass"}],"event_choices":[{"damage_healed":72.0,"max_hp_gain":0.0,"max_hp_loss":72.0,"gold_gain":0.0,"event_name":"betterThird:BetterShining","player_choice":"Upgrade","floor":8.0,"gold_loss":0.0,"damage_taken":14.0,"cards_upgraded":["Strike_P","Vigilance"]},{"damage_healed":0.0,"max_hp_gain":0.0,"max_hp_loss":0.0,"gold_gain":0.0,"event_name":"Living Wall","player_choice":"Grow","floor":10.0,"gold_loss":0.0,"damage_taken":0.0,"cards_upgraded":["ClearTheMind"]},{"damage_healed":0.0,"max_hp_gain":0.0,"max_hp_loss":0.0,"gold_gain":0.0,"event_name":"betterThird:BetterWriting","player_choice":"Simplicity","floor":25.0,"gold_loss":0.0,"damage_taken":0.0},{"damage_healed":0.0,"max_hp_gain":0.0,"max_hp_loss":0.0,"gold_gain":0.0,"event_name":"Accursed Blacksmith","player_choice":"Forge","floor":31.0,"gold_loss":0.0,"damage_taken":0.0,"cards_upgraded":["Crescendo"]},{"cards_removed":["JustLucky"],"damage_healed":0.0,"max_hp_gain":0.0,"max_hp_loss":0.0,"gold_gain":0.0,"event_name":"Falling","player_choice":"Removed Attack","floor":37.0,"gold_loss":0.0,"damage_taken":0.0}],"is_beta":false,"boss_relics":[{"not_picked":["aspiration:PoetsPen_weak","aspiration:DefectSkillbook"],"picked":"VioletLotus"},{"not_picked":["Philosopher\u0027s Stone","Runic Pyramid"],"picked":"Coffee Dripper"}],"items_purged_floors":[2,2,2,2,2,2,19],"is_endless":false,"potions_floor_spawned":[3,5,13,16,20,27,28,30,36],"killed_by":"Reptomancer","ascension_level":5}}