{"host":"hzhtv7n0nkrnil9f","time":1609665570,"event":{"mods":["AchievementEnabler","BaseMod","Colored Map","Minty Spire (QoL Compilation)","Permanent Neow","Quick Restart"],"gold_per_floor":[114,64,164,179,194,224,239,314,314,314,329,56,86,101,101,201,201,216,216,231,231,181,211,226,226,226],"floor_reached":25,"playtime":2923,"items_purged":[],"score":358,"play_id":"d10bc709-c4c0-42e2-896d-76a3b88d75ae","local_time":"20210103101930","daily_mods":["Allstar","Hoarder","Terminal"],"is_ascension_mode":false,"campfire_choices":[{"data":"Thinking Ahead","floor":10,"key":"SMITH"},{"data":"The Bomb","floor":15,"key":"SMITH"}],"circlet_count":0,"master_deck":["Strike_R","Strike_R","Strike_R","Strike_R","Defend_R","Defend_R","Defend_R","Defend_R","Bash","Thinking Ahead+1","Thinking Ahead","Thinking Ahead","The Bomb+1","The Bomb","The Bomb","PanicButton","PanicButton","PanicButton","Secret Weapon","Secret Weapon","Secret Weapon","Good Instincts","Good Instincts","Good Instincts","Brutality","Brutality","Brutality","Infernal Blade","Infernal Blade","Infernal Blade","Thinking Ahead+1","Thinking Ahead+1","Thinking Ahead+1","Deep Breath","Deep Breath","Deep Breath","Rampage","Rampage","Rampage","Exhume","Exhume","Exhume","Writhe","Writhe","Writhe","Berserk","Berserk","Berserk","Clothesline","Clothesline","Clothesline"],"relics":["Burning Blood","Thread and Needle","Anchor","DollysMirror","Kunai","Fusion Hammer","Omamori","Mercury Hourglass"],"acts_visited":["Exordium","TheCity"],"potions_floor_usage":[16,23,25],"damage_taken":[{"damage":0,"enemies":"Small Slimes","floor":1,"turns":3},{"damage":2,"enemies":"2 Louse","floor":4,"turns":3},{"damage":0,"enemies":"Cultist","floor":5,"turns":3},{"damage":1,"enemies":"3 Sentries","floor":6,"turns":3},{"damage":0,"enemies":"Gremlin Gang","floor":7,"turns":3},{"damage":2,"enemies":"2 Fungi Beasts","floor":11,"turns":4},{"damage":4,"enemies":"Gremlin Nob","floor":13,"turns":4},{"damage":0,"enemies":"Exordium Wildlife","floor":14,"turns":2},{"damage":16,"enemies":"Hexaghost","floor":16,"turns":8},{"damage":7,"enemies":"3 Byrds","floor":18,"turns":5},{"damage":5,"enemies":"Spheric Guardian","floor":20,"turns":5},{"damage":3,"enemies":"Slavers","floor":23,"turns":5},{"damage":13,"enemies":"Shelled Parasite and Fungi","floor":24,"turns":7},{"damage":49,"enemies":"Gremlin Leader","floor":25,"turns":4}],"seed_played":"4251252283042701915","potions_obtained":[{"floor":1,"key":"GamblersBrew"},{"floor":7,"key":"SteroidPotion"},{"floor":11,"key":"FearPotion"},{"floor":18,"key":"Strength Potion"},{"floor":20,"key":"AttackPotion"},{"floor":23,"key":"Dexterity Potion"}],"is_trial":false,"path_per_floor":["M","?","?","M","M","E","M","?","T","R","M","$","E","M","R","B",null,"M","?","M","$","?","E","M","E"],"character_chosen":"IRONCLAD","items_purchased":["DollysMirror","Deep Breath","Rampage"],"campfire_rested":0,"item_purchase_floors":[12,12,12],"current_hp_per_floor":[78,77,76,75,74,73,72,61,61,61,65,65,66,65,64,54,62,61,60,59,58,57,56,49,0,0],"gold":226,"neow_bonus":"","is_daily":true,"chose_seed":false,"campfire_upgraded":2,"win_rate":0.0,"timestamp":1609665570,"path_taken":["M","?","?","M","?","E","?","?","T","R","M","?","E","M","R","BOSS","M","?","M","$","?","E","?","E"],"items_purchased_type":["Relic","Card","Card"],"build_version":"2020-12-22","purchased_purges":0,"victory":false,"max_hp_per_floor":[78,77,76,75,74,73,72,71,70,69,68,67,66,65,64,63,62,61,60,59,58,57,56,55,55,55],"card_choices":[{"not_picked":["Hemokinesis","Iron Wave","Twin Strike"],"picked":"SKIP","floor":1},{"not_picked":["Armaments","Perfected Strike","Anger"],"picked":"SKIP","floor":4},{"not_picked":["Flex","Combust","Burning Pact"],"picked":"SKIP","floor":5},{"not_picked":["Combust","Sword Boomerang"],"picked":"Brutality","floor":6},{"not_picked":["Sword Boomerang","Clash"],"picked":"Infernal Blade","floor":7},{"not_picked":["Clash","Dropkick","Flex"],"picked":"SKIP","floor":11},{"not_picked":["Headbutt","Entrench","Combust"],"picked":"SKIP","floor":13},{"not_picked":["True Grit","Intimidate","Sword Boomerang"],"picked":"SKIP","floor":14},{"not_picked":["Bludgeon","Juggernaut"],"picked":"Exhume","floor":16},{"not_picked":["Wild Strike","True Grit","Pummel"],"picked":"SKIP","floor":18},{"not_picked":["True Grit","Bloodletting","Rage"],"picked":"SKIP","floor":20},{"not_picked":["Infernal Blade","Heavy Blade"],"picked":"Berserk","floor":23},{"not_picked":["Searing Blow+1","Armaments"],"picked":"Clothesline","floor":24}],"player_experience":240095,"relics_obtained":[{"floor":6,"key":"Thread and Needle"},{"floor":9,"key":"Anchor"},{"floor":13,"key":"Kunai"},{"floor":23,"key":"Mercury Hourglass"}],"event_choices":[{"cards_removed":["Strike_R"],"damage_healed":0,"gold_gain":0,"player_choice":"Card Removal","damage_taken":0,"max_hp_gain":0,"max_hp_loss":0,"event_name":"The Cleric","floor":2,"gold_loss":50},{"damage_healed":0,"gold_gain":100,"player_choice":"Pray","damage_taken":0,"max_hp_gain":0,"max_hp_loss":0,"event_name":"Golden Shrine","floor":3,"gold_loss":0},{"damage_healed":0,"gold_gain":75,"player_choice":"Gather Gold","damage_taken":11,"max_hp_gain":0,"max_hp_loss":0,"event_name":"World of Goop","floor":8,"gold_loss":0},{"damage_healed":0,"gold_gain":0,"player_choice":"Opened","damage_taken":0,"relics_obtained":["Omamori"],"max_hp_gain":0,"max_hp_loss":0,"event_name":"The Mausoleum","floor":19,"gold_loss":0,"cards_obtained":["Writhe"]},{"damage_healed":0,"gold_gain":0,"player_choice":"Bet on Murderer","damage_taken":0,"max_hp_gain":0,"max_hp_loss":0,"event_name":"The Joust","floor":22,"gold_loss":50}],"is_beta":false,"boss_relics":[{"not_picked":["Busted Crown","SacredBark"],"picked":"Fusion Hammer"}],"items_purged_floors":[],"is_endless":false,"potions_floor_spawned":[1,7,11,13,18,20,23],"killed_by":"Gremlin Leader","ascension_level":0}}