{"host":"pcbz64t4k17ey4z1","time":1609687346,"event":{"mods":["2.2 Compatiblity","AchievementEnabler","Act Like it!","Aspiration","BaseMod","Beaked The Cultist","Better Match","BetterRewards","Card Forge","Colored Map","Colored Powertips","Conspire","Disable Question Mark Monsters","Fireblade Mod","Friendly Minions","GifTheSpireLib","Glutton Mod","Googly Eyes","Hermit","Hubris","Infinite Spire","Koishi","Marisa????????","Minty Spire (QoL Compilation)","Permanent Neow","Potionbrewer","Quick Restart","Random Character Button","Rare Cards Sparkle","Relic Filter","Replay The Spire","Shade Mod","Shop Mod","Small Relic Pack","StSLib","Stuff the Spire","SuperFastMode","The Animator","The Cursed","The Druid","The Gatherer","The Hierophant","The IronCluck","The Runesmith","Waifu the Spire","Wandering Minibosses","vexMod"],"gold_per_floor":[110,33,50,70,84,119,119,151,151,151,151,151],"floor_reached":10,"playtime":818,"items_purged":[],"score":90,"play_id":"4dad31d7-5184-4dcc-89d7-cd28659820d1","local_time":"20210103152226","is_ascension_mode":true,"metric_token":3025,"campfire_choices":[{"data":"Gatherer:FlowerWhip","floor":7,"key":"SMITH"}],"circlet_count":0,"master_deck":["Gatherer:Strike_Gatherer","Gatherer:Defend_Gatherer","Gatherer:Defend_Gatherer","Gatherer:Defend_Gatherer","Gatherer:Defend_Gatherer","Gatherer:Defend_Gatherer","Gatherer:Centralize","Gatherer:FlowerWhip+1","Gatherer:UpgradeBag","StuffTheSpire:PlasmaPunch","Gatherer:CollectorsShot","Gatherer:Convert","Midas Touch","Gatherer:SaveValuables","Gatherer:BalancedGrowth","Gatherer:FlowerPower","Gatherer:RottenStipe","Gatherer:TreeGrowth","Gatherer:LuckyClover","Gatherer:EnergyBasket+1","Pot Of Greed+1","Pot Of Greed+1"],"relics":["Gatherer:AlchemyBag","Hammer of Thor","Seething Fire","Anvil of the Gods","BargainBundle","Kunai","Mummified Hand","Pondfish Scales","infinitespire:PuzzleCube","Toxic Egg 2","Grinning Jar"],"acts_visited":["Exordium"],"potions_floor_usage":[],"damage_taken":[{"damage":0.0,"enemies":"infinitespire:Voidling","floor":1.0,"turns":2.0},{"damage":0.0,"enemies":"Cultist","floor":3.0,"turns":2.0},{"damage":3.0,"enemies":"Small Slimes","floor":4.0,"turns":2.0},{"damage":24.0,"enemies":"2 Fungi Beasts","floor":5.0,"turns":5.0},{"damage":27.0,"enemies":"3 Sentries","floor":6.0,"turns":8.0},{"damage":3,"enemies":"Lagavulin","floor":8,"turns":7},{"damage":15,"enemies":"Nightmare","floor":10,"turns":2}],"seed_played":"-6995163595352023846","potions_obtained":[{"floor":1.0,"key":"LiquidBronze"},{"floor":6.0,"key":"potionbrewer:AcidPotion"}],"is_trial":false,"path_per_floor":["M","$","M","M","M","E","R","E","T","NM"],"character_chosen":"THE_GATHERER","items_purchased":["BargainBundle","Kunai","Mummified Hand","potionbrewer:EndurancePotion","BottledMiracle","Elixir","Gatherer:UpgradeBag","StuffTheSpire:PlasmaPunch","Gatherer:CollectorsShot","Gatherer:Convert","Midas Touch","Gatherer:BalancedGrowth"],"campfire_rested":0,"item_purchase_floors":[0,0,0,0,0,0,0,0,0,0,0,2],"current_hp_per_floor":[72,72,72,69,45,18,18,15,15,0,0,0],"gold":151,"neow_bonus":"","is_daily":false,"chose_seed":false,"campfire_upgraded":1,"win_rate":0.0,"timestamp":1609687346,"path_taken":["M","$","M","M","M","E","R","E","T","NM"],"items_purchased_type":["Relic","Relic","Relic","Potion","Potion","Potion","Card","Card","Card","Card","Card","Card"],"build_version":"2020-12-22","purchased_purges":0,"victory":false,"max_hp_per_floor":[72,72,72,72,72,72,72,72,72,72,72,72],"card_choices":[{"not_picked":["Gatherer:Frenzy","Gatherer:CollectorsShot"],"picked":"Gatherer:SaveValuables","floor":1.0},{"not_picked":["Gatherer:SmartManeuver","Gatherer:SaveValuables"],"picked":"Gatherer:FlowerPower","floor":3.0},{"not_picked":["Gatherer:SaveValuables","Gatherer:RecipeChange"],"picked":"Gatherer:RottenStipe","floor":4.0},{"not_picked":["Gatherer:TacticalStrike","Gatherer:Frenzy"],"picked":"Gatherer:TreeGrowth","floor":5.0},{"not_picked":["Gatherer:FruitForce","Gatherer:Nutrients"],"picked":"Gatherer:LuckyClover","floor":6.0},{"not_picked":["Gatherer:Uplift","Gatherer:TacticalStrike"],"picked":"Gatherer:EnergyBasket+1","floor":8}],"player_experience":3757642,"relics_obtained":[{"floor":6.0,"key":"infinitespire:PuzzleCube"},{"floor":8,"key":"Toxic Egg 2"},{"floor":9,"key":"Grinning Jar"}],"event_choices":[],"is_beta":false,"boss_relics":[],"items_purged_floors":[],"is_endless":false,"potions_floor_spawned":[1,6],"killed_by":"Nightmare","ascension_level":3}}