{"host":"ygfasg9u7olr7skw","time":1609703861,"event":{"mods":["AchievementEnabler","BaseMod","Better Note","Better Vampires","Colored Powertips","Minty Spire (QoL Compilation)","Replay The Spire","Spicy Shops","StSLib","The IronCluck"],"gold_per_floor":[111,130,130,5,22,22,54,54,54,67,82,82,95,23,23,118,118,135,10,21,21,37,37,37,56,105,105,105,124,142,157,157,157,157],"floor_reached":33,"playtime":2183,"items_purged":["ReplayReversal","Strike_R","Voices"],"score":249,"play_id":"ffce5b44-beaa-4f0d-aa5b-ba8e8971973f","local_time":"20210103145741","is_ascension_mode":false,"campfire_choices":[{"data":"Heavy Blade","floor":6,"key":"SMITH"},{"floor":12,"key":"REST"},{"floor":15,"key":"REST"},{"floor":23,"key":"REST"},{"floor":27,"key":"REST"},{"floor":32,"key":"REST"}],"circlet_count":0,"master_deck":["Defend_R","Defend_R+1","Defend_R","Defend_R","Bash","Heavy Blade+1","Clash","Anger","Anger","Searing Blow+1","Immolate","Feel No Pain+1","Demonic Infusion+1","Infernal Blade+1","Thunderclap","Dropkick","Clash"],"relics":["Burning Blood","Bird Faced Urn","Kunai","ReplayTheSpireMod:CursedCoin","Astrolabe","Pet Ghost"],"acts_visited":["Exordium","TheCity"],"potions_floor_usage":[7,16,22,33],"damage_taken":[{"damage":1,"enemies":"2 Louse","floor":1,"turns":3},{"damage":5,"enemies":"Jaw Worm","floor":2,"turns":5},{"damage":0,"enemies":"Small Slimes","floor":5,"turns":3},{"damage":39,"enemies":"Lagavulin","floor":7,"turns":6},{"damage":10,"enemies":"Looter","floor":10,"turns":3},{"damage":2,"enemies":"Blue Slaver","floor":11,"turns":3},{"damage":84,"enemies":"The Guardian","floor":16,"turns":10},{"damage":26,"enemies":"Chosen","floor":18,"turns":5},{"damage":25,"enemies":"2 Thieves","floor":20,"turns":4},{"damage":39,"enemies":"Snake Plant","floor":22,"turns":4},{"damage":23,"enemies":"Snecko","floor":25,"turns":5},{"damage":34,"enemies":"Cultist and Chosen","floor":29,"turns":7},{"damage":16,"enemies":"Centurion and Healer","floor":30,"turns":6},{"damage":35,"enemies":"Snake Plant","floor":31,"turns":4},{"damage":50,"enemies":"Champ","floor":33,"turns":10}],"seed_played":"-2588581791265590306","potions_obtained":[{"floor":1,"key":"ElixirPotion"},{"floor":2,"key":"Strength Potion"},{"floor":11,"key":"Energy Potion"},{"floor":16,"key":"Toxic Potion"},{"floor":22,"key":"SpeedPotion"},{"floor":31,"key":"Strength Potion"}],"is_trial":false,"path_per_floor":["M","M","?","$","M","R","E","?","T","M","M","R","$","$","R","B",null,"M","$","M","?","M","R","?","M","T","R","?","M","M","M","R","B"],"character_chosen":"IRONCLAD","items_purchased":["Heavy Blade","Anger","ReplayTheSpireMod:CursedCoin","Searing Blow"],"campfire_rested":5,"item_purchase_floors":[4,13,13,14],"current_hp_per_floor":[88,88,88,88,88,88,55,37,37,33,37,63,63,63,88,10,88,68,68,51,51,18,44,44,29,29,55,84,56,48,21,47,0,0],"gold":157,"neow_bonus":"TEN_PERCENT_HP_BONUS","is_daily":false,"chose_seed":false,"campfire_upgraded":1,"win_rate":0.0,"timestamp":1609703861,"path_taken":["M","M","?","$","M","R","E","?","T","M","M","R","?","$","R","BOSS","M","$","M","?","M","R","?","M","T","R","?","?","M","M","R","BOSS"],"items_purchased_type":["Card","Card","Relic","Card"],"build_version":"2020-12-22","purchased_purges":3,"victory":false,"max_hp_per_floor":[88,88,88,88,88,88,88,88,88,88,88,88,88,88,88,88,88,88,88,88,88,88,88,88,88,88,88,88,88,88,88,88,88,88],"card_choices":[{"not_picked":["Intimidate","Headbutt","Sever Soul"],"picked":"SKIP","floor":1},{"not_picked":["ReplayTheSpireMod:Stacked","Havoc","Second Wind"],"picked":"SKIP","floor":2},{"not_picked":["Run Through","Sword Boomerang","Abandon"],"picked":"SKIP","floor":5},{"not_picked":["Sword Boomerang","Wild Strike"],"picked":"Clash","floor":7},{"not_picked":["Replay:Undeath\u0027s Touch","ReplayTheSpireMod:Strike From Hell","Sword Boomerang"],"picked":"SKIP","floor":10},{"not_picked":["Blood for Blood","Pommel Strike","Eclipse"],"picked":"SKIP","floor":11},{"not_picked":["Barricade","Replay:Many Hands"],"picked":"Immolate","floor":16},{"not_picked":["Pummel","Havoc+1","Pommel Strike+1"],"picked":"SKIP","floor":18},{"not_picked":["Wild Strike","ReplayTheSpireMod:Strike From Hell"],"picked":"Thunderclap","floor":20},{"not_picked":["Rampage+1","Body Slam","Bloodletting"],"picked":"SKIP","floor":22},{"not_picked":["Dual Wield","Warcry","Pommel Strike"],"picked":"SKIP","floor":25},{"not_picked":["Twin Strike+1","Sword Boomerang"],"picked":"Dropkick","floor":29},{"not_picked":["Pommel Strike+1","ReplayTheSpireMod:LeadingStrike","Armaments"],"picked":"SKIP","floor":30},{"not_picked":["ReplayTheSpireMod:Corrosion Curse+1","Twin Strike+1"],"picked":"Clash","floor":31}],"player_experience":207141,"relics_obtained":[{"floor":7,"key":"Bird Faced Urn"},{"floor":9,"key":"Kunai"},{"floor":26,"key":"Pet Ghost"}],"event_choices":[{"damage_healed":0,"gold_gain":0,"cards_transformed":["Strike_R"],"player_choice":"Change","damage_taken":0,"max_hp_gain":0,"max_hp_loss":0,"event_name":"Living Wall","floor":3,"gold_loss":0,"cards_obtained":["ReplayReversal"]},{"damage_healed":0,"gold_gain":0,"player_choice":"Entered Light","damage_taken":18,"max_hp_gain":0,"max_hp_loss":0,"event_name":"Shining Light","floor":8,"gold_loss":0,"cards_upgraded":["Strike_R","Defend_R"]},{"damage_healed":0,"gold_gain":0,"player_choice":"Upgraded","damage_taken":0,"max_hp_gain":0,"max_hp_loss":0,"event_name":"Upgrade Shrine","floor":21,"gold_loss":0,"cards_upgraded":["Searing Blow"]},{"damage_healed":0,"gold_gain":0,"player_choice":"Ignored","damage_taken":0,"max_hp_gain":0,"max_hp_loss":0,"event_name":"betterNote:BetterNote","floor":24,"gold_loss":0,"cards_obtained":["Strike_G"]},{"damage_healed":29,"gold_gain":0,"player_choice":"Heal","damage_taken":0,"max_hp_gain":0,"max_hp_loss":0,"event_name":"The Library","floor":28,"gold_loss":0}],"is_beta":false,"boss_relics":[{"not_picked":["Empty Cage","Calling Bell"],"picked":"Astrolabe"}],"items_purged_floors":[4,13,19],"is_endless":false,"potions_floor_spawned":[1,2,11,16,22,31],"killed_by":"Champ","ascension_level":0}}