{"host":"2yqfi47fogfu1ic4","time":1609710352,"event":{"mods":["AchievementEnabler","BaseMod","Colored Map","Colored Powertips","Highlight Path","Minty Spire (QoL Compilation)","Permanent Neow","Relic Stats","StSLib"],"gold_per_floor":[112,112,131,145,105,105,132,152,175,175,192,227,227,257,257,336,336,353,369,83,83,83,110,110,135,181,199,199,199,211,36,36,36,36],"floor_reached":33,"playtime":2157,"items_purged":["Strike_G","Strike_G"],"score":706,"play_id":"416f2972-80c0-450d-bf54-a572c32a11a0","local_time":"20210103224552","is_ascension_mode":true,"campfire_choices":[{"data":"Dash","floor":6.0,"key":"SMITH"},{"data":"All Out Attack","floor":10.0,"key":"SMITH"},{"data":"Dash","floor":13.0,"key":"SMITH"},{"data":"Reflex","floor":15.0,"key":"SMITH"},{"data":"Malaise","floor":24.0,"key":"SMITH"},{"data":"Eviscerate","floor":28.0,"key":"SMITH"},{"data":"Tactician","floor":32.0,"key":"SMITH"}],"circlet_count":0,"master_deck":["AscendersBane","Strike_G","Strike_G","Defend_G","Defend_G","Defend_G","Defend_G","Defend_G","Survivor","Neutralize","Dagger Throw","Dash+1","Poisoned Stab","All Out Attack+1","Poisoned Stab","Dash+1","Reflex+1","Calculated Gamble","Adrenaline","Terror","Eviscerate+1","Acrobatics","Malaise+1","Underhanded Strike+1","Acrobatics","Reflex+1","Tactician+1"],"relics":["Coffee Dripper","PreservedInsect","Orichalcum","Oddly Smooth Stone","MealTicket","Philosopher\u0027s Stone","Meat on the Bone","FossilizedHelix","Centennial Puzzle"],"acts_visited":["Exordium","TheCity"],"potions_floor_usage":[33],"damage_taken":[{"damage":11.0,"enemies":"Jaw Worm","floor":1.0,"turns":7.0},{"damage":0.0,"enemies":"Cultist","floor":3.0,"turns":4.0},{"damage":1.0,"enemies":"Small Slimes","floor":4.0,"turns":3.0},{"damage":13.0,"enemies":"Gremlin Nob","floor":7.0,"turns":4.0},{"damage":0.0,"enemies":"Red Slaver","floor":8.0,"turns":3.0},{"damage":0.0,"enemies":"Large Slime","floor":11.0,"turns":4.0},{"damage":5.0,"enemies":"Lagavulin","floor":12.0,"turns":4.0},{"damage":0.0,"enemies":"3 Sentries","floor":14.0,"turns":3.0},{"damage":4.0,"enemies":"Hexaghost","floor":16.0,"turns":8.0},{"damage":0.0,"enemies":"2 Thieves","floor":18.0,"turns":4.0},{"damage":0.0,"enemies":"Chosen","floor":19.0,"turns":2.0},{"damage":0.0,"enemies":"Book of Stabbing","floor":23.0,"turns":5.0},{"damage":5.0,"enemies":"Slavers","floor":25.0,"turns":3.0},{"damage":2.0,"enemies":"3 Cultists","floor":27.0,"turns":6.0},{"damage":0.0,"enemies":"Sentry and Sphere","floor":30.0,"turns":3.0},{"damage":75,"enemies":"Champ","floor":33,"turns":17}],"seed_played":"-371645632461488006","potions_obtained":[{"floor":1.0,"key":"ColorlessPotion"},{"floor":5.0,"key":"CultistPotion"},{"floor":5.0,"key":"EntropicBrew"},{"floor":12.0,"key":"Poison Potion"},{"floor":14.0,"key":"Fire Potion"},{"floor":18.0,"key":"EssenceOfSteel"},{"floor":27.0,"key":"CunningPotion"}],"is_trial":false,"path_per_floor":["M","?","M","M","?","R","E","M","T","R","M","E","R","E","R","B",null,"M","M","$","?","?","E","R","E","T","M","R","?","M","$","R","B"],"character_chosen":"THE_SILENT","items_purchased":["Acrobatics","Malaise","Tactician"],"campfire_rested":0,"item_purchase_floors":[20,20,31],"current_hp_per_floor":[48,48,48,47,47,47,34,34,34,34,34,29,29,29,29,25,56,56,56,66,66,66,66,66,61,61,59,59,59,59,66,66,0,0],"gold":36,"neow_bonus":"BOSS_RELIC","is_daily":false,"chose_seed":false,"campfire_upgraded":7,"win_rate":0.0,"timestamp":1609710352,"path_taken":["M","?","M","?","?","R","E","M","T","R","M","E","R","E","R","BOSS","M","M","$","?","?","E","R","E","T","?","R","?","?","?","R","BOSS"],"items_purchased_type":["Card","Card","Card"],"build_version":"2020-12-22","purchased_purges":2,"victory":false,"max_hp_per_floor":[66,66,66,66,66,66,66,66,66,66,66,66,66,66,66,66,66,66,66,66,66,66,66,66,66,66,66,66,66,66,66,66,66,66],"relic_stats":{"Centennial Puzzle":[3],"counters":[16,80],"MealTicket":17,"PreservedInsect":146,"Orichalcum":[78],"obtain_stats":[{"Centennial Puzzle":29,"Oddly Smooth Stone":12,"MealTicket":14,"Philosopher\u0027s Stone":17,"PreservedInsect":7,"Coffee Dripper":0,"Orichalcum":9,"FossilizedHelix":25,"Ring of the Snake":0,"Meat on the Bone":23},{"Centennial Puzzle":14,"Oddly Smooth Stone":7,"MealTicket":8,"Philosopher\u0027s Stone":9,"PreservedInsect":4,"Coffee Dripper":0,"Orichalcum":5,"FossilizedHelix":13,"Ring of the Snake":0,"Meat on the Bone":12},{"Centennial Puzzle":60,"Oddly Smooth Stone":29,"MealTicket":32,"Philosopher\u0027s Stone":40,"PreservedInsect":18,"Coffee Dripper":0,"Orichalcum":21,"FossilizedHelix":54,"Ring of the Snake":0,"Meat on the Bone":51}],"Meat on the Bone":0},"card_choices":[{"not_picked":["All Out Attack","Prepared"],"picked":"Dagger Throw","floor":1.0},{"not_picked":["Blade Dance","Accuracy"],"picked":"Dash","floor":3.0},{"not_picked":["Escape Plan","Expertise"],"picked":"Poisoned Stab","floor":4.0},{"not_picked":["Quick Slash","Backflip"],"picked":"All Out Attack","floor":7.0},{"not_picked":["Deflect","Endless Agony"],"picked":"Poisoned Stab","floor":8.0},{"not_picked":["Infinite Blades","Deflect"],"picked":"Dash","floor":11.0},{"not_picked":["Sucker Punch","Quick Slash"],"picked":"Reflex","floor":12.0},{"not_picked":["Cloak And Dagger","Endless Agony"],"picked":"Calculated Gamble","floor":14.0},{"not_picked":["Venomology","Storm of Steel"],"picked":"Adrenaline","floor":16.0},{"not_picked":["Flying Knee","Dagger Spray"],"picked":"Terror","floor":18.0},{"not_picked":["Flechettes","Tactician"],"picked":"Eviscerate","floor":19.0},{"not_picked":["Catalyst","Cloak And Dagger"],"picked":"Underhanded Strike+1","floor":23.0},{"not_picked":["Flying Knee","Slice+1","Dagger Spray"],"picked":"SKIP","floor":25.0},{"not_picked":["Bane+1","Glass Knife"],"picked":"Acrobatics","floor":27.0},{"not_picked":["Eviscerate","Dodge and Roll"],"picked":"Reflex+1","floor":30.0}],"player_experience":2035968,"relics_obtained":[{"floor":7.0,"key":"PreservedInsect"},{"floor":9.0,"key":"Orichalcum"},{"floor":12.0,"key":"Oddly Smooth Stone"},{"floor":14.0,"key":"MealTicket"},{"floor":23.0,"key":"Meat on the Bone"},{"floor":25.0,"key":"FossilizedHelix"}],"event_choices":[{"cards_removed":["Strike_G"],"damage_healed":0.0,"max_hp_gain":0.0,"max_hp_loss":0.0,"gold_gain":0.0,"event_name":"Purifier","player_choice":"Purged","floor":2.0,"gold_loss":0.0,"damage_taken":0.0},{"damage_healed":0.0,"max_hp_gain":0.0,"max_hp_loss":0.0,"gold_gain":0.0,"event_name":"The Woman in Blue","player_choice":"Bought 3 Potions","floor":5.0,"gold_loss":0.0,"damage_taken":0.0},{"damage_healed":0.0,"max_hp_gain":0.0,"max_hp_loss":0.0,"gold_gain":0.0,"event_name":"The Mausoleum","player_choice":"Ignored","floor":21.0,"gold_loss":0.0,"damage_taken":0.0},{"damage_healed":0.0,"max_hp_gain":0.0,"max_hp_loss":0.0,"gold_gain":0.0,"event_name":"Lab","player_choice":"Got Potions","floor":22.0,"gold_loss":0.0,"damage_taken":0.0},{"damage_healed":0.0,"max_hp_gain":0.0,"max_hp_loss":0.0,"gold_gain":0.0,"event_name":"WeMeetAgain","player_choice":"Gave Potion","floor":29.0,"gold_loss":0.0,"damage_taken":0.0,"relics_obtained":["Centennial Puzzle"]}],"is_beta":false,"boss_relics":[{"not_picked":["Sozu","Tiny House"],"picked":"Philosopher\u0027s Stone"}],"items_purged_floors":[20,31],"is_endless":false,"potions_floor_spawned":[1,7,12,14,18,19,27],"killed_by":"Champ","ascension_level":20}}