{"host":"ekrlb6qcypijffaz","time":1609695584,"event":{"mods":["2.2 Compatiblity","BaseMod","Colored Map","Downfall","Minty Spire (QoL Compilation)","Quick Restart","StSLib"],"gold_per_floor":[99,110,110,110,129,129,154,27,60,60,71,83,8,0,15,117,117,117,132,150,83,96,96,96,114,149,149,149,94,94,121,138,236,236,161,180,230,242,242,255,331,182,201,126,140,167,167,197,217,217,217,245,93,93,93],"floor_reached":56,"playtime":8677,"items_purged":["Guardian:Strike_Guardian","Guardian:Strike_Guardian"],"score":1907,"play_id":"ff5b8149-cb0f-4f4d-8711-655c438b0c71","local_time":"20210103183943","is_ascension_mode":true,"campfire_choices":[{"floor":1,"key":"RECALL"},{"data":"Guardian:CompilePackage","floor":13,"key":"SMITH"},{"data":"Guardian:StasisStrike","floor":18,"key":"SMITH"},{"data":"Guardian:FuturePlans","floor":28,"key":"SMITH"},{"floor":30,"key":"REST"},{"data":"Guardian:CurlUp","floor":35,"key":"SMITH"},{"data":"Guardian:PolyBeam","floor":44,"key":"SMITH"},{"data":"Guardian:Recover","floor":54,"key":"SMITH"}],"circlet_count":0,"master_deck":["Guardian:Defend_Guardian","Guardian:Defend_Guardian","Guardian:Defend_Guardian","Guardian:CurlUp+1","Guardian:TwinSlam","Guardian:DecasProtection+1","Guardian:PolyBeam+1","Guardian:FuturePlans+1","Guardian:CompilePackage+1","Guardian:BronzeArmor","Guardian:StasisStrike+1","Guardian:PiercingHide+1","Guardian:Recover+1","Necronomicurse","Guardian:Orbwalk+1","Guardian:Clone+1","Pain","Parasite","Clumsy","Guardian:PiercingHide+1"],"relics":["Empty Cage","downfall:ShatteredFragment","Lantern","Anchor","Pear","TungstenRod","downfall:HeartBlessingRed","Cursed Key","Necronomicon","Du-Vu Doll","Guardian:StasisUpgradeRelic","Meat on the Bone","Guardian:PocketSentry","Philosopher\u0027s Stone","downfall:HeartBlessingGreen","Dead Branch","OrangePellets","downfall:HeartBlessingBlue","Darkstone Periapt","Oddly Smooth Stone","Vajra"],"acts_visited":["Exordium","TheCity","TheBeyond","TheEnding"],"potions_floor_usage":[9,16,26,29,43,48],"damage_taken":[{"damage":1,"enemies":"Cultist","floor":2,"turns":4},{"damage":0,"enemies":"Jaw Worm","floor":5,"turns":3},{"damage":0,"enemies":"downfall:FleeingMerchant","floor":8,"turns":4},{"damage":8,"enemies":"Lagavulin","floor":9,"turns":6},{"damage":0,"enemies":"2 Louse","floor":11,"turns":2},{"damage":6,"enemies":"Blue Slaver","floor":12,"turns":3},{"damage":0,"enemies":"downfall:FleeingMerchant","floor":14,"turns":4},{"damage":0,"enemies":"Gremlin Gang","floor":15,"turns":3},{"damage":0,"enemies":"downfall:Watcher","floor":16,"turns":7},{"damage":0,"enemies":"Spheric Guardian","floor":19,"turns":4},{"damage":0,"enemies":"3 Byrds","floor":20,"turns":3},{"damage":0,"enemies":"downfall:FleeingMerchant","floor":21,"turns":4},{"damage":17,"enemies":"Snecko","floor":22,"turns":5},{"damage":0,"enemies":"Snake Plant","floor":25,"turns":5},{"damage":0,"enemies":"Slavers","floor":26,"turns":5},{"damage":0,"enemies":"downfall:FleeingMerchant","floor":29,"turns":3},{"damage":0,"enemies":"Gremlin Leader","floor":31,"turns":5},{"damage":0,"enemies":"Centurion and Healer","floor":32,"turns":3},{"damage":3,"enemies":"downfall:Defect","floor":33,"turns":6},{"damage":0,"enemies":"3 Shapes","floor":36,"turns":4},{"damage":3,"enemies":"Mind Bloom Boss Battle","floor":37,"turns":7},{"damage":0,"enemies":"Orb Walker","floor":38,"turns":2},{"damage":0,"enemies":"Writhing Mass","floor":40,"turns":4},{"damage":10,"enemies":"Maw","floor":43,"turns":4},{"damage":0,"enemies":"Jaw Worm Horde","floor":45,"turns":1},{"damage":2,"enemies":"Giant Head","floor":46,"turns":4},{"damage":3,"enemies":"Reptomancer","floor":48,"turns":3},{"damage":0,"enemies":"Transient","floor":49,"turns":5},{"damage":6,"enemies":"downfall:Silent","floor":50,"turns":3},{"damage":1,"enemies":"downfall:CharBossMerchant","floor":52,"turns":5},{"damage":0,"enemies":"downfall:NeowBoss","floor":55,"turns":14}],"seed_played":"-8901328106113419923","potions_obtained":[{"floor":5,"key":"AttackPotion"},{"floor":11,"key":"champ:CounterPotion"},{"floor":12,"key":"FairyPotion"},{"floor":15,"key":"Weak Potion"},{"floor":16,"key":"sneckomod:MuddlingPotion"},{"floor":20,"key":"hexamod:EctoCoolerPotion"},{"floor":25,"key":"Block Potion"},{"floor":26,"key":"Guardian:BlockOnCardUsePotion"},{"floor":33,"key":"GamblersBrew"},{"floor":37,"key":"SkillPotion"},{"floor":46,"key":"Regen Potion"},{"floor":48,"key":"BlessingOfTheForge"}],"is_trial":false,"path_per_floor":["R","M","?","?","M","?","T","$","E","T","M","M","R","$","M","B",null,"R","M","M","$","M","?","T","M","E","?","R","$","R","E","M","B",null,"R","M","?","M","?","M","T","$","M","R","M","E","?","E","M","B",null,"E","$","R","B",null],"character_chosen":"GUARDIAN","items_purchased":["Guardian:FuturePlans","Guardian:Recover","Guardian:StasisUpgradeRelic","Meat on the Bone","OrangePellets","Strength Potion"],"campfire_rested":1,"item_purchase_floors":[8,21,29,29,42,53],"current_hp_per_floor":[72,71,47,47,47,47,47,47,49,49,49,43,43,43,43,43,78,78,78,78,78,61,46,46,46,46,46,46,46,73,73,73,70,85,85,85,82,82,95,95,95,95,85,95,95,93,93,90,90,84,106,105,105,105,105],"gold":93,"neow_bonus":"BOSS_RELIC","is_daily":false,"chose_seed":false,"campfire_upgraded":6,"win_rate":0.0,"timestamp":1609695583,"path_taken":["R","M","?","?","M","?","T","$","E","?","?","?","R","?","M","BOSS","R","M","M","$","M","?","T","M","E","?","R","?","R","E","M","BOSS","R","M","?","M","?","M","T","$","M","R","M","E","?","E","M","BOSS","E","$","R","BOSS"],"items_purchased_type":["Card","Card","Relic","Relic","Relic","Potion"],"build_version":"2020-12-22","purchased_purges":2,"victory":true,"max_hp_per_floor":[80,80,80,80,80,80,80,80,90,90,90,90,90,90,90,90,90,90,90,90,90,90,90,90,90,90,90,90,90,90,90,90,90,90,90,90,90,90,103,103,103,103,103,113,113,113,113,113,113,113,113,113,113,113,113],"card_choices":[{"not_picked":["Guardian:WalkerClaw","Guardian:ChargeUp"],"picked":"Guardian:Gem_Crimson","floor":2},{"not_picked":["Guardian:TimeBomb","Guardian:Gem_Lightblue"],"picked":"Guardian:DecasProtection","floor":5},{"not_picked":["Guardian:GuardianWhirl","Guardian:Gem_Red"],"picked":"Guardian:PolyBeam","floor":8},{"not_picked":["Guardian:DecasProtection","Guardian:Recover"],"picked":"Guardian:CompilePackage","floor":9},{"not_picked":["Guardian:Gem_Cyan","Guardian:Recover"],"picked":"Guardian:BronzeArmor","floor":11},{"not_picked":["Guardian:CrystalBeam","Guardian:PolyBeam","Guardian:WalkerClaw"],"picked":"SKIP","floor":12},{"not_picked":["Guardian:SentryBeam","Guardian:CrystalBeam","Guardian:VentSteam"],"picked":"SKIP","floor":14},{"not_picked":["Guardian:PolyBeam","Guardian:WalkerClaw","Guardian:ChargeCore"],"picked":"SKIP","floor":15},{"not_picked":["Guardian:BaubleBeam","Guardian:GemFire"],"picked":"Guardian:StasisStrike","floor":16},{"not_picked":["Guardian:CrystalBeam+1","Guardian:Harden","Guardian:PrimingBeam"],"picked":"SKIP","floor":19},{"not_picked":["Guardian:TemporalStrike","Guardian:Incinerate"],"picked":"Guardian:Gem_Crimson","floor":20},{"not_picked":["Guardian:Gem_Lightblue","Guardian:RollAttack"],"picked":"Guardian:PiercingHide+1","floor":21},{"not_picked":["Guardian:Recover+1","Guardian:Gem_Green"],"picked":"Guardian:Gem_Fragmented","floor":22},{"not_picked":["Guardian:FuturePlans","Guardian:DecasProtection+1","Guardian:Gem_Red"],"picked":"SKIP","floor":25},{"not_picked":["Guardian:Gem_Crimson","Guardian:FierceBash"],"picked":"Guardian:Gem_White","floor":26},{"not_picked":["Guardian:Gem_Lightblue","Guardian:SentryBeam"],"picked":"Guardian:Orbwalk+1","floor":29},{"not_picked":["Guardian:ChargeUp","Guardian:TemporalStrike"],"picked":"Guardian:Gem_Yellow","floor":31},{"not_picked":["Guardian:Gem_Green","Guardian:RollAttack","Guardian:EvasiveProtocol+1"],"picked":"SKIP","floor":32},{"not_picked":["Guardian:HyperBeam_Guardian","Guardian:GemFinder"],"picked":"Guardian:Gem_Orange","floor":33},{"not_picked":["Guardian:TemporalShield","Guardian:ChargeCore+1"],"picked":"Guardian:Clone+1","floor":36},{"not_picked":["Guardian:Harden+1","Guardian:Gem_Blue","Guardian:ChargeCore+1"],"picked":"SKIP","floor":38},{"not_picked":["Guardian:RollAttack+1","Guardian:PolyBeam+1","Guardian:Clone"],"picked":"SKIP","floor":40},{"not_picked":["Guardian:Suspension","Guardian:VentSteam","Guardian:Planning+1"],"picked":"SKIP","floor":43},{"not_picked":["Guardian:WalkerClaw+1","Guardian:Incinerate+1","Guardian:Gem_White"],"picked":"SKIP","floor":45},{"not_picked":["Guardian:PrimingBeam+1","Guardian:Recover","Guardian:ShieldSpikes"],"picked":"SKIP","floor":46},{"not_picked":["Guardian:Emergency","Guardian:Gem_Yellow","Guardian:RevengeProtocol"],"picked":"SKIP","floor":48},{"not_picked":["Guardian:EvasiveProtocol","Guardian:CrystalBeam+1"],"picked":"Guardian:PiercingHide+1","floor":49},{"not_picked":["Guardian:TemporalShield","Guardian:Gem_Cyan","Guardian:Recover"],"picked":"SKIP","floor":52}],"player_experience":1959639,"relics_obtained":[{"floor":7,"key":"Anchor"},{"floor":9,"key":"Pear"},{"floor":10,"key":"TungstenRod"},{"floor":23,"key":"Necronomicon"},{"floor":26,"key":"Du-Vu Doll"},{"floor":31,"key":"Guardian:PocketSentry"},{"floor":37,"key":"Dead Branch"},{"floor":46,"key":"Darkstone Periapt"},{"floor":48,"key":"Oddly Smooth Stone"},{"floor":52,"key":"Vajra"}],"event_choices":[{"cards_removed":["Guardian:Strike_Guardian"],"damage_healed":0,"gold_gain":0,"player_choice":"Elegance","damage_taken":0,"max_hp_gain":0,"max_hp_loss":0,"event_name":"Back to Basics","floor":27,"gold_loss":0}],"is_beta":false,"boss_relics":[{"not_picked":["Pandora\u0027s Box","Velvet Choker"],"picked":"Cursed Key"},{"not_picked":["Busted Crown","Fusion Hammer"],"picked":"Philosopher\u0027s Stone"}],"items_purged_floors":[8,53],"is_endless":false,"potions_floor_spawned":[5,11,12,15,16,20,25,26,33,37,40,46,48,49,52],"ascension_level":7}}