{"host":"873t0y8ybyo38pfq","time":1609685639,"event":{"mods":["BaseMod","Bestiary","Colored Map","Colored Powertips","Highlight Path","Minty Spire (QoL Compilation)","Quick Restart","RNG Fix","Rare Cards Sparkle","Relic Stats","StSLib"],"gold_per_floor":[115,265,265,285,285,310,310,341,376,388,400,443,467,479,479],"floor_reached":14,"playtime":159,"items_purged":[],"score":262,"play_id":"b88b70e7-1a06-4527-b21e-187a0d4cf2f1","local_time":"20210103095359","is_ascension_mode":true,"campfire_choices":[{"data":"Rainbow","floor":7,"key":"SMITH"},{"floor":10,"key":"REST"}],"circlet_count":0,"master_deck":["AscendersBane","Strike_B+1","Strike_B","Strike_B+1","Strike_B","Defend_B","Defend_B","Defend_B","Defend_B","Zap","Dualcast","Ball Lightning","Rainbow","Rainbow+1","Hologram","Capacitor"],"relics":["Cracked Core","NeowsBlessing","MealTicket","Prayer Wheel","MawBank","Whetstone","Pen Nib"],"acts_visited":["Exordium"],"potions_floor_usage":[10],"damage_taken":[{"damage":0,"enemies":"Jaw Worm","floor":1,"turns":1},{"damage":0,"enemies":"Cultist","floor":4,"turns":1},{"damage":0,"enemies":"3 Sentries","floor":6,"turns":1},{"damage":37,"enemies":"Gremlin Nob","floor":8,"turns":4},{"damage":21,"enemies":"Lagavulin","floor":12,"turns":5},{"damage":0,"enemies":"2 Louse","floor":13,"turns":1},{"damage":56,"enemies":"Gremlin Nob","floor":14,"turns":4}],"seed_played":"8515369630010779083","potions_obtained":[{"floor":4,"key":"Fruit Juice"},{"floor":13,"key":"BlessingOfTheForge"}],"is_trial":false,"path_per_floor":["M","?","?","M","?","E","R","E","T","R","?","E","M","E"],"character_chosen":"DEFECT","items_purchased":[],"campfire_rested":1,"item_purchase_floors":[],"current_hp_per_floor":[64,64,57,57,46,46,46,9,9,35,60,39,39,0,0],"gold":479,"neow_bonus":"THREE_ENEMY_KILL","is_daily":false,"chose_seed":false,"campfire_upgraded":1,"win_rate":0.0,"timestamp":1609685639,"path_taken":["M","?","?","?","?","E","R","E","T","R","?","E","M","E"],"items_purchased_type":[],"build_version":"2020-12-22","purchased_purges":0,"victory":false,"max_hp_per_floor":[71,71,71,71,71,71,71,71,71,76,76,76,76,76,76],"relic_stats":{"counters":[7,17],"MealTicket":0,"Prayer Wheel":1,"Pen Nib":[0],"Whetstone":["Strike_B","Strike_B"],"MawBank":72,"obtain_stats":[{"NeowsBlessing":0,"MealTicket":5,"Prayer Wheel":6,"Pen Nib":12,"Whetstone":9,"Cracked Core":0,"MawBank":8},{"NeowsBlessing":0,"MealTicket":2,"Prayer Wheel":3,"Pen Nib":5,"Whetstone":4,"Cracked Core":0,"MawBank":4},{"NeowsBlessing":0,"MealTicket":2,"Prayer Wheel":3,"Pen Nib":12,"Whetstone":7,"Cracked Core":0,"MawBank":7}]},"card_choices":[{"not_picked":["Streamline","Rebound"],"picked":"Ball Lightning","floor":1},{"not_picked":["Hologram","Barrage"],"picked":"Rainbow","floor":4},{"not_picked":["Compile Driver","Conserve Battery"],"picked":"Rainbow","floor":6},{"not_picked":["Turbo","Gash","Fusion"],"picked":"SKIP","floor":8},{"not_picked":["Leap","Multi-Cast"],"picked":"Hologram","floor":12},{"not_picked":["Steam Power","FTL"],"picked":"Capacitor","floor":13},{"not_picked":["Reinforced Body","Go for the Eyes","Steam Power"],"picked":"SKIP","floor":13}],"player_experience":1488712,"relics_obtained":[{"floor":6,"key":"Prayer Wheel"},{"floor":8,"key":"MawBank"},{"floor":9,"key":"Whetstone"},{"floor":12,"key":"Pen Nib"}],"event_choices":[{"damage_healed":0,"gold_gain":150,"player_choice":"AGREE","damage_taken":0,"max_hp_gain":0,"max_hp_loss":0,"event_name":"Liars Game","floor":2,"gold_loss":0,"cards_obtained":["Doubt"]},{"cards_removed":["Doubt"],"damage_healed":0,"gold_gain":0,"player_choice":"Card Removal","damage_taken":7,"max_hp_gain":0,"max_hp_loss":0,"event_name":"Golden Wing","floor":3,"gold_loss":0},{"damage_healed":0,"gold_gain":0,"player_choice":"Success","damage_taken":11,"relics_obtained":["MealTicket"],"max_hp_gain":0,"max_hp_loss":0,"event_name":"Scrap Ooze","floor":5,"gold_loss":0},{"damage_healed":25,"gold_gain":0,"player_choice":"Banana","damage_taken":0,"max_hp_gain":0,"max_hp_loss":0,"event_name":"Big Fish","floor":11,"gold_loss":0}],"is_beta":false,"boss_relics":[],"items_purged_floors":[],"is_endless":false,"potions_floor_spawned":[4,13],"killed_by":"Gremlin Nob","ascension_level":20}}