{"host":"ty2cix8xj6r3ad26","time":1609706114,"event":{"mods":["AchievementEnabler","BaseMod","BetterRewards","Minty Spire (QoL Compilation)","StSLib","SuperFastMode"],"gold_per_floor":[113,130,130,142,142,142,183,183,183,199,32,53,53,53,53,53,53],"floor_reached":16,"playtime":674,"items_purged":["Strike_B","Strike_B"],"score":135,"play_id":"75ce75cd-ebae-4852-9a8c-e99c02f3cbaa","local_time":"20210103223514","is_ascension_mode":true,"campfire_choices":[{"data":"Gash","floor":6,"key":"SMITH"},{"floor":8,"key":"REST"},{"data":"Scrape","floor":13,"key":"SMITH"},{"data":"Hyperbeam","floor":15,"key":"SMITH"}],"circlet_count":0,"master_deck":["Strike_B","Strike_B","Defend_B","Defend_B","Defend_B","Zap","Dualcast","FTL","Genetic Algorithm","Turbo","Gash+1","Scrape+1","Hyperbeam+1","BootSequence"],"relics":["Cracked Core","Blood Vial","Calipers","Happy Flower","Golden Idol","Bottled Flame"],"acts_visited":["Exordium"],"potions_floor_usage":[12,16],"damage_taken":[{"damage":5,"enemies":"2 Louse","floor":1,"turns":3},{"damage":0,"enemies":"Jaw Worm","floor":2,"turns":3},{"damage":1,"enemies":"Cultist","floor":4,"turns":3},{"damage":23,"enemies":"3 Sentries","floor":7,"turns":8},{"damage":12,"enemies":"Large Slime","floor":10,"turns":6},{"damage":0,"enemies":"Blue Slaver","floor":12,"turns":2},{"damage":28,"enemies":"The Guardian","floor":16,"turns":4}],"seed_played":"-6151897422204281995","potions_obtained":[{"floor":7,"key":"Energy Potion"},{"floor":10,"key":"DistilledChaos"},{"floor":12,"key":"FearPotion"}],"is_trial":false,"path_per_floor":["M","M","?","M","?","R","E","R","T","M","$","M","R","?","R","B"],"character_chosen":"DEFECT","items_purchased":["Blood Vial","FTL","Happy Flower","Genetic Algorithm","Hyperbeam"],"campfire_rested":1,"item_purchase_floors":[0,0,0,0,11],"current_hp_per_floor":[30,32,32,33,33,33,12,32,32,22,22,24,24,24,24,0,0],"gold":53,"neow_bonus":"","is_daily":false,"chose_seed":false,"campfire_upgraded":3,"win_rate":0.0,"timestamp":1609706114,"path_taken":["M","M","?","M","?","R","E","R","T","M","?","?","R","?","R","BOSS"],"items_purchased_type":["Relic","Card","Relic","Card","Card"],"build_version":"2020-12-22","purchased_purges":2,"victory":false,"max_hp_per_floor":[75,75,75,75,69,69,69,69,69,69,69,69,69,69,69,69,69],"card_choices":[{"not_picked":["Compile Driver","Beam Cell"],"picked":"Turbo","floor":1},{"not_picked":["Rebound","Hologram","Ball Lightning"],"picked":"SKIP","floor":2},{"not_picked":["Conserve Battery","Compile Driver"],"picked":"Gash","floor":4},{"not_picked":["Compile Driver","Amplify","Hologram"],"picked":"SKIP","floor":7},{"not_picked":["Auto Shields","Compile Driver"],"picked":"Scrape","floor":10},{"not_picked":["Cold Snap","Sunder"],"picked":"BootSequence","floor":12}],"player_experience":402220,"relics_obtained":[{"floor":7,"key":"Bottled Flame"}],"event_choices":[{"damage_healed":0,"gold_gain":0,"player_choice":"Ignored","damage_taken":0,"max_hp_gain":0,"max_hp_loss":0,"event_name":"Liars Game","floor":3,"gold_loss":0},{"damage_healed":0,"gold_gain":0,"player_choice":"Lose Max HP","damage_taken":0,"relics_obtained":["Golden Idol"],"max_hp_gain":0,"max_hp_loss":6,"event_name":"Golden Idol","floor":5,"gold_loss":0},{"cards_removed":["Defend_B"],"damage_healed":0,"gold_gain":0,"player_choice":"Forget","damage_taken":0,"max_hp_gain":0,"max_hp_loss":0,"event_name":"Living Wall","floor":14,"gold_loss":0}],"is_beta":false,"boss_relics":[],"items_purged_floors":[0,11],"is_endless":false,"potions_floor_spawned":[7,10,12],"killed_by":"The Guardian","ascension_level":7}}