{"host":"i9477i93mjcyimye","time":1609665402,"event":{"mods":["Aspiration","BaseMod","Bestiary","Colored Powertips","Downfall","Ironclad Rager","Minty Spire (QoL Compilation)","Quick Restart","Relic Stats","Replay The Spire","Spicy Shops","StSLib","The Jungle","Wandering Minibosses"],"gold_per_floor":[99,114,114,114,124,124,149,7,37,55,40,65,270,284,299,399,399,249,268,283,294,311,322,322,337,337,14,14,29,29,29,42,137,137,62,75,75,90,90,103,128,138,138,157,157,85,85,11,28,28,28,55,1,1,1],"floor_reached":56,"playtime":8005,"items_purged":[],"score":1205,"play_id":"49b7ba6d-da27-4f02-bd03-8467f47361e2","local_time":"20210103201642","is_ascension_mode":true,"campfire_choices":[{"data":"Slimebound:Split","floor":1,"key":"SMITH"},{"data":"Slimebound:Gluttony","floor":18,"key":"SMITH"},{"floor":26,"key":"RECALL"},{"data":"Slimebound:SelfFormingGoo","floor":35,"key":"SMITH"},{"data":"Slimebound:WasteNot","floor":43,"key":"SMITH"},{"data":"Slimebound:DuplicatedForm","floor":45,"key":"SMITH"},{"data":"Slimebound:TongueLash","floor":47,"key":"SMITH"},{"data":"Replay:SS_fish_3","floor":54,"key":"SMITH"}],"circlet_count":0,"master_deck":["Slimebound:Strike_Slimebound","Slimebound:Strike_Slimebound","Slimebound:Strike_Slimebound","Slimebound:Tackle","Slimebound:Defend_Slimebound","Slimebound:Defend_Slimebound","Slimebound:Defend_Slimebound","Slimebound:Defend_Slimebound","Slimebound:Split+1","Slimebound:CorrosiveSpit","Slimebound:SplitAcid","Slimebound:RejuvenatingLick","Slimebound:LeechEnergy","Slimebound:SelfFormingGoo+1","Slimebound:SplitMire","Slimebound:SlimeTap","Slimebound:GoopSpray","Slimebound:FormOfPuddle","Slimebound:Dissolve","Slimebound:ViciousTackle","Slimebound:SplitLeeching","Slimebound:ProtectTheBoss","Slimebound:Gluttony+1","Slimebound:WasteNot+1","Slimebound:LeadByExample+1","Slimebound:GoopTackle","Chill+1","ICR:ChainLightning","Slimebound:GrowthPunch","Slimebound:LeadByExample","Slimebound:TongueLash+1","Replay:SS_fish_3+1","Ball Lightning","Slimebound:PressTheAttack","Slimebound:RollThrough","Slimebound:FinishingTackle","Slimebound:DuplicatedForm+1","Slimebound:SamplingLick+1","Slimebound:LeechEnergy","Slimebound:OozeBath","Slimebound:LeechingTouch+1","Compile Driver+1","ReplayTheSpireMod:Splinters","expansioncontent:ManipulateTime","Slimebound:SplitMire+1","Turbo+1","Slimebound:Equalize+1","Slimebound:SplitBruiser"],"relics":["Slimebound:AbsorbEndCombat","Quantum Egg","downfall:ShatteredFragment","Shuriken","aspiration:DefectSkillbook","downfall:HeartBlessingBlue","downfall:HeartBlessingGreen","Gremlin Horn","Replay:WaspNest","BargainBundle","downfall:RedIOU","aspiration:SecretTechniqueScroll","downfall:HeartBlessingRed","Happy Flower","ReplayTheSpireMod:CursedCoin","Replay:Mystery Machine","Chameleon Ring"],"acts_visited":["Exordium","TheCity","TheBeyond","TheEnding"],"potions_floor_usage":[11,16,25,27,33,33,33,50,55,55,55],"damage_taken":[{"damage":16,"enemies":"Cultist","floor":2,"turns":3},{"damage":12,"enemies":"2 Louse","floor":5,"turns":2},{"damage":28,"enemies":"downfall:FleeingMerchant","floor":8,"turns":4},{"damage":32,"enemies":"3 Sentries","floor":9,"turns":5},{"damage":12,"enemies":"Small Slimes","floor":10,"turns":2},{"damage":19,"enemies":"downfall:FleeingMerchant","floor":11,"turns":4},{"damage":17,"enemies":"Gremlin Nob","floor":12,"turns":3},{"damage":10,"enemies":"Blue Slaver","floor":14,"turns":2},{"damage":30,"enemies":"Exordium Thugs","floor":15,"turns":3},{"damage":55,"enemies":"downfall:Defect","floor":16,"turns":6},{"damage":21,"enemies":"Chosen","floor":19,"turns":3},{"damage":24,"enemies":"Shell Parasite","floor":20,"turns":3},{"damage":48,"enemies":"Snake Plant","floor":21,"turns":3},{"damage":22,"enemies":"3 Cultists","floor":22,"turns":3},{"damage":28,"enemies":"Centurion and Healer","floor":23,"turns":4},{"damage":23,"enemies":"Snecko","floor":25,"turns":3},{"damage":8,"enemies":"downfall:FleeingMerchant","floor":27,"turns":4},{"damage":16,"enemies":"3 Cultists","floor":29,"turns":4},{"damage":17,"enemies":"Snake Plant","floor":32,"turns":2},{"damage":50,"enemies":"downfall:Silent","floor":33,"turns":3},{"damage":24,"enemies":"Orb Walker","floor":36,"turns":3},{"damage":16,"enemies":"3 Shapes","floor":38,"turns":2},{"damage":21,"enemies":"Sphere and 2 Shapes","floor":40,"turns":3},{"damage":8,"enemies":"3 Darklings","floor":42,"turns":3},{"damage":38,"enemies":"Transient","floor":44,"turns":5},{"damage":51,"enemies":"Maw","floor":49,"turns":5},{"damage":43,"enemies":"downfall:Ironclad","floor":50,"turns":5},{"damage":55,"enemies":"downfall:CharBossMerchant","floor":52,"turns":5},{"damage":105,"enemies":"downfall:NeowBoss","floor":55,"turns":16}],"seed_played":"4633316182004754226","potions_obtained":[{"floor":9,"key":"Energy Potion"},{"floor":10,"key":"Guardian:BlockOnCardUsePotion"},{"floor":12,"key":"DistilledChaos"},{"floor":16,"key":"Regen Potion"},{"floor":20,"key":"Block Potion"},{"floor":25,"key":"Energy Potion"},{"floor":33,"key":"Elixir"},{"floor":38,"key":"LiquidBronze"},{"floor":52,"key":"SkillPotion"}],"is_trial":false,"path_per_floor":["R","M","T","?","M","?","T","$","E","M","$","E","?","M","M","B",null,"R","M","M","M","M","M","T","M","R","$","?","M","?","$","M","B",null,"R","M","?","M","?","M","T","M","R","M","R","$","R","$","M","B",null,"E","$","R","B",null],"character_chosen":"SLIMEBOUND","items_purchased":["Slimebound:SplitMire","Slimebound:SlimeTap","Slimebound:TongueLash","Replay:SS_fish_3","Replay:WaspNest","BargainBundle","Ball Lightning","BlessingOfTheForge","Death Potion","Languid Potion","ReplayTheSpireMod:CursedCoin","expansioncontent:ManipulateTime","Slimebound:SplitMire+1","Doom Potion","Replay:Mystery Machine","Slimebound:SplitBruiser"],"campfire_rested":0,"item_purchase_floors":[8,8,27,27,27,27,27,27,27,27,46,46,46,46,48,53],"current_hp_per_floor":[60,60,60,42,42,47,47,49,43,47,65,59,33,33,29,24,65,75,70,69,47,53,53,53,59,59,75,75,75,75,75,75,63,75,75,67,67,65,65,62,62,75,75,72,72,72,72,72,75,75,75,62,62,62,75],"gold":1,"neow_bonus":"THREE_CARDS","is_daily":false,"chose_seed":false,"campfire_upgraded":7,"win_rate":0.0,"timestamp":1609665402,"path_taken":["R","M","?","?","M","?","T","?","E","?","$","E","?","M","M","BOSS","R","M","?","M","M","M","T","M","R","$","?","M","?","$","M","BOSS","R","M","?","M","?","?","T","M","R","M","R","?","R","$","M","BOSS","E","$","R","BOSS"],"items_purchased_type":["Card","Card","Card","Card","Relic","Relic","Card","Potion","Potion","Potion","Relic","Card","Card","Potion","Relic","Card"],"build_version":"2020-12-22","purchased_purges":0,"victory":true,"max_hp_per_floor":[60,60,60,60,60,65,65,65,65,65,65,65,65,65,65,65,65,75,75,75,75,75,75,75,75,75,75,75,75,75,75,75,75,75,75,75,75,75,75,75,75,75,75,75,75,75,75,75,75,75,75,75,75,75,75],"relic_stats":{"Gremlin Horn":[11,11],"Happy Flower":[14],"counters":[29,112],"Shuriken":[39],"obtain_stats":[{"BargainBundle":27,"downfall:ShatteredFragment":4,"Gremlin Horn":24,"downfall:HeartBlessingRed":35,"Happy Flower":41,"ReplayTheSpireMod:CursedCoin":46,"Quantum Egg":3,"downfall:HeartBlessingGreen":18,"Replay:WaspNest":27,"aspiration:SecretTechniqueScroll":34,"Replay:Mystery Machine":48,"Chameleon Ring":52,"aspiration:DefectSkillbook":17,"Shuriken":12,"downfall:HeartBlessingBlue":18,"downfall:RedIOU":30,"Slimebound:AbsorbEndCombat":0,"Bag of Marbles":9},{"BargainBundle":17,"downfall:ShatteredFragment":1,"Gremlin Horn":15,"downfall:HeartBlessingRed":20,"Happy Flower":23,"ReplayTheSpireMod:CursedCoin":25,"Quantum Egg":1,"downfall:HeartBlessingGreen":10,"Replay:WaspNest":17,"aspiration:SecretTechniqueScroll":20,"Replay:Mystery Machine":25,"Chameleon Ring":28,"aspiration:DefectSkillbook":10,"Shuriken":7,"downfall:HeartBlessingBlue":10,"downfall:RedIOU":18,"Slimebound:AbsorbEndCombat":0,"Bag of Marbles":4},{"BargainBundle":56,"downfall:ShatteredFragment":3,"Gremlin Horn":49,"downfall:HeartBlessingRed":65,"Happy Flower":73,"ReplayTheSpireMod:CursedCoin":81,"Quantum Egg":3,"downfall:HeartBlessingGreen":33,"Replay:WaspNest":56,"aspiration:SecretTechniqueScroll":65,"Replay:Mystery Machine":81,"Chameleon Ring":96,"aspiration:DefectSkillbook":33,"Shuriken":22,"downfall:HeartBlessingBlue":33,"downfall:RedIOU":60,"Slimebound:AbsorbEndCombat":0,"Bag of Marbles":13}]},"card_choices":[{"not_picked":["Slimebound:Prepare","Slimebound:Schlurp"],"picked":"Slimebound:SplitAcid","floor":0},{"not_picked":["Slimebound:Schlurp","Slimebound:SplitAcid"],"picked":"Slimebound:RejuvenatingLick","floor":2},{"not_picked":["Slimebound:LivingWall","Slimebound:LeechingTouch"],"picked":"Slimebound:LeechEnergy","floor":5},{"not_picked":["Slimebound:ComboTackle","Slimebound:SplitAcid"],"picked":"Slimebound:SelfFormingGoo","floor":8},{"not_picked":["Slimebound:FinishingTackle","Slimebound:Grow"],"picked":"Slimebound:GoopSpray","floor":9},{"not_picked":["Slimebound:FinishingTackle","Slimebound:LeechEnergy"],"picked":"Slimebound:FormOfPuddle","floor":10},{"not_picked":["Slimebound:GoopSpray","Slimebound:LeechingTouch"],"picked":"Slimebound:Dissolve","floor":11},{"not_picked":["Slimebound:SplitLeeching","Slimebound:FinishingTackle"],"picked":"Slimebound:ViciousTackle","floor":12},{"not_picked":["Slimebound:ViciousTackle","Slimebound:LeechEnergy"],"picked":"Slimebound:SplitLeeching","floor":13},{"not_picked":["Slimebound:DisruptingSlam","Slimebound:ViciousTackle"],"picked":"Slimebound:ProtectTheBoss","floor":14},{"not_picked":["Slimebound:SplitBruiser","Slimebound:LeechingTouch"],"picked":"Slimebound:Gluttony","floor":15},{"not_picked":["Slimebound:MassRepurpose","Slimebound:RallyTheTroops"],"picked":"Slimebound:WasteNot","floor":16},{"not_picked":["Slimebound:ViciousTackle","BootSequence+1","Rebound"],"picked":"Slimebound:SplitAcid+1","floor":19},{"not_picked":["Slimebound:ComboTackle","Slimebound:Prepare","Stack+1"],"picked":"Slimebound:LeadByExample+1","floor":20},{"not_picked":["Slimebound:SplitLeeching","Sweeping Beam+1","Barrage"],"picked":"Slimebound:GoopTackle","floor":21},{"not_picked":["FTL","Slimebound:SlimeSpikes","Rebound+1"],"picked":"Chill+1","floor":22},{"not_picked":["Blizzard","Slimebound:Gluttony","Multi-Cast"],"picked":"ICR:ChainLightning","floor":23},{"not_picked":["Slimebound:SplitLeeching","Slimebound:SamplingLick","Heatsinks"],"picked":"Slimebound:GrowthPunch","floor":25},{"not_picked":["Slimebound:Nibble","Slimebound:Replication+1","Doom and Gloom+1"],"picked":"Slimebound:LeadByExample","floor":27},{"not_picked":["Go for the Eyes","Slimebound:LeechEnergy+1","Hologram"],"picked":"Slimebound:RollThrough","floor":29},{"not_picked":["Slimebound:SplitMire","Panic Button","Slimebound:RollThrough"],"picked":"Slimebound:FinishingTackle","floor":32},{"not_picked":["Slimebound:OneTwoCombo","Slimebound:MassRepurpose","Slimebound:Teamwork"],"picked":"Slimebound:DuplicatedForm","floor":33},{"not_picked":["Slimebound:GrowthPunch+1","Slimebound:FinishingTackle","Stack+1"],"picked":"Slimebound:SamplingLick+1","floor":36},{"not_picked":["Rebound","Barrage+1","Slimebound:GrowthPunch+1"],"picked":"Slimebound:LeechEnergy","floor":38},{"not_picked":["Redo+1","Compile Driver","Tempest"],"picked":"Slimebound:OozeBath","floor":40},{"not_picked":["Slimebound:SplitLeeching+1","Redo+1","Slimebound:SplitMire"],"picked":"Slimebound:LeechingTouch+1","floor":42},{"not_picked":["Reinforced Body","Conserve Battery","Darkness+1"],"picked":"Compile Driver+1","floor":44},{"not_picked":["Hello World","Leap+1","Conserve Battery+1"],"picked":"Turbo+1","floor":49},{"not_picked":["Crystallizer+1","Undo+1","Slimebound:ComboTackle"],"picked":"Slimebound:Equalize+1","floor":52}],"player_experience":229353,"relics_obtained":[{"floor":3,"key":"Quantum Egg"},{"floor":9,"key":"Bag of Marbles"},{"floor":12,"key":"Shuriken"},{"floor":24,"key":"Gremlin Horn"},{"floor":41,"key":"Happy Flower"},{"floor":52,"key":"Chameleon Ring"}],"event_choices":[{"damage_healed":0,"gold_gain":0,"player_choice":"Donut","damage_taken":0,"max_hp_gain":5,"max_hp_loss":0,"event_name":"Big Fish","floor":6,"gold_loss":0},{"damage_healed":0,"gold_gain":0,"player_choice":"Read","damage_taken":0,"max_hp_gain":0,"max_hp_loss":0,"event_name":"The Library","floor":28,"gold_loss":0,"cards_obtained":["Slimebound:PressTheAttack"]},{"cards_removed":["Slimebound:SplitAcid"],"damage_healed":0,"gold_gain":0,"player_choice":"Removed Skill","damage_taken":0,"max_hp_gain":0,"max_hp_loss":0,"event_name":"Falling","floor":37,"gold_loss":0}],"is_beta":false,"boss_relics":[{"not_picked":["ReplayTheSpireMod:DimensionalGlitch","Tiny House"],"picked":"aspiration:DefectSkillbook"},{"not_picked":["SacredBark","aspiration:RunicSpoon"],"picked":"aspiration:SecretTechniqueScroll"}],"items_purged_floors":[],"is_endless":false,"potions_floor_spawned":[9,10,12,16,20,22,25,33,38,52],"ascension_level":1}}