{"host":"15f3wpiimhe5yrng","time":1609644996,"event":{"mods":["2.2 Compatiblity","Arknights The Spire","BaseMod","Bestiary","Better Altar","Better Match","Better Note","Better Sensory Stone","Better Skull","Better Third Choice","Colored Map","Colored Powertips","Downfall","Evolution","Marisa????????","Minty Spire (QoL Compilation)","Permanent Neow","Relic Filter","SacredBarkPlus","Spicy Shops","StSLib","The Animator","The Caster","The Marked","The Poker Player","TheSwordswoman","??????REMEMod"],"gold_per_floor":[117,117,36,52,70,95,123,166,178,201,233,272,23,38,38,137,137,157,157,207,7,23,23,38,38,92,123,123,143,176,195,195,296,296,316,363,379,379,389,424,424,424,424,513,524,543,543,543,543,543],"floor_reached":51,"playtime":3601,"items_purged":[],"score":744,"play_id":"739f3fc2-e346-4d31-877d-c6c082f5221a","local_time":"20210103043636","is_ascension_mode":false,"campfire_choices":[{"floor":15,"key":"REST"},{"data":"theMarked:Polarize","floor":23,"key":"SMITH"},{"data":"theMarked:Challenge","floor":28,"key":"SMITH"},{"floor":32,"key":"REST"},{"data":"REME_ProfessionalPlagiarism","floor":41,"key":"SMITH"},{"data":"theMarked:Generate","floor":47,"key":"SMITH"},{"floor":49,"key":"REST"}],"circlet_count":0,"master_deck":["theMarked:Strike+1","theMarked:Strike","theMarked:Strike","theMarked:Strike","theMarked:Strike","theMarked:Defend","theMarked:Defend","theMarked:Defend","theMarked:Defend","theMarked:SoldierOfQuellstein","expansioncontent:DashGenerateEvil+1","theMarked:Polarize+1","theMarked:ElectricStrings","theMarked:Generate+1","theMarked:ElectricStrings","theMarked:Aftermath","theMarked:Static","theMarked:Overcharge","theMarked:GodGivenPower","theMarked:CreepingChasm","theMarked:ResourceFulStrike","theMarked:ResourceFulStrike","theMarked:Challenge+1","theMarked:Convert+1","REME_MawOfCthun+1","theMarked:Static","theMarked:RepellingDischarge","theMarked:RepellingDischarge+1","theMarked:EnhanceMovement","REME_ProfessionalPlagiarism+1","theMarked:MaelstromOfLightning+1","theMarked:Generate+1","theMarked:Aftermath","theMarked:Aftermath"],"relics":["theMarked:ArtifactOfAir","EVO:Axolotl","REME_ComplimentaryCards","Centennial Puzzle","Oddly Smooth Stone","MawBank","Dream Catcher","REME_HourglassOfDeath","theMarked:Winder","SacredBark","Anchor","Lantern","Boot","Shuriken","Cursed Key","Unceasing Top","Bronze Scales","theMarked:DemonDagger","Juzu Bracelet"],"acts_visited":["Exordium","TheCity","TheBeyond"],"potions_floor_usage":[8,16,18,22,24,30,30,36,44,50],"damage_taken":[{"damage":0,"enemies":"2 Louse","floor":1,"turns":2},{"damage":0,"enemies":"Small Slimes","floor":4,"turns":3},{"damage":0,"enemies":"Cultist","floor":5,"turns":2},{"damage":6,"enemies":"3 Sentries","floor":6,"turns":7},{"damage":0,"enemies":"Exordium Thugs","floor":7,"turns":4},{"damage":23,"enemies":"Gremlin Nob","floor":8,"turns":5},{"damage":4,"enemies":"Exordium Wildlife","floor":10,"turns":3},{"damage":6,"enemies":"Blue Slaver","floor":11,"turns":2},{"damage":3,"enemies":"3 Sentries","floor":12,"turns":4},{"damage":0,"enemies":"Exordium Thugs","floor":14,"turns":4},{"damage":15,"enemies":"Hexaghost","floor":16,"turns":6},{"damage":19,"enemies":"2 Thieves","floor":18,"turns":3},{"damage":10,"enemies":"Spheric Guardian","floor":22,"turns":3},{"damage":6,"enemies":"Snecko","floor":24,"turns":5},{"damage":8,"enemies":"Gremlin Leader","floor":27,"turns":3},{"damage":14,"enemies":"3 Cultists","floor":29,"turns":5},{"damage":3,"enemies":"REME_1_Revenger","floor":30,"turns":5},{"damage":0,"enemies":"Chosen and Byrds","floor":31,"turns":6},{"damage":18,"enemies":"Champ","floor":33,"turns":9},{"damage":0,"enemies":"3 Darklings","floor":35,"turns":2},{"damage":17,"enemies":"2 Orb Walkers","floor":36,"turns":4},{"damage":2,"enemies":"Orb Walker","floor":37,"turns":3},{"damage":0,"enemies":"Jaw Worm Horde","floor":39,"turns":2},{"damage":6,"enemies":"Reptomancer","floor":40,"turns":7},{"damage":16,"enemies":"Nemesis","floor":44,"turns":5},{"damage":8,"enemies":"Maw","floor":45,"turns":7},{"damage":0,"enemies":"Spire Growth","floor":46,"turns":2},{"damage":23,"enemies":"Time Eater","floor":50,"turns":9}],"seed_played":"7427694778487172123","potions_obtained":[{"floor":4,"key":"hexamod:EctoCoolerPotion"},{"floor":11,"key":"BlessingOfTheForge"},{"floor":12,"key":"sneckomod:MuddlingPotion"},{"floor":14,"key":"GamblersBrew"},{"floor":16,"key":"theMarked:SummonPotion"},{"floor":22,"key":"BlessingOfTheForge"},{"floor":27,"key":"DuplicationPotion"},{"floor":35,"key":"AttackPotion"},{"floor":37,"key":"REME_GoldPotion"},{"floor":39,"key":"sneckomod:MuddlingPotion"},{"floor":46,"key":"Regen Potion"}],"is_trial":false,"path_per_floor":["M","?","?","M","M","E","M","E","T","M","M","E","$","M","R","B",null,"M","?","?","$","M","R","M","$","T","E","R","M","E","M","R","B",null,"M","?","M","?","M","E","R","?","T","E","M","M","R","?","R","B",null],"character_chosen":"THE_DEFAULT","items_purchased":["theMarked:GodGivenPower","theMarked:CreepingChasm","theMarked:Winder","theMarked:Static","Anchor"],"campfire_rested":3,"item_purchase_floors":[13,13,13,21,21],"current_hp_per_floor":[70,56,56,56,56,50,50,27,27,23,17,14,14,14,35,20,70,51,51,51,51,41,41,35,35,35,27,27,13,10,10,31,13,70,70,53,51,51,51,45,45,49,49,33,25,25,25,25,46,42],"gold":543,"neow_bonus":"RANDOM_COMMON_RELIC","is_daily":false,"chose_seed":false,"campfire_upgraded":4,"win_rate":0.0,"timestamp":1609644996,"path_taken":["M","?","?","M","M","E","M","E","T","M","?","E","?","M","R","BOSS","M","?","?","$","M","R","?","?","T","E","R","M","E","M","R","BOSS","M","?","M","?","M","E","R","?","T","E","M","M","R","?","R","BOSS"],"items_purchased_type":["Card","Card","Relic","Card","Relic"],"build_version":"2020-12-22","purchased_purges":0,"victory":true,"max_hp_per_floor":[70,70,70,70,70,70,70,70,70,70,70,70,70,70,70,70,70,70,70,70,70,70,70,70,70,70,70,70,70,70,70,70,70,70,70,70,70,70,70,70,70,70,70,70,70,70,70,70,70,70],"card_choices":[{"not_picked":["theMarked:WardOff","theMarked:Reabsorb"],"picked":"theMarked:Polarize","floor":1},{"not_picked":["theMarked:Indomitable","theMarked:WastefulDefense"],"picked":"theMarked:ElectricStrings","floor":4},{"not_picked":["theMarked:HeightenedSenses","theMarked:Opportunist"],"picked":"theMarked:Generate","floor":5},{"not_picked":["theMarked:Standoff","theMarked:SwordAndMagic"],"picked":"theMarked:ElectricStrings","floor":6},{"not_picked":["theMarked:ComboAttacks","theMarked:SelfDefenseTraining"],"picked":"theMarked:Aftermath","floor":7},{"not_picked":["theMarked:BanishingStrike","theMarked:Parry","theMarked:EmpowerWeapon"],"picked":"SKIP","floor":8},{"not_picked":["theMarked:Vacuum","theMarked:TwofoldDefense"],"picked":"theMarked:Static","floor":10},{"not_picked":["theMarked:TunnelVision","theMarked:Parry","theMarked:BanishingStrike"],"picked":"SKIP","floor":11},{"not_picked":["theMarked:KeepCalmAndFightOn","theMarked:SelfDefenseTraining"],"picked":"theMarked:Overcharge","floor":12},{"not_picked":["theMarked:SelfDefenseTraining","theMarked:Aftermath"],"picked":"theMarked:ResourceFulStrike","floor":14},{"not_picked":["theMarked:RogueSparks","theMarked:Parry"],"picked":"theMarked:ResourceFulStrike","floor":15},{"not_picked":["theMarked:Abjuration","theMarked:Levitate"],"picked":"theMarked:Challenge","floor":16},{"not_picked":["theMarked:Polarize","theMarked:EmpowerWeapon"],"picked":"theMarked:Convert+1","floor":18},{"not_picked":["theMarked:Aftermath+1","theMarked:HeritageOfTheMarked","theMarked:Opportunist"],"picked":"SKIP","floor":22},{"not_picked":["theMarked:Improvise","theMarked:EmpowerWeapon","theMarked:BanishingWave"],"picked":"SKIP","floor":24},{"not_picked":["theMarked:WardOff+1","theMarked:BanishingStrike+1","theMarked:Overcharge"],"picked":"SKIP","floor":27},{"not_picked":["theMarked:Overthink","theMarked:MagicAdept"],"picked":"theMarked:RepellingDischarge","floor":29},{"not_picked":["theMarked:ContemptForTheProud","theMarked:Overcharge","theMarked:EmpowerWeapon"],"picked":"SKIP","floor":30},{"not_picked":["theMarked:ReduceFriction","theMarked:HeightenedSenses+1"],"picked":"theMarked:RepellingDischarge+1","floor":31},{"not_picked":["theMarked:ShockingTouch+1","theMarked:HeritageOfTheMarked"],"picked":"theMarked:EnhanceMovement","floor":32},{"not_picked":["theMarked:Indomitable+1","theMarked:ResourceFulStrike","theMarked:ShockingTouch+1"],"picked":"SKIP","floor":35},{"not_picked":["theMarked:AttractMetal","theMarked:ResourceFulStrike","theMarked:Snap"],"picked":"SKIP","floor":37},{"not_picked":["Mind Blast","expansioncontent:ManipulateTime"],"picked":"REME_ProfessionalPlagiarism","floor":38},{"not_picked":["theMarked:ResourceFulStrike","theMarked:Parry","theMarked:MysticalArsenal"],"picked":"SKIP","floor":39},{"not_picked":["theMarked:MaelstromOfLightning+1","theMarked:ContemptForTheProud","theMarked:Parry+1"],"picked":"SKIP","floor":40},{"not_picked":["theMarked:ContemptForTheProud","theMarked:Parry+1"],"picked":"theMarked:MaelstromOfLightning+1","floor":40},{"not_picked":["theMarked:SummonStrength","theMarked:EmpowerWeapon+1"],"picked":"theMarked:Generate+1","floor":44},{"not_picked":["theMarked:KeepCalmAndFightOn","theMarked:ChainLightning+1","theMarked:ParalyzingBlade"],"picked":"SKIP","floor":45},{"not_picked":["theMarked:WastefulAttack","theMarked:TakeCover"],"picked":"theMarked:Aftermath","floor":46},{"not_picked":["theMarked:ElectricStrings","theMarked:BanishingStrike+1"],"picked":"theMarked:Aftermath","floor":49}],"player_experience":128807,"relics_obtained":[{"floor":6,"key":"MawBank"},{"floor":8,"key":"Dream Catcher"},{"floor":12,"key":"REME_HourglassOfDeath"},{"floor":26,"key":"Lantern"},{"floor":27,"key":"Boot"},{"floor":30,"key":"Shuriken"},{"floor":36,"key":"Unceasing Top"},{"floor":40,"key":"Bronze Scales"},{"floor":43,"key":"theMarked:DemonDagger"},{"floor":44,"key":"Juzu Bracelet"}],"event_choices":[{"damage_healed":70,"gold_gain":0,"player_choice":"Upgrade","damage_taken":14,"max_hp_gain":0,"max_hp_loss":70,"event_name":"betterThird:BetterShining","floor":2,"gold_loss":0,"cards_upgraded":["expansioncontent:DashGenerateEvil","theMarked:Strike"]},{"damage_healed":0,"gold_gain":0,"player_choice":"Paid Gold","damage_taken":0,"relics_obtained":["Oddly Smooth Stone"],"max_hp_gain":0,"max_hp_loss":0,"event_name":"WeMeetAgain","floor":3,"gold_loss":81},{"cards_removed":["expansioncontent:DashGenerateEvil"],"damage_healed":0,"gold_gain":0,"player_choice":"Take \u0026 Give","damage_taken":0,"max_hp_gain":0,"max_hp_loss":0,"event_name":"betterNote:BetterNote","floor":19,"gold_loss":0,"cards_obtained":["REME_MawOfCthun"]},{"damage_healed":0,"gold_gain":100,"player_choice":"Bet on Murderer","damage_taken":0,"max_hp_gain":0,"max_hp_loss":0,"event_name":"The Joust","floor":20,"gold_loss":50},{"damage_healed":0,"gold_gain":0,"player_choice":"Fight","damage_taken":0,"max_hp_gain":0,"max_hp_loss":0,"event_name":"Mysterious Sphere","floor":36,"gold_loss":0},{"damage_healed":0,"gold_gain":3,"player_choice":"1","damage_taken":0,"max_hp_gain":0,"max_hp_loss":0,"event_name":"betterStone:BetterStone","floor":38,"gold_loss":0},{"damage_healed":4,"gold_gain":0,"player_choice":"LEAVE ","damage_taken":0,"relics_obtained":[],"max_hp_gain":0,"max_hp_loss":0,"event_name":"betterSkull:BetterSkull","floor":42,"gold_loss":0,"cards_upgraded":[]}],"is_beta":false,"boss_relics":[{"not_picked":["Snecko Eye","REME_DuelDisc"],"picked":"SacredBark"},{"not_picked":["theMarked:BronzeBlade","Runic Dome"],"picked":"Cursed Key"}],"items_purged_floors":[],"is_endless":false,"potions_floor_spawned":[4,11,12,14,16,18,22,27,35,37,39,46],"ascension_level":0}}