{"host":"ch74xfb1n85e86fc","time":1609660825,"event":{"mods":["AchievementEnabler","BaseMod","Colored Map","DeckTracker","Minty Spire (QoL Compilation)","Relic Stats","StSLib","SuperFastMode","everything is the same but u backflip on backflip"],"gold_per_floor":[115,133,150,165,185,185,216,216,298,314,331,346,378,378,378,473,473,491,506,254,267,278,278,178,189,266,283,299,310,310,326,326,422,422,432,445,445,458,471,471,484,501,525,0,0,17,33,33,33,33,33,33,33,58,58,58],"floor_reached":55,"playtime":3198,"items_purged":["Strike_B","Defend_B","Strike_B+1"],"score":645,"play_id":"aa110699-ac78-4085-b03e-a8e0012e93b0","local_time":"20210103170025","is_ascension_mode":false,"campfire_choices":[{"data":"Creative AI","floor":6.0,"key":"SMITH"},{"data":"Dualcast","floor":8.0,"key":"SMITH"},{"floor":15.0,"key":"REST"},{"data":"Consume","floor":23.0,"key":"SMITH"},{"floor":32.0,"key":"REST"},{"floor":40.0,"key":"REST"},{"floor":45,"key":"REST"},{"floor":49,"key":"RECALL"},{"data":"Echo Form","floor":52,"key":"SMITH"}],"circlet_count":0,"master_deck":["Strike_B+1","Strike_B+1","Defend_B+1","Defend_B+1","Defend_B+1","Zap","Dualcast+1","Purity","FTL","Ball Lightning","Cold Snap","Creative AI+1","Conserve Battery+1","Sweeping Beam","Glacier","Ball Lightning","Skim","Leap+1","Master of Strategy","Consume+1","Echo Form+1","Undo","Amplify","Seek","Defragment","Glacier+1","Force Field","Glacier+1","Apotheosis"],"relics":["Cracked Core","Gambling Chip","HornCleat","Unceasing Top","Velvet Choker","Snecko Eye","Boot","Orrery","Bronze Scales","Orichalcum"],"acts_visited":["Exordium","TheCity","TheBeyond","TheEnding"],"potions_floor_usage":[50,55,55],"damage_taken":[{"damage":5.0,"enemies":"Small Slimes","floor":1.0,"turns":3.0},{"damage":1.0,"enemies":"Cultist","floor":2.0,"turns":3.0},{"damage":3.0,"enemies":"Jaw Worm","floor":3.0,"turns":4.0},{"damage":7.0,"enemies":"Large Slime","floor":4.0,"turns":4.0},{"damage":0.0,"enemies":"Blue Slaver","floor":5.0,"turns":3.0},{"damage":18.0,"enemies":"Gremlin Nob","floor":7.0,"turns":4.0},{"damage":0.0,"enemies":"Looter","floor":10.0,"turns":2.0},{"damage":0.0,"enemies":"2 Fungi Beasts","floor":11.0,"turns":3.0},{"damage":9.0,"enemies":"Exordium Thugs","floor":12.0,"turns":4.0},{"damage":27.0,"enemies":"3 Sentries","floor":13.0,"turns":7.0},{"damage":20.0,"enemies":"Hexaghost","floor":16.0,"turns":9.0},{"damage":3.0,"enemies":"Shell Parasite","floor":18.0,"turns":4.0},{"damage":0.0,"enemies":"Spheric Guardian","floor":19.0,"turns":2.0},{"damage":0.0,"enemies":"Chosen and Byrds","floor":21.0,"turns":6.0},{"damage":0.0,"enemies":"3 Cultists","floor":22.0,"turns":5.0},{"damage":7.0,"enemies":"Snake Plant","floor":25.0,"turns":5.0},{"damage":16.0,"enemies":"Cultist and Chosen","floor":27.0,"turns":5.0},{"damage":0.0,"enemies":"Centurion and Healer","floor":28.0,"turns":7.0},{"damage":14.0,"enemies":"3 Cultists","floor":29.0,"turns":5.0},{"damage":0.0,"enemies":"Snake Plant","floor":31.0,"turns":5.0},{"damage":35.0,"enemies":"Collector","floor":33.0,"turns":8.0},{"damage":0.0,"enemies":"3 Shapes","floor":35.0,"turns":4.0},{"damage":2.0,"enemies":"Orb Walker","floor":36.0,"turns":3.0},{"damage":34.0,"enemies":"Transient","floor":38.0,"turns":5.0},{"damage":19.0,"enemies":"Spire Growth","floor":39.0,"turns":8.0},{"damage":22.0,"enemies":"3 Darklings","floor":41.0,"turns":7.0},{"damage":0.0,"enemies":"Maw","floor":42.0,"turns":8.0},{"damage":0,"enemies":"Transient","floor":46,"turns":5},{"damage":1,"enemies":"4 Shapes","floor":47,"turns":4},{"damage":24,"enemies":"Time Eater","floor":50,"turns":8},{"damage":30,"enemies":"Shield and Spear","floor":54,"turns":10},{"damage":75,"enemies":"The Heart","floor":55,"turns":12}],"seed_played":"-5558405391282794698","potions_obtained":[{"floor":2.0,"key":"Weak Potion"},{"floor":5.0,"key":"BlessingOfTheForge"},{"floor":10.0,"key":"Block Potion"},{"floor":16.0,"key":"PotionOfCapacity"},{"floor":18.0,"key":"CultistPotion"},{"floor":21.0,"key":"Ancient Potion"},{"floor":54,"key":"LiquidMemories"}],"is_trial":false,"path_per_floor":["M","M","M","M","M","R","E","R","T","M","M","M","E","?","R","B",null,"M","M","$","M","M","R","$","M","T","M","M","M","?","M","R","B",null,"M","M","?","M","M","R","M","M","T","$","R","M","M","?","R","B",null,"R","$","E","B"],"character_chosen":"DEFECT","items_purchased":["Master of Strategy","Orrery","Bronze Scales","FairyPotion"],"campfire_rested":4,"item_purchase_floors":[20,44,44,44],"current_hp_per_floor":[70,69,66,59,59,59,41,41,41,41,41,32,5,5,27,7,75,72,72,72,72,72,72,72,65,65,49,49,35,35,35,57,22,75,75,73,73,39,20,42,20,20,20,20,42,42,41,31,31,7,75,75,75,45,0,0],"gold":58,"neow_bonus":"RANDOM_COLORLESS","is_daily":false,"chose_seed":false,"campfire_upgraded":4,"win_rate":0.0,"timestamp":1609660825,"path_taken":["M","M","M","M","M","R","E","R","T","M","M","M","E","?","R","BOSS","M","?","$","M","M","R","$","M","T","M","M","M","?","M","R","BOSS","M","M","?","M","M","R","M","M","T","$","R","M","M","?","R","BOSS","R","$","E","BOSS"],"items_purchased_type":["Card","Relic","Relic","Potion"],"build_version":"2020-12-22","purchased_purges":3,"victory":false,"max_hp_per_floor":[75,75,75,75,75,75,75,75,75,75,75,75,75,75,75,75,75,75,75,75,75,75,75,75,75,75,75,75,75,75,75,75,75,75,75,75,75,75,75,75,75,75,75,75,75,75,75,75,75,75,75,75,75,75,75,75],"relic_stats":{"counters":[32,171],"Gambling Chip":[86],"Bronze Scales":[258],"Snecko Eye":[148,142,126,139],"Orichalcum":[0],"Boot":[1],"obtain_stats":[{"HornCleat":9,"Gambling Chip":7,"Bronze Scales":44,"Velvet Choker":17,"Snecko Eye":34,"Orrery":44,"Orichalcum":54,"Cracked Core":0,"Boot":43,"Unceasing Top":13},{"HornCleat":6,"Gambling Chip":6,"Bronze Scales":27,"Velvet Choker":11,"Snecko Eye":21,"Orrery":27,"Orichalcum":31,"Cracked Core":0,"Boot":27,"Unceasing Top":10},{"HornCleat":21,"Gambling Chip":21,"Bronze Scales":133,"Velvet Choker":46,"Snecko Eye":98,"Orrery":133,"Orichalcum":159,"Cracked Core":0,"Boot":133,"Unceasing Top":37}],"Unceasing Top":[6]},"card_choices":[{"not_picked":["Discovery","Enlightenment"],"picked":"Purity","floor":0.0},{"not_picked":["Conserve Battery","Streamline"],"picked":"FTL","floor":1.0},{"not_picked":["Rebound","Steam"],"picked":"Melter","floor":2.0},{"not_picked":["Undo","Stack"],"picked":"Ball Lightning","floor":3.0},{"not_picked":["Melter","Stack"],"picked":"Cold Snap","floor":4.0},{"not_picked":["Conserve Battery","Melter"],"picked":"Creative AI","floor":5.0},{"not_picked":["Hello World","Sweeping Beam"],"picked":"Conserve Battery","floor":7.0},{"not_picked":["Force Field","Steam"],"picked":"Sweeping Beam","floor":10.0},{"not_picked":["Gash","Lockon"],"picked":"Glacier","floor":11.0},{"not_picked":["Gash","Reprogram"],"picked":"Ball Lightning","floor":12.0},{"not_picked":["Doom and Gloom","Stack"],"picked":"Skim","floor":13.0},{"not_picked":["Force Field","Go for the Eyes"],"picked":"Leap+1","floor":18.0},{"not_picked":["Loop+1","Skim","Scrape"],"picked":"SKIP","floor":19.0},{"not_picked":["Conserve Battery","Heatsinks","Rebound+1"],"picked":"SKIP","floor":21.0},{"not_picked":["Reinforced Body","Go for the Eyes"],"picked":"Consume","floor":22.0},{"not_picked":["Darkness","Gash+1","Go for the Eyes"],"picked":"SKIP","floor":25.0},{"not_picked":["Redo","Reprogram","Go for the Eyes"],"picked":"SKIP","floor":27.0},{"not_picked":["Hologram","Auto Shields+1"],"picked":"Echo Form","floor":28.0},{"not_picked":["Beam Cell","Steam Power"],"picked":"Undo","floor":29.0},{"not_picked":["Beam Cell","Doom and Gloom","White Noise"],"picked":"SKIP","floor":31.0},{"not_picked":["All For One","Thunder Strike"],"picked":"Amplify","floor":33.0},{"not_picked":["Leap+1","Beam Cell+1","Melter"],"picked":"SKIP","floor":35.0},{"not_picked":["Barrage","Coolheaded","Hologram+1"],"picked":"SKIP","floor":36.0},{"not_picked":["Beam Cell","Stack+1","Leap"],"picked":"SKIP","floor":38.0},{"not_picked":["Leap","Ball Lightning+1"],"picked":"Seek","floor":39.0},{"not_picked":["Static Discharge","Beam Cell+1","Redo+1"],"picked":"SKIP","floor":41.0},{"not_picked":["Ball Lightning","Rebound"],"picked":"Defragment","floor":42.0},{"not_picked":["Chill+1","Steam"],"picked":"Glacier+1","floor":44},{"not_picked":["Conserve Battery","Gash+1"],"picked":"Force Field","floor":44},{"not_picked":["Darkness+1","Gash","Go for the Eyes"],"picked":"SKIP","floor":46},{"not_picked":["Fission","Streamline+1"],"picked":"Glacier+1","floor":47},{"not_picked":["Chrysalis","Mayhem"],"picked":"Apotheosis","floor":48},{"not_picked":["Aggregate","Chaos","Fission"],"picked":"SKIP","floor":54}],"player_experience":14542,"relics_obtained":[{"floor":7.0,"key":"Gambling Chip"},{"floor":9.0,"key":"HornCleat"},{"floor":13.0,"key":"Unceasing Top"},{"floor":43.0,"key":"Boot"},{"floor":54,"key":"Orichalcum"}],"event_choices":[{"damage_healed":0.0,"max_hp_gain":0.0,"max_hp_loss":0.0,"gold_gain":0.0,"event_name":"Accursed Blacksmith","player_choice":"Forge","floor":14.0,"gold_loss":0.0,"damage_taken":0.0,"cards_upgraded":["Conserve Battery"]},{"damage_healed":0.0,"max_hp_gain":0.0,"max_hp_loss":0.0,"gold_gain":0.0,"event_name":"Back to Basics","player_choice":"Simplicity","floor":30.0,"gold_loss":0.0,"damage_taken":0.0,"cards_upgraded":["Strike_B","Strike_B","Strike_B","Defend_B","Defend_B","Defend_B"]},{"cards_removed":["Melter"],"damage_healed":0.0,"max_hp_gain":0.0,"max_hp_loss":0.0,"gold_gain":0.0,"event_name":"Falling","player_choice":"Removed Attack","floor":37.0,"gold_loss":0.0,"damage_taken":0.0},{"damage_healed":0,"gold_gain":0,"player_choice":"Memory 3","damage_taken":10,"max_hp_gain":0,"max_hp_loss":0,"event_name":"SensoryStone","floor":48,"gold_loss":0}],"is_beta":false,"boss_relics":[{"not_picked":["Empty Cage","Busted Crown"],"picked":"Velvet Choker"},{"not_picked":["Sozu","Astrolabe"],"picked":"Snecko Eye"}],"items_purged_floors":[20,24,44],"is_endless":false,"potions_floor_spawned":[2,5,10,16,18,21,25,27,29,35,46,47,54],"killed_by":"The Heart","ascension_level":0}}