{"host":"a1u4jo6xlg3w0wsm","time":1609668613,"event":{"mods":["BaseMod","Better Third Choice","DeckTracker","Downfall","Hermit","Hubris","Minty Spire (QoL Compilation)","Replay The Spire","StSLib"],"gold_per_floor":[118,135,86,86,86,113,125,125,125,151,151,5,30,44,44,145,145,165,184,201,14,14,14],"floor_reached":22,"playtime":1296,"items_purged":[],"score":263,"play_id":"997c3bb3-9696-4650-8996-dcab0220d608","local_time":"20210103231013","is_ascension_mode":true,"campfire_choices":[{"data":"hermit:Snapshot","floor":8.0,"key":"SMITH"},{"data":"hermit:FullyLoaded","floor":8.0,"key":"SMITH"},{"data":"hermit:Vantage","floor":11.0,"key":"SMITH"},{"data":"hermit:Dive","floor":11.0,"key":"SMITH"},{"data":"hermit:CursedWeapon","floor":15.0,"key":"SMITH"},{"data":"hermit:Covet","floor":15.0,"key":"SMITH"}],"circlet_count":0,"master_deck":["hermit:Strike_Hermit","hermit:Strike_Hermit","hermit:Strike_Hermit+1","hermit:Strike_Hermit","hermit:Defend_Hermit","hermit:Defend_Hermit","hermit:Defend_Hermit","hermit:Snapshot+1","hermit:Covet+1","hermit:Dive+1","hermit:Quickdraw","hermit:Quickdraw","hermit:Snipe","hermit:FullyLoaded+1","hermit:Vantage+1","hermit:Quickdraw","hermit:CursedWeapon+1","hermit:FatalDesire","ReplayTheSpireMod:IOU","ReplayTheSpireMod:IOU"],"relics":["hermit:Momento","NeowsBlessing","Replay:Arrowhead","HornCleat","ReplayTheSpireMod:TigerMarble","ReplayFunnel","Bottled Flame","Runic Pyramid","Replay:Wax Seal","Snack Pack","hubris:HerbalPaste"],"acts_visited":["Exordium","TheCity"],"potions_floor_usage":[18],"damage_taken":[{"damage":0.0,"enemies":"Jaw Worm","floor":1.0,"turns":1.0},{"damage":0.0,"enemies":"Cultist","floor":2.0,"turns":1.0},{"damage":0.0,"enemies":"Lagavulin","floor":6.0,"turns":1.0},{"damage":0.0,"enemies":"Small Slimes","floor":7.0,"turns":3.0},{"damage":22.0,"enemies":"3 Sentries","floor":10.0,"turns":8.0},{"damage":6.0,"enemies":"Lagavulin","floor":13.0,"turns":7.0},{"damage":0.0,"enemies":"Exordium Wildlife","floor":14.0,"turns":2.0},{"damage":5.0,"enemies":"Hexaghost","floor":16.0,"turns":13.0},{"damage":12,"enemies":"Chosen","floor":18,"turns":6},{"damage":2,"enemies":"Spheric Guardian","floor":19,"turns":2},{"damage":20,"enemies":"Snake Plant","floor":20,"turns":4},{"damage":18,"enemies":"Snecko","floor":22,"turns":5}],"seed_played":"4323915766438360245","potions_obtained":[{"floor":7.0,"key":"Strength Potion"},{"floor":10.0,"key":"LiquidMemories"},{"floor":13.0,"key":"PowerPotion"},{"floor":16.0,"key":"ColorlessPotion"},{"floor":20,"key":"FearPotion"}],"is_trial":false,"path_per_floor":["M","M","$","?","?","E","M","R","T","E","R","$","E","M","R","B",null,"M","M","M","$","M"],"character_chosen":"HERMIT","items_purchased":["hermit:Quickdraw","ReplayFunnel","Replay:Wax Seal","Snack Pack","hubris:HerbalPaste"],"campfire_rested":0,"item_purchase_floors":[3,12,21,21,21],"current_hp_per_floor":[75,75,75,75,75,75,75,75,75,53,53,53,47,51,51,46,75,63,61,41,41,33,33],"gold":14,"neow_bonus":"THREE_ENEMY_KILL","is_daily":false,"chose_seed":false,"campfire_upgraded":6,"win_rate":0.0,"timestamp":1609668613,"path_taken":["M","M","$","?","?","E","?","R","T","E","R","?","E","M","R","BOSS","M","M","M","$","M"],"items_purchased_type":["Card","Relic","Relic","Relic","Relic"],"build_version":"2020-12-13","purchased_purges":0,"victory":false,"max_hp_per_floor":[75,75,75,75,75,75,75,75,75,75,75,75,75,75,75,75,75,75,75,75,75,75,75],"card_choices":[{"not_picked":["hermit:HighCaliber","hermit:WideOpen"],"picked":"hermit:Dive","floor":1.0},{"not_picked":["hermit:LuckOfTheDraw","hermit:Scavenge"],"picked":"hermit:Quickdraw","floor":2.0},{"not_picked":["hermit:Vantage","hermit:GhostlyPresence"],"picked":"hermit:FullyLoaded","floor":6.0},{"not_picked":["hermit:LuckOfTheDraw","hermit:PistolWhip","hermit:TakeCover"],"picked":"SKIP","floor":7.0},{"not_picked":["hermit:Desperado","hermit:PistolWhip"],"picked":"hermit:Vantage","floor":10.0},{"not_picked":["hermit:SprayPray","hermit:Headshot"],"picked":"hermit:Quickdraw","floor":13.0},{"not_picked":["hermit:BodyArmor","hermit:Feint"],"picked":"hermit:CursedWeapon","floor":14.0},{"not_picked":["hermit:Magnum","hermit:Roughhouse"],"picked":"hermit:FatalDesire","floor":16.0},{"not_picked":["hermit:Misfire+1","hermit:Combo","hermit:Horror"],"picked":"SKIP","floor":18},{"not_picked":["hermit:Feint+1","hermit:Misfire","hermit:Desperado+1"],"picked":"SKIP","floor":19},{"not_picked":["hermit:Roulette","hermit:NoHoldsBarred","hermit:Brawl"],"picked":"SKIP","floor":20}],"player_experience":289247,"relics_obtained":[{"floor":6.0,"key":"Replay:Arrowhead"},{"floor":9.0,"key":"HornCleat"},{"floor":10.0,"key":"ReplayTheSpireMod:TigerMarble"},{"floor":13.0,"key":"Bottled Flame"}],"event_choices":[{"damage_healed":0.0,"max_hp_gain":0.0,"max_hp_loss":0.0,"gold_gain":0.0,"cards_transformed":["hermit:Defend_Hermit"],"event_name":"Transmorgrifier","player_choice":"Transformed","floor":5.0,"gold_loss":0.0,"damage_taken":0.0,"cards_obtained":["hermit:Snipe"]}],"is_beta":false,"boss_relics":[{"not_picked":["Honey Jar","Philosopher\u0027s Stone"],"picked":"Runic Pyramid"}],"items_purged_floors":[],"is_endless":false,"potions_floor_spawned":[7,10,13,16,20],"killed_by":"Snecko","ascension_level":3}}