{"host":"armnliea5o2aqs4b","time":1609685261,"event":{"mods":["BaseMod","Hubris","Infinite Spire","Minty Spire (QoL Compilation)","Quick Restart","StSLib"],"gold_per_floor":[114,133,133,149,324,324,324,349,349,349,349,362,362,372,372,372,372],"floor_reached":16,"playtime":286,"items_purged":[],"score":125,"play_id":"e788f55e-383d-4681-b027-b4de264d76ea","local_time":"20210104014741","is_ascension_mode":true,"campfire_choices":[{"data":"infinitespire:OneForAll","floor":6,"key":"SMITH"},{"floor":11,"key":"REST"},{"floor":13,"key":"REST"},{"data":"Juggernaut","floor":15,"key":"SMITH"}],"circlet_count":0,"master_deck":["Strike_R","Strike_R","Strike_R","Strike_R","Strike_R","Defend_R+1","Defend_R","Defend_R+1","Defend_R+1","Bash","infinitespire:OneForAll+1","Inflame+1","Doubt","Juggernaut+1","Shrug It Off","Iron Wave"],"relics":["infinitespire:DarkRift","NeowsBlessing","infinitespire:Cubic Diamond","Omamori","War Paint"],"acts_visited":["Exordium"],"potions_floor_usage":[],"damage_taken":[{"damage":0,"enemies":"Cultist","floor":1,"turns":1},{"damage":0,"enemies":"2 Louse","floor":2,"turns":1},{"damage":0,"enemies":"Jaw Worm","floor":4,"turns":1},{"damage":58,"enemies":"Gremlin Nob","floor":8,"turns":6},{"damage":15,"enemies":"3 Louse","floor":12,"turns":4},{"damage":0,"enemies":"Blue Slaver","floor":14,"turns":6},{"damage":43,"enemies":"Slime Boss","floor":16,"turns":6}],"seed_played":"897163844249710331","potions_obtained":[{"floor":4,"key":"ColorlessPotion"},{"floor":12,"key":"Explosive Potion"},{"floor":14,"key":"Energy Potion"}],"is_trial":false,"path_per_floor":["M","M","$","M","?","R","?","E","T","?","R","M","R","M","R","B"],"character_chosen":"IRONCLAD","items_purchased":[],"campfire_rested":2,"item_purchase_floors":[],"current_hp_per_floor":[80,80,80,80,80,80,80,22,22,6,30,15,39,39,39,0,0],"gold":372,"neow_bonus":"THREE_ENEMY_KILL","is_daily":false,"chose_seed":false,"campfire_upgraded":2,"win_rate":0.0,"timestamp":1609685261,"path_taken":["M","M","$","?","?","R","?","E","T","?","R","M","R","M","R","BOSS"],"items_purchased_type":[],"build_version":"2020-12-22","purchased_purges":0,"victory":false,"max_hp_per_floor":[80,80,80,80,80,80,80,80,80,80,80,80,80,80,80,80,80],"card_choices":[{"not_picked":["Clash","Perfected Strike","Combust"],"picked":"SKIP","floor":1},{"not_picked":["Rage","Headbutt"],"picked":"infinitespire:OneForAll","floor":2},{"not_picked":["Whirlwind","Warcry"],"picked":"Inflame","floor":4},{"not_picked":["Fire Breathing","Reckless Charge"],"picked":"Juggernaut","floor":8},{"not_picked":["Iron Wave","Ghostly Armor"],"picked":"Shrug It Off","floor":12},{"not_picked":["Shrug It Off","Carnage"],"picked":"Iron Wave","floor":14}],"player_experience":161985,"relics_obtained":[{"floor":8,"key":"Omamori"},{"floor":9,"key":"War Paint"}],"event_choices":[{"damage_healed":0,"gold_gain":175,"player_choice":"AGREE","damage_taken":0,"max_hp_gain":0,"max_hp_loss":0,"event_name":"Liars Game","floor":5,"gold_loss":0,"cards_obtained":["Doubt"]},{"damage_healed":0,"gold_gain":0,"player_choice":"Entered Light","damage_taken":16,"max_hp_gain":0,"max_hp_loss":0,"event_name":"Shining Light","floor":10,"gold_loss":0,"cards_upgraded":["Defend_R","Inflame"]}],"is_beta":false,"boss_relics":[],"items_purged_floors":[],"is_endless":false,"potions_floor_spawned":[4,12,14],"killed_by":"Slime Boss","ascension_level":5}}