{"host":"9b7hrp48q3pna783","time":1609698366,"event":{"mods":["BaseMod","Colored Map","Colored Powertips","Highlight Path","Minty Spire (QoL Compilation)","Relic Stats"],"gold_per_floor":[113,113,133,144,155,183,183,15,40,40,56,56,56,56,56,56,56],"floor_reached":16,"playtime":617,"items_purged":["Strike_B"],"score":100,"play_id":"d4520155-594e-468c-8e55-1b5779db63c2","local_time":"20210103132606","is_ascension_mode":false,"campfire_choices":[{"data":"Leap","floor":7,"key":"SMITH"},{"data":"Chaos","floor":10,"key":"SMITH"},{"floor":13,"key":"REST"},{"floor":15,"key":"REST"}],"circlet_count":0,"master_deck":["Defend_B","Defend_B","Defend_B","Defend_B","Zap","Dualcast","Redo","Biased Cognition","Chaos+1","Leap+1","Capacitor","Redo","Self Repair","Conserve Battery","Gash","Steam","Gash"],"relics":["Cracked Core","Dream Catcher","Pen Nib","Golden Idol"],"acts_visited":["Exordium"],"potions_floor_usage":[6,11],"damage_taken":[{"damage":1,"enemies":"Jaw Worm","floor":1,"turns":4},{"damage":0,"enemies":"Cultist","floor":3,"turns":4},{"damage":15,"enemies":"Small Slimes","floor":4,"turns":3},{"damage":8,"enemies":"2 Fungi Beasts","floor":5,"turns":4},{"damage":35,"enemies":"3 Sentries","floor":6,"turns":6},{"damage":3,"enemies":"3 Louse","floor":11,"turns":3},{"damage":59,"enemies":"The Guardian","floor":16,"turns":12}],"seed_played":"5419564024074281576","potions_obtained":[{"floor":4,"key":"DuplicationPotion"},{"floor":5,"key":"SpeedPotion"},{"floor":6,"key":"Strength Potion"}],"is_trial":false,"path_per_floor":["M","?","M","M","M","E","R","$","T","R","M","?","R","?","R","B"],"character_chosen":"DEFECT","items_purchased":["Self Repair","Conserve Battery"],"campfire_rested":2,"item_purchase_floors":[8,8],"current_hp_per_floor":[67,67,67,52,44,9,9,9,9,9,13,13,31,31,49,0,0],"gold":56,"neow_bonus":"REMOVE_TWO","is_daily":false,"chose_seed":false,"campfire_upgraded":2,"win_rate":0.0,"timestamp":1609698366,"path_taken":["M","?","?","M","M","E","R","$","T","R","M","?","R","?","R","BOSS"],"items_purchased_type":["Card","Card"],"build_version":"2020-12-22","purchased_purges":1,"victory":false,"max_hp_per_floor":[68,68,68,68,68,68,68,68,68,68,68,63,63,63,63,63,63],"relic_stats":{"Dream Catcher":2,"counters":[7,36],"Golden Idol":0,"Pen Nib":[0],"obtain_stats":[{"Dream Catcher":6,"Golden Idol":12,"Pen Nib":9,"Cracked Core":0},{"Dream Catcher":5,"Golden Idol":6,"Pen Nib":5,"Cracked Core":0},{"Dream Catcher":21,"Golden Idol":24,"Pen Nib":21,"Cracked Core":0}]},"card_choices":[{"not_picked":["Ball Lightning","Hologram"],"picked":"Redo","floor":1},{"not_picked":["Chill","Fusion"],"picked":"Chaos","floor":3},{"not_picked":["Steam","Redo"],"picked":"Leap","floor":4},{"not_picked":["Hologram","Creative AI"],"picked":"Capacitor","floor":5},{"not_picked":["Gash","Melter"],"picked":"Redo","floor":6},{"not_picked":["Turbo","Lockon"],"picked":"Gash","floor":11},{"not_picked":["Ball Lightning","Stack"],"picked":"Steam","floor":13},{"not_picked":["Reprogram","Cold Snap"],"picked":"Gash","floor":15}],"player_experience":59371,"relics_obtained":[{"floor":6,"key":"Dream Catcher"},{"floor":9,"key":"Pen Nib"}],"event_choices":[{"damage_healed":0,"gold_gain":0,"cards_transformed":["Strike_B"],"player_choice":"Transformed","damage_taken":0,"max_hp_gain":0,"max_hp_loss":0,"event_name":"Transmorgrifier","floor":2,"gold_loss":0,"cards_obtained":["Biased Cognition"]},{"damage_healed":0,"gold_gain":0,"player_choice":"Lose Max HP","damage_taken":0,"relics_obtained":["Golden Idol"],"max_hp_gain":0,"max_hp_loss":5,"event_name":"Golden Idol","floor":12,"gold_loss":0},{"damage_healed":0,"gold_gain":0,"player_choice":"Ignored","damage_taken":0,"max_hp_gain":0,"max_hp_loss":0,"event_name":"Liars Game","floor":14,"gold_loss":0}],"is_beta":false,"boss_relics":[],"items_purged_floors":[8],"is_endless":false,"potions_floor_spawned":[4,5,6],"killed_by":"The Guardian","ascension_level":0}}