{"host":"q2n6tlickby1elp8","time":1609653662,"event":{"mods":["BaseMod","BetterRewards","Colored Powertips","Marisa£®ÏF”Í°°ƒß¿Ì…≥£©","Minty Spire (QoL Compilation)","Remilia£®¿Ÿ√◊¿Ú—«£©","SOS£®Àπ∞Õ¥Ô÷Æ◊”£©","Shop Mod","SuperFastMode","The Construct","The Disciple","The Servant 0.9.4","Youmu£®ªÍ∆«—˝√Œ£©","[IsaacMod]“‘»ˆº‚À˛"],"gold_per_floor":[139,154,3,3,52,52,52,52,52,106,106,165,201,201,201,331,331,386,50,50,103,52,52,52,52],"floor_reached":24,"playtime":895,"items_purged":["Attack_a"],"score":194,"play_id":"be49e74c-edc2-4a85-aa7a-d10c016bc5c2","local_time":"20210103140102","is_ascension_mode":false,"campfire_choices":[{"data":"Redorb","floor":6,"key":"SMITH"},{"floor":11,"key":"REST"},{"floor":15,"key":"REST"},{"floor":23,"key":"REST"}],"circlet_count":0,"master_deck":["Attack_a","Attack_b","Shoot","Shoot","Provocation","Defend_Dante","Defend_Dante","Defend_Dante","Redorb+1","LucifercomboC","Pandora","Rebellion","Chargeshoot","Doubleshoot","Unrisingdragon","Demonreform","Ecstasy","Trickster","Gilgamesh","Dash2"],"relics":["SSS","Combocheck","HushsDoor","GuppysTail","Centennial Puzzle","TuHaoJin","Anchor","BookofShadows","Runic Pyramid","Meat on the Bone"],"acts_visited":["Exordium","TheCity"],"potions_floor_usage":[16,21,24,24],"damage_taken":[{"damage":1,"enemies":"Jaw Worm","floor":1,"turns":2},{"damage":0,"enemies":"Cultist","floor":2,"turns":3},{"damage":0,"enemies":"Small Slimes","floor":5,"turns":3},{"damage":51,"enemies":"Lagavulin","floor":10,"turns":8},{"damage":0,"enemies":"Gremlin Gang","floor":12,"turns":3},{"damage":6,"enemies":"Looter","floor":13,"turns":3},{"damage":34,"enemies":"The Guardian","floor":16,"turns":7},{"damage":80,"enemies":"Spheric Guardian","floor":18,"turns":8},{"damage":2,"enemies":"Chosen","floor":21,"turns":4},{"damage":57,"enemies":"Sentry and Sphere","floor":24,"turns":6}],"seed_played":"5741644180360073939","potions_obtained":[{"floor":1,"key":"SkillPotion"},{"floor":10,"key":"DuplicationPotion"},{"floor":12,"key":"AttackPotion"},{"floor":16,"key":"DistilledChaos"},{"floor":21,"key":"Weak Potion"}],"is_trial":false,"path_per_floor":["M","M","$","?","M","R","?","?","T","E","R","M","M","T","R","B",null,"M","$","?","M","$","R","M"],"character_chosen":"DANTE","items_purchased":["Centennial Puzzle","Meat on the Bone","Dash2"],"campfire_rested":3,"item_purchase_floors":[3,19,22],"current_hp_per_floor":[87,87,87,87,87,87,87,87,87,36,62,62,56,56,82,48,88,8,8,8,30,30,56,0,0],"gold":52,"neow_bonus":"TEN_PERCENT_HP_BONUS","is_daily":false,"chose_seed":false,"campfire_upgraded":1,"win_rate":0.0,"timestamp":1609653662,"path_taken":["M","M","$","?","M","R","?","?","T","E","R","M","M","?","R","BOSS","M","$","?","M","$","R","M"],"items_purchased_type":["Relic","Relic","Card"],"build_version":"2020-12-22","purchased_purges":1,"victory":false,"max_hp_per_floor":[88,88,88,88,88,88,88,88,88,88,88,88,88,88,88,88,88,88,88,88,88,88,88,88,88],"card_choices":[{"not_picked":[],"picked":"Bomb","floor":0},{"not_picked":["Royaldefend","Weaponchange"],"picked":"LucifercomboC","floor":1},{"not_picked":["Weaponupgrade","Airhike"],"picked":"Pandora","floor":2},{"not_picked":["DT","Weaponchange"],"picked":"Rebellion","floor":5},{"not_picked":["Trickster","Holywater"],"picked":"Chargeshoot","floor":10},{"not_picked":["Gunstinger","Dash1"],"picked":"Doubleshoot","floor":12},{"not_picked":["VitalstarS","Splesh"],"picked":"Unrisingdragon","floor":13},{"not_picked":["Airtrick","Stylechange"],"picked":"Demonreform","floor":16},{"not_picked":["Chargeshoot2","VitalstarS"],"picked":"Ecstasy","floor":18},{"not_picked":["Whiteorb","Greenorb"],"picked":"Gilgamesh","floor":21}],"player_experience":121009,"relics_obtained":[{"floor":9,"key":"TuHaoJin"},{"floor":10,"key":"Anchor"},{"floor":14,"key":"BookofShadows"}],"event_choices":[{"damage_healed":0,"gold_gain":0,"player_choice":"Ignored","damage_taken":0,"max_hp_gain":0,"max_hp_loss":0,"event_name":"NoteForYourself","floor":4,"gold_loss":0},{"damage_healed":0,"gold_gain":0,"player_choice":"Ignored","damage_taken":0,"max_hp_gain":0,"max_hp_loss":0,"event_name":"Liars Game","floor":7,"gold_loss":0},{"damage_healed":0,"gold_gain":0,"cards_transformed":["Defend_Dante"],"player_choice":"Transformed","damage_taken":0,"max_hp_gain":0,"max_hp_loss":0,"event_name":"Transmorgrifier","floor":20,"gold_loss":0,"cards_obtained":["Trickster"]}],"is_beta":false,"boss_relics":[{"not_picked":["Runic Dome","Sozu"],"picked":"Runic Pyramid"},{"not_picked":[]}],"items_purged_floors":[19],"is_endless":false,"potions_floor_spawned":[1,10,12,16,21],"killed_by":"Sentry and Sphere","ascension_level":0}}