{"host":"raai0vtvcfkt8csp","time":1609706893,"event":{"mods":["2.2 Compatiblity","BaseMod","Beaked The Cultist","Block Reminder","DeckTracker","Defective Defect","GifTheSpireLib","Minty Spire (QoL Compilation)","Quick Restart","Random Character Button","Rare Cards Sparkle","StSLib","Unceasing Turn Reminder"],"gold_per_floor":[112,112,127,140,160,190,12,12,12],"floor_reached":8,"playtime":378,"items_purged":[],"score":61,"play_id":"1001f94c-e413-42d6-bdcc-5af66e8e1ae0","local_time":"20210103214813","is_ascension_mode":true,"campfire_choices":[],"circlet_count":0,"master_deck":["beaked:Strike_Y","beaked:Strike_Y","beaked:Strike_Y","beaked:Strike_Y","beaked:Strike_Y","beaked:Strike_Y","beaked:Defend_Y","beaked:Defend_Y","beaked:Defend_Y","beaked:Defend_Y","beaked:Ceremony","beaked:Ceremony+1","beaked:Ceremony","beaked:AwakenedForm","beaked:WarriorSpirit","beaked:BarbedWire","beaked:MachineSpirit","beaked:Cower","beaked:Foresight","beaked:KnowThyFoe","beaked:Insight"],"relics":["beaked:MendingPlumage","StoneCalendar"],"acts_visited":["Exordium"],"potions_floor_usage":[6],"damage_taken":[{"damage":17,"enemies":"Cultist","floor":1,"turns":5},{"damage":3,"enemies":"2 Louse","floor":3,"turns":4},{"damage":11,"enemies":"Jaw Worm","floor":4,"turns":5},{"damage":61,"enemies":"Exordium Thugs","floor":5,"turns":8},{"damage":39,"enemies":"3 Sentries","floor":6,"turns":8},{"damage":32,"enemies":"Gremlin Nob","floor":8,"turns":4}],"seed_played":"8204657772576679235","potions_obtained":[{"floor":1,"key":"PowerPotion"},{"floor":4,"key":"FairyPotion"}],"is_trial":false,"path_per_floor":["M","?","M","M","M","E","$","E"],"character_chosen":"BEAKED_THE_CULTIST","items_purchased":["beaked:KnowThyFoe","beaked:Insight"],"campfire_rested":0,"item_purchase_floors":[7,7],"current_hp_per_floor":[41,41,46,47,5,13,13,0,0],"gold":12,"neow_bonus":"ONE_RANDOM_RARE_CARD","is_daily":false,"chose_seed":false,"campfire_upgraded":0,"win_rate":0.0,"timestamp":1609706893,"path_taken":["M","?","?","M","M","E","$","E"],"items_purchased_type":["Card","Card"],"build_version":"2020-12-22","purchased_purges":0,"victory":false,"max_hp_per_floor":[50,50,50,50,50,50,50,50,50],"card_choices":[{"not_picked":["beaked:Tradeoff","beaked:Poke"],"picked":"beaked:WarriorSpirit","floor":1},{"not_picked":["beaked:Redirect","beaked:Evade"],"picked":"beaked:BarbedWire","floor":3},{"not_picked":["beaked:Resilience","beaked:Redirect"],"picked":"beaked:MachineSpirit","floor":4},{"not_picked":["beaked:MachineSpirit","beaked:Flinch"],"picked":"beaked:Cower","floor":5},{"not_picked":["beaked:Tweet","beaked:CursingBlood"],"picked":"beaked:Foresight","floor":6}],"player_experience":655857,"relics_obtained":[{"floor":6,"key":"StoneCalendar"}],"event_choices":[{"damage_healed":0,"gold_gain":0,"player_choice":"Upgraded","damage_taken":0,"max_hp_gain":0,"max_hp_loss":0,"event_name":"Upgrade Shrine","floor":2,"gold_loss":0,"cards_upgraded":["beaked:Ceremony"]}],"is_beta":false,"boss_relics":[],"items_purged_floors":[],"is_endless":false,"potions_floor_spawned":[1,4],"killed_by":"Gremlin Nob","ascension_level":1}}