{"host":"p4zydljznj4kf44d","time":1609699179,"event":{"mods":["BaseMod","Block Reminder","Colored Map","Colored Powertips","Filter the Spire","Minty Spire (QoL Compilation)","Relic Stats","Slay-I","ojb\u0027s Better Paths Mod","ojb\u0027s Info Mod"],"gold_per_floor":[118,132,149,149,169,202,222,222,270,270,303,323,323,334,334,433,433,451,469,394,394,404,404,434,434,461,461,361,276,276,307,307,404,404,423,468,468,482,497,525,537,547,547,547,874,890,901,933,933,933],"floor_reached":51,"playtime":17065,"items_purged":["Strike_R","Strike_R"],"score":989,"play_id":"a429d051-be34-4749-b56c-5254f46b20f6","local_time":"20210103193939","is_ascension_mode":false,"campfire_choices":[{"data":"Armaments","floor":8.0,"key":"SMITH"},{"data":"Armaments","floor":13.0,"key":"SMITH"},{"data":"Dark Embrace","floor":15.0,"key":"SMITH"},{"data":"Corruption","floor":23.0,"key":"SMITH"},{"data":"Dramatic Entrance","floor":25.0,"key":"SMITH"},{"data":"Offering","floor":27.0,"key":"SMITH"},{"data":"Seeing Red","floor":32.0,"key":"SMITH"},{"data":"True Grit","floor":44,"key":"SMITH"},{"data":"True Grit","floor":49,"key":"SMITH"}],"circlet_count":0,"master_deck":["Strike_R","Strike_R","Strike_R","Defend_R","Defend_R","Defend_R","Defend_R","Bash+1","Dramatic Entrance+1","Dark Embrace+1","Dropkick","True Grit+1","True Grit+1","Armaments+1","Corruption+1","Finesse","Iron Wave","Armaments+1","Iron Wave","Offering+1","Dropkick","Seeing Red+1","Disarm+1","Offering","Warcry","True Grit+1"],"relics":["Burning Blood","Toy Ornithopter","Strawberry","Bottled Tornado","Coffee Dripper","Dream Catcher","Nunchaku","Happy Flower","Centennial Puzzle","Black Star","Thread and Needle","Shuriken","Pen Nib","Regal Pillow","Toxic Egg 2","Oddly Smooth Stone","Old Coin","StoneCalendar","Bag of Marbles"],"acts_visited":["Exordium","TheCity","TheBeyond"],"potions_floor_usage":[42],"damage_taken":[{"damage":5.0,"enemies":"Small Slimes","floor":1.0,"turns":2.0},{"damage":1.0,"enemies":"Cultist","floor":2.0,"turns":3.0},{"damage":6.0,"enemies":"Jaw Worm","floor":3.0,"turns":3.0},{"damage":0.0,"enemies":"2 Fungi Beasts","floor":5.0,"turns":3.0},{"damage":33.0,"enemies":"Lagavulin","floor":6.0,"turns":9.0},{"damage":5.0,"enemies":"Exordium Thugs","floor":7.0,"turns":5.0},{"damage":7.0,"enemies":"3 Sentries","floor":11.0,"turns":6.0},{"damage":20.0,"enemies":"Exordium Wildlife","floor":12.0,"turns":6.0},{"damage":1.0,"enemies":"2 Fungi Beasts","floor":14.0,"turns":3.0},{"damage":55.0,"enemies":"The Guardian","floor":16.0,"turns":20.0},{"damage":6.0,"enemies":"Spheric Guardian","floor":18.0,"turns":5.0},{"damage":6.0,"enemies":"3 Byrds","floor":19.0,"turns":5.0},{"damage":6.0,"enemies":"Snake Plant","floor":22.0,"turns":2.0},{"damage":6.0,"enemies":"Book of Stabbing","floor":24.0,"turns":2.0},{"damage":6.0,"enemies":"Slavers","floor":31.0,"turns":4.0},{"damage":4.0,"enemies":"Champ","floor":33.0,"turns":2.0},{"damage":6.0,"enemies":"Orb Walker","floor":35.0,"turns":1.0},{"damage":16.0,"enemies":"2 Orb Walkers","floor":36.0,"turns":2.0},{"damage":15,"enemies":"3 Shapes","floor":38,"turns":3},{"damage":7,"enemies":"Maw","floor":39,"turns":3},{"damage":6,"enemies":"Giant Head","floor":40,"turns":1},{"damage":6,"enemies":"Spire Growth","floor":41,"turns":1},{"damage":12,"enemies":"4 Shapes","floor":42,"turns":2},{"damage":6,"enemies":"Nemesis","floor":45,"turns":3},{"damage":6,"enemies":"Writhing Mass","floor":46,"turns":2},{"damage":12,"enemies":"Sphere and 2 Shapes","floor":47,"turns":3},{"damage":12,"enemies":"Giant Head","floor":48,"turns":1},{"damage":6,"enemies":"Awakened One","floor":50,"turns":2}],"seed_played":"-2720284049668242433","potions_obtained":[{"floor":2.0,"key":"LiquidBronze"},{"floor":5.0,"key":"Strength Potion"},{"floor":6.0,"key":"FearPotion"},{"floor":11.0,"key":"Swift Potion"},{"floor":16.0,"key":"BloodPotion"},{"floor":18.0,"key":"HeartOfIron"},{"floor":24.0,"key":"SpeedPotion"},{"floor":41,"key":"FearPotion"},{"floor":42,"key":"BloodPotion"}],"is_trial":false,"path_per_floor":["M","M","M","?","M","E","M","R","T","?","E","M","R","M","R","B",null,"M","M","$","?","M","R","E","R","T","R","$","?","?","E","R","B",null,"M","?","T","M","M","E","M","M","T","R","E","M","M","E","R","B",null],"character_chosen":"IRONCLAD","items_purchased":[],"campfire_rested":0,"item_purchase_floors":[],"current_hp_per_floor":[80,80,80,80,80,53,54,54,61,61,70,56,56,61,61,12,87,87,87,87,87,87,87,87,87,87,87,87,87,87,87,87,87,87,87,77,77,68,67,67,67,83,83,83,83,83,77,71,71,71],"gold":933,"neow_bonus":"RANDOM_COLORLESS","is_daily":false,"chose_seed":false,"campfire_upgraded":9,"win_rate":0.0,"timestamp":1609699179,"path_taken":["M","M","M","?","M","E","M","R","T","?","E","M","R","?","R","BOSS","M","M","$","?","M","R","E","R","T","R","$","?","?","E","R","BOSS","M","?","?","M","M","E","M","M","T","R","E","M","M","E","R","BOSS"],"items_purchased_type":[],"build_version":"2020-12-22","purchased_purges":2,"victory":true,"max_hp_per_floor":[80,80,80,80,80,80,80,80,87,87,87,87,87,87,87,87,87,87,87,87,87,87,87,87,87,87,87,87,87,87,87,87,87,87,87,87,87,87,87,87,87,87,87,87,87,87,87,87,87,87],"relic_stats":{"Regal Pillow":0,"Happy Flower":[10],"counters":[28,104],"StoneCalendar":[0],"Pen Nib":[17],"Burning Blood":154,"Dream Catcher":0,"Nunchaku":[33],"Centennial Puzzle":[39],"Shuriken":[69],"Black Star":3,"obtain_stats":[{"Regal Pillow":40,"Happy Flower":29,"Oddly Smooth Stone":45,"Thread and Needle":36,"StoneCalendar":48,"Pen Nib":40,"Bottled Tornado":11,"Burning Blood":0,"Old Coin":45,"Dream Catcher":24,"Nunchaku":26,"Centennial Puzzle":31,"Shuriken":37,"Strawberry":9,"Coffee Dripper":17,"Black Star":34,"Bag of Marbles":48,"Toxic Egg 2":43,"Toy Ornithopter":6},{"Regal Pillow":21,"Happy Flower":14,"Oddly Smooth Stone":24,"Thread and Needle":18,"StoneCalendar":27,"Pen Nib":21,"Bottled Tornado":7,"Burning Blood":0,"Old Coin":24,"Dream Catcher":14,"Nunchaku":14,"Centennial Puzzle":15,"Shuriken":18,"Strawberry":6,"Coffee Dripper":10,"Black Star":16,"Bag of Marbles":27,"Toxic Egg 2":23,"Toy Ornithopter":5},{"Regal Pillow":90,"Happy Flower":74,"Oddly Smooth Stone":96,"Thread and Needle":83,"StoneCalendar":102,"Pen Nib":90,"Bottled Tornado":31,"Burning Blood":0,"Old Coin":96,"Dream Catcher":74,"Nunchaku":74,"Centennial Puzzle":78,"Shuriken":83,"Strawberry":25,"Coffee Dripper":60,"Black Star":80,"Bag of Marbles":102,"Toxic Egg 2":93,"Toy Ornithopter":20}],"Toy Ornithopter":15},"card_choices":[{"not_picked":["Discovery","Swift Strike"],"picked":"Dramatic Entrance","floor":0.0},{"not_picked":["Headbutt","Pummel"],"picked":"Dark Embrace","floor":1.0},{"not_picked":["Fire Breathing","Clothesline"],"picked":"Dropkick","floor":2.0},{"not_picked":["Combust","Dual Wield"],"picked":"True Grit","floor":3.0},{"not_picked":["Clash","Thunderclap"],"picked":"True Grit","floor":5.0},{"not_picked":["Warcry","Berserk"],"picked":"Armaments","floor":6.0},{"not_picked":["Rage","Flex","Whirlwind"],"picked":"SKIP","floor":7.0},{"not_picked":["Thunderclap","Anger"],"picked":"Iron Wave","floor":11.0},{"not_picked":["Twin Strike","Body Slam"],"picked":"Armaments","floor":12.0},{"not_picked":["Armaments","Anger"],"picked":"Iron Wave","floor":14.0},{"not_picked":["Bludgeon","Demon Form"],"picked":"Offering","floor":16.0},{"not_picked":["True Grit","Sword Boomerang"],"picked":"Dropkick","floor":18.0},{"not_picked":["Pommel Strike","Body Slam+1","Entrench"],"picked":"SKIP","floor":19.0},{"not_picked":["Pommel Strike","Clash"],"picked":"Seeing Red","floor":22.0},{"not_picked":["Dual Wield","Armaments","Dropkick"],"picked":"SKIP","floor":24.0},{"not_picked":["Second Wind","Blood for Blood"],"picked":"Disarm+1","floor":31.0},{"not_picked":["Impervious","Feed"],"picked":"Offering","floor":33.0},{"not_picked":["Armaments+1","Twin Strike+1"],"picked":"Warcry","floor":35.0},{"not_picked":["Fire Breathing+1","Armaments","True Grit+1"],"picked":"SKIP","floor":38},{"not_picked":["Cleave+1","Sword Boomerang","Flame Barrier+1"],"picked":"SKIP","floor":39},{"not_picked":["Juggernaut","Fire Breathing","Dark Embrace"],"picked":"SKIP","floor":40},{"not_picked":["Iron Wave+1","Clash+1","Warcry+1"],"picked":"SKIP","floor":41},{"not_picked":["Pommel Strike","Armaments","Twin Strike"],"picked":"SKIP","floor":42},{"not_picked":["Cleave","Inflame"],"picked":"True Grit+1","floor":45},{"not_picked":["Armaments+1","Anger+1","Clothesline+1"],"picked":"SKIP","floor":46},{"not_picked":["Iron Wave+1","Pommel Strike+1","Barricade"],"picked":"SKIP","floor":47},{"not_picked":["Inflame+1","Cleave","Pummel"],"picked":"SKIP","floor":48}],"player_experience":0,"relics_obtained":[{"floor":6.0,"key":"Toy Ornithopter"},{"floor":9.0,"key":"Strawberry"},{"floor":11.0,"key":"Bottled Tornado"},{"floor":24.0,"key":"Dream Catcher"},{"floor":26.0,"key":"Nunchaku"},{"floor":31.0,"key":"Centennial Puzzle"},{"floor":36.0,"key":"Thread and Needle"},{"floor":37.0,"key":"Shuriken"},{"floor":40,"key":"Pen Nib"},{"floor":40,"key":"Regal Pillow"},{"floor":43,"key":"Toxic Egg 2"},{"floor":45,"key":"Oddly Smooth Stone"},{"floor":45,"key":"Old Coin"},{"floor":48,"key":"StoneCalendar"},{"floor":48,"key":"Bag of Marbles"}],"event_choices":[{"damage_healed":0.0,"max_hp_gain":0.0,"max_hp_loss":0.0,"gold_gain":0.0,"event_name":"Living Wall","player_choice":"Grow","floor":4.0,"gold_loss":0.0,"damage_taken":0.0,"cards_upgraded":["Bash"]},{"damage_healed":0.0,"max_hp_gain":0.0,"max_hp_loss":0.0,"gold_gain":0.0,"event_name":"Match and Keep!","player_choice":"2 cards matched","floor":10.0,"gold_loss":0.0,"damage_taken":0.0,"cards_obtained":["Corruption","Finesse"]},{"damage_healed":0.0,"max_hp_gain":0.0,"max_hp_loss":0.0,"gold_gain":0.0,"event_name":"Cursed Tome","player_choice":"Ignored","floor":21.0,"gold_loss":0.0,"damage_taken":0.0},{"damage_healed":0.0,"max_hp_gain":0.0,"max_hp_loss":0.0,"gold_gain":0.0,"event_name":"Addict","player_choice":"Obtained Relic","floor":29.0,"gold_loss":85.0,"damage_taken":0.0,"relics_obtained":["Happy Flower"]},{"damage_healed":0.0,"max_hp_gain":0.0,"max_hp_loss":0.0,"gold_gain":0.0,"event_name":"Vampires","player_choice":"Ignored","floor":30.0,"gold_loss":0.0,"damage_taken":0.0},{"damage_healed":0.0,"max_hp_gain":0.0,"max_hp_loss":0.0,"gold_gain":0.0,"event_name":"Mysterious Sphere","player_choice":"Fight","floor":36.0,"gold_loss":0.0,"damage_taken":0.0}],"is_beta":false,"boss_relics":[{"not_picked":["Tiny House","Astrolabe"],"picked":"Coffee Dripper"},{"not_picked":["Calling Bell","Snecko Eye"],"picked":"Black Star"}],"items_purged_floors":[20,28],"is_endless":false,"potions_floor_spawned":[2,5,6,11,16,18,19,24,38,41,42,45,47],"ascension_level":0}}