{"host":"j8ly90ps7nkk24ot","time":1609704882,"event":{"mods":["AchievementEnabler","Act Like it!","Aspiration","BaseMod","Better Note","Better Sensory Stone","Better Skull","Block Reminder","Clockwork Mod","Colored Map","Colored Powertips","DeckTracker","Dio Mod","Downfall","Fiend Mod","Googly Eyes","GungeonMod","Halation","Hermit","Highlight Path","Minty Spire (QoL Compilation)","Permanent Neow","Practice Mode","Quick Restart","Rare Cards Sparkle","Relic Sorter","Relic Stats","Replay The Spire","StSLib","SuperFastMode","Synergy Search","The Bladedancer","The Bug Knight","The Construct","The Disciple","The Exalted","The Juggle","The Necromancer","The Saiyan","The Servant 0.9.4","The Showman","The Wild Card","TheBandit","TheHero","Waifu the Spire","everything is the same but u backflip on backflip","slay the spire mod where everything is the same but ironclad has a cowboy hat"],"gold_per_floor":[109,109,128,128,128,160,160,17,17,17,83,108,144,164,164,274,274,302,344,344,207,232,275,191,205,205],"floor_reached":25,"playtime":2316,"items_purged":[],"score":279,"play_id":"5b9c1b95-507e-4ea5-9ed1-a42741284a8f","local_time":"20210103121442","is_ascension_mode":false,"campfire_choices":[{"floor":7.0,"key":"REST"},{"data":"Midas Touch","floor":10.0,"key":"SMITH"},{"floor":15.0,"key":"REST"}],"circlet_count":0,"master_deck":["Strike_P","Strike_P","Strike_P","Strike_P","Defend_P","Defend_P","Defend_P","Defend_P","Eruption","Vigilance","Replay:ManipulateFuture","Worship","theWildCard:Scathach","CutThroughFate","Midas Touch+1","FollowUp","JustLucky","expansioncontent:CaCaw","SashWhip","ClearTheMind","FlyingSleeves","Replay:DivineShield","Devotion","Consecrate+1","Replay:DivineShield","Saiyan:MindBoom","ReachHeaven","Decay","LikeWater","Crescendo+1","Prostrate"],"relics":["PureWater","Replay:Bandana","Iron Hammer","Ancient Tea Set","Anchor","Philosopher\u0027s Stone","ReplayTheSpireMod:CursedCoin","Strawberry","Pet Ghost","Gremlin Horn"],"acts_visited":["Exordium","TheCity"],"potions_floor_usage":[25,25],"damage_taken":[{"damage":7.0,"enemies":"2 Louse","floor":1.0,"turns":3.0},{"damage":0.0,"enemies":"Small Slimes","floor":3.0,"turns":3.0},{"damage":27.0,"enemies":"Replay:BlueRogue","floor":6.0,"turns":4.0},{"damage":0.0,"enemies":"Jaw Worm","floor":12.0,"turns":3.0},{"damage":16.0,"enemies":"Lagavulin","floor":13.0,"turns":5.0},{"damage":0.0,"enemies":"Gremlin Gang","floor":14.0,"turns":6.0},{"damage":0.0,"enemies":"Slime Boss","floor":16.0,"turns":3.0},{"damage":6.0,"enemies":"Spheric Guardian","floor":18.0,"turns":5.0},{"damage":4.0,"enemies":"Chosen","floor":19.0,"turns":5.0},{"damage":13,"enemies":"3 Cultists","floor":22,"turns":5},{"damage":49,"enemies":"Gremlin Leader","floor":23,"turns":7},{"damage":7,"enemies":"Snake Plant","floor":25,"turns":2}],"seed_played":"-5522090156507810467","potions_obtained":[{"floor":3.0,"key":"ColorlessPotion"},{"floor":6.0,"key":"Strength Potion"},{"floor":11.0,"key":"Energy Potion"},{"floor":11.0,"key":"champ:CounterPotion"},{"floor":18.0,"key":"AttackPotion"}],"is_trial":false,"path_per_floor":["M","?","M","?","?","E","R","$","T","R","?","M","E","M","R","B",null,"M","M","?","$","M","E","?","M"],"character_chosen":"WATCHER","items_purchased":["JustLucky","expansioncontent:CaCaw","ReachHeaven","ReplayTheSpireMod:CursedCoin","Strawberry","LikeWater"],"campfire_rested":2,"item_purchase_floors":[8,8,21,21,21,21],"current_hp_per_floor":[65,65,65,65,65,38,59,59,59,59,59,59,43,43,64,64,72,66,62,62,69,56,7,7,0,0],"gold":205,"neow_bonus":"THREE_CARDS","is_daily":false,"chose_seed":false,"campfire_upgraded":1,"win_rate":0.0,"timestamp":1609704882,"path_taken":["M","?","M","?","?","E","R","$","T","R","?","M","E","M","R","BOSS","M","?","?","?","M","E","?","?"],"items_purchased_type":["Card","Card","Card","Relic","Relic","Card"],"build_version":"2020-12-22","purchased_purges":0,"victory":false,"max_hp_per_floor":[72,72,72,72,72,72,72,72,72,72,72,72,72,72,72,72,72,72,72,72,79,79,79,79,79,79],"relic_stats":{"Gremlin Horn":[0,0],"counters":[12,51],"obtain_stats":[{"Replay:Bandana":6,"Anchor":13,"Gremlin Horn":24,"ReplayTheSpireMod:CursedCoin":21,"Strawberry":21,"Philosopher\u0027s Stone":17,"DemoMod:GlassGuonStoneRelic":6,"Iron Hammer":9,"PureWater":0,"Ancient Tea Set":11,"Pet Ghost":23},{"Replay:Bandana":3,"Anchor":5,"Gremlin Horn":11,"ReplayTheSpireMod:CursedCoin":9,"Strawberry":9,"Philosopher\u0027s Stone":7,"DemoMod:GlassGuonStoneRelic":3,"Iron Hammer":3,"PureWater":0,"Ancient Tea Set":3,"Pet Ghost":11},{"Replay:Bandana":10,"Anchor":18,"Gremlin Horn":49,"ReplayTheSpireMod:CursedCoin":37,"Strawberry":37,"Philosopher\u0027s Stone":27,"DemoMod:GlassGuonStoneRelic":10,"Iron Hammer":10,"PureWater":0,"Ancient Tea Set":10,"Pet Ghost":49}]},"card_choices":[{"not_picked":["FlurryOfBlows","Indignation"],"picked":"Replay:ManipulateFuture","floor":0.0},{"not_picked":["FlyingSleeves","SashWhip"],"picked":"Worship","floor":1.0},{"not_picked":["Indignation","Evaluate"],"picked":"CutThroughFate","floor":3.0},{"not_picked":["expansioncontent:DecasProtection","expansioncontent:CaCaw"],"picked":"Midas Touch","floor":5.0},{"not_picked":["Replay:Cycle","Swivel"],"picked":"FollowUp","floor":6.0},{"not_picked":["Replay:Cycle","EmptyBody"],"picked":"SashWhip","floor":11.0},{"not_picked":["Crescendo","FlurryOfBlows"],"picked":"ClearTheMind","floor":12.0},{"not_picked":["WreathOfFlame","Meditate"],"picked":"FlyingSleeves","floor":13.0},{"not_picked":["DeusExMachina","SignatureMove"],"picked":"Replay:DivineShield","floor":14.0},{"not_picked":["MasterReality","Blasphemy"],"picked":"Devotion","floor":16.0},{"not_picked":["Evaluate","Study"],"picked":"Consecrate+1","floor":18.0},{"not_picked":["JustLucky","Replay:ManipulateFuture"],"picked":"Replay:DivineShield","floor":19},{"not_picked":["EmptyFist","Sanctity"],"picked":"Crescendo+1","floor":22},{"not_picked":["Pray","JustLucky+1"],"picked":"Prostrate","floor":23}],"player_experience":126700,"relics_obtained":[{"floor":6.0,"key":"Replay:Bandana"},{"floor":9.0,"key":"Iron Hammer"},{"floor":11.0,"key":"Ancient Tea Set"},{"floor":13.0,"key":"Anchor"},{"floor":23,"key":"Pet Ghost"}],"event_choices":[{"damage_healed":0.0,"max_hp_gain":0.0,"max_hp_loss":0.0,"gold_gain":0.0,"event_name":"Golden Wing","player_choice":"Ignored","floor":4.0,"gold_loss":0.0,"damage_taken":0.0},{"damage_healed":0.0,"max_hp_gain":0.0,"max_hp_loss":0.0,"gold_gain":1.0,"event_name":"betterStone:BetterStone","player_choice":"1","floor":5.0,"gold_loss":0.0,"damage_taken":0.0},{"cards_removed":["Midas Touch"],"damage_healed":0,"gold_gain":0,"player_choice":"Take \u0026 Give","damage_taken":0,"max_hp_gain":0,"max_hp_loss":0,"event_name":"betterNote:BetterNote","floor":20,"gold_loss":0,"cards_obtained":["Saiyan:MindBoom"]},{"damage_healed":0,"gold_gain":0,"player_choice":"Paid Gold","damage_taken":0,"relics_obtained":["Gremlin Horn"],"max_hp_gain":0,"max_hp_loss":0,"event_name":"WeMeetAgain","floor":24,"gold_loss":84}],"is_beta":false,"boss_relics":[{"not_picked":["Astrolabe","halation:ForbiddenBikini"],"picked":"Philosopher\u0027s Stone"}],"items_purged_floors":[],"is_endless":false,"potions_floor_spawned":[3,6,12,18,23],"killed_by":"Snake Plant","ascension_level":0}}