{"host":"8lgo2trwv2o0qyml","time":1609636010,"event":{"mods":["BaseMod","Colored Map","Colored Powertips","DeckTracker","Highlight Path","Hubris","Infinite Spire","Minty Spire (QoL Compilation)","Quick Restart","Random Character Button","Relic Sorter","Replay The Spire","StSLib","SuperFastMode","Synergy Search","The Jungle"],"gold_per_floor":[116,116,116,15,90,115,125,144,144,144,164,164,192,44,44,144,144,176,82,82,109,109,109,156,156,156,156,181,217,217,250,250,367,367,400,400,400,412,412,446,446,476,556,581,40,64,64],"floor_reached":46,"playtime":2952,"items_purged":["Looming Evil","Hallucinations"],"score":496,"play_id":"cdcbe1e2-6c07-463f-9713-fba4a297a271","local_time":"20210102200650","is_ascension_mode":false,"campfire_choices":[{"data":"Demon Form","floor":10,"key":"SMITH"},{"data":"ReplayTheSpireMod:Strike From Hell","floor":15,"key":"SMITH"},{"data":"Jack Of All Trades","floor":23,"key":"SMITH"},{"data":"Barricade","floor":25,"key":"SMITH"},{"data":"Double Tap","floor":27,"key":"SMITH"},{"data":"Shrug It Off","floor":30,"key":"SMITH"},{"data":"Flex","floor":32,"key":"SMITH"},{"data":"Replay:Undeath\u0027s Touch","floor":41,"key":"SMITH"}],"circlet_count":0,"master_deck":["Strike_R","Strike_R","Strike_R","Defend_R","Defend_R","Defend_R","Defend_R","Bash","Shrug It Off+1","Demon Form+1","Dramatic Entrance","Replay:Undeath\u0027s Touch+1","Perfected Strike","Dropkick","ReplayTheSpireMod:Strike From Hell+1","Infernal Blade+1","Fiend Fire","Double Tap+1","Writhe","hubris:Despair","Shrug It Off+1","Jack Of All Trades+1","Blood for Blood","Life Link+1","Barricade+1","Flex+1","Replay:Undeath\u0027s Touch+1","Demonic Infusion","CurseOfTheBell","Armaments+1","Replay:Fractal Strike","Seeing Red+1","Cleave+1","Defy Death"],"relics":["Burning Blood","hubris:Icosahedron","NeowsBlessing","hubris:CuriousFeather","ReplayTheSpireMod:CursedCoin","Replay:Rubber Ducky","Shuriken","Bag of Marbles","Nunchaku","Replay:Ancient Bell","Replay:Bandana","Darkstone Periapt","infinitespire:Joker Card","theJungle:BirthdayCakeSlice","Paper Frog","infinitespire:Lychee Nut","Calling Bell","Pocketwatch","hubris:CrystalStatue","Replay:Mystery Machine","hubris:Zylophone","Bottled Tornado","Medical Kit","Incense Burner"],"acts_visited":["Exordium","theJungle:Jungle","TheBeyond"],"potions_floor_usage":[44,46,46,46,46,46],"damage_taken":[{"damage":0,"enemies":"Cultist","floor":1,"turns":1},{"damage":0,"enemies":"3 Sentries","floor":6,"turns":1},{"damage":0,"enemies":"2 Louse","floor":7,"turns":1},{"damage":0,"enemies":"Small Slimes","floor":8,"turns":2},{"damage":0,"enemies":"2 Fungi Beasts","floor":11,"turns":2},{"damage":7,"enemies":"Replay:BlueRogue","floor":13,"turns":5},{"damage":36,"enemies":"The Guardian","floor":16,"turns":8},{"damage":8,"enemies":"theJungle:MUSHROOMGANG","floor":18,"turns":3},{"damage":15,"enemies":"theJungle:Flameango_and_Byrd","floor":21,"turns":5},{"damage":37,"enemies":"theJungle:Cassacara","floor":24,"turns":7},{"damage":21,"enemies":"theJungle:2_Snecko_Cultists","floor":28,"turns":4},{"damage":14,"enemies":"theJungle:Lyon","floor":29,"turns":4},{"damage":0,"enemies":"theJungle:SlimyTreeVines","floor":31,"turns":4},{"damage":30,"enemies":"theJungle:FunGuy","floor":33,"turns":7},{"damage":13,"enemies":"3 Shapes","floor":35,"turns":3},{"damage":0,"enemies":"Mind Bloom Boss Battle","floor":38,"turns":8},{"damage":0,"enemies":"3 Darklings","floor":40,"turns":1},{"damage":14,"enemies":"4 Shapes","floor":42,"turns":4},{"damage":64,"enemies":"Writhing Mass","floor":44,"turns":5},{"damage":51,"enemies":"Reptomancer","floor":46,"turns":3}],"seed_played":"5992676876906090852","potions_obtained":[{"floor":6,"key":"LiquidBronze"},{"floor":11,"key":"Regen Potion"},{"floor":13,"key":"Doom Potion"},{"floor":16,"key":"BloodPotion"},{"floor":35,"key":"EntropicBrew"}],"is_trial":false,"path_per_floor":["M","?","?","$","?","E","M","M","T","R","M","?","E","$","R","B",null,"M","$","?","M","?","R","E","R","T","R","M","M","R","M","R","B",null,"M","?","?","?","?","M","R","M","T","M","$","E"],"character_chosen":"IRONCLAD","items_purchased":["ReplayTheSpireMod:CursedCoin","Demon Form","Dramatic Entrance","Nunchaku","Jack Of All Trades","Medical Kit","Incense Burner"],"campfire_rested":0,"item_purchase_floors":[4,4,4,14,19,45,45],"current_hp_per_floor":[80,80,80,80,69,75,80,80,80,80,80,80,79,79,79,49,98,96,96,96,87,92,92,61,61,61,61,52,50,50,68,68,50,83,78,78,58,70,70,76,76,74,74,38,38,0,0],"gold":64,"neow_bonus":"THREE_ENEMY_KILL","is_daily":false,"chose_seed":false,"campfire_upgraded":8,"win_rate":0.0,"timestamp":1609636010,"path_taken":["M","?","?","$","?","E","M","M","T","R","M","?","E","?","R","BOSS","M","$","?","?","?","R","E","R","T","R","M","M","R","M","R","BOSS","M","?","?","?","?","?","R","M","T","M","$","E"],"items_purchased_type":["Relic","Card","Card","Relic","Card","Relic","Relic"],"build_version":"2020-12-22","purchased_purges":2,"victory":false,"max_hp_per_floor":[80,80,80,80,80,80,80,80,80,80,80,80,80,80,80,80,98,98,98,98,98,103,103,103,103,77,77,77,77,77,77,77,77,83,83,83,83,83,83,83,83,83,83,83,83,83,83],"card_choices":[{"not_picked":["Clash","Abandon"],"picked":"Shrug It Off","floor":1},{"not_picked":["Berserk","Headbutt"],"picked":"Replay:Undeath\u0027s Touch","floor":6},{"not_picked":["True Grit","ReplayTheSpireMod:Limb From Limb"],"picked":"Perfected Strike","floor":7},{"not_picked":["Shrug It Off","Combust"],"picked":"Dropkick","floor":8},{"not_picked":["Flame Barrier","Pommel Strike"],"picked":"ReplayTheSpireMod:Strike From Hell","floor":11},{"not_picked":["Power Through","Body Slam"],"picked":"Fiend Fire","floor":13},{"not_picked":["Bludgeon","Demon Form"],"picked":"Double Tap","floor":16},{"not_picked":["Amnesia","hubris:Lust"],"picked":"Writhe","floor":17},{"not_picked":["Looming Evil","ReplayTheSpireMod:Doomed"],"picked":"hubris:Despair","floor":17},{"not_picked":["ReplayTheSpireMod:Faulty Equipment","infinitespire:Pacifist"],"picked":"Hallucinations","floor":17},{"not_picked":["Clothesline","Headbutt"],"picked":"Shrug It Off","floor":18},{"not_picked":["Sword Boomerang","Pommel Strike"],"picked":"Life Link+1","floor":21},{"not_picked":["Pummel","Seeing Red"],"picked":"Barricade","floor":24},{"not_picked":["hubris:CleavingFinish","True Grit+1","Clothesline"],"picked":"SKIP","floor":28},{"not_picked":["Disarm","ReplayTheSpireMod:LeadingStrike"],"picked":"Flex","floor":29},{"not_picked":["Life Link","True Grit+1"],"picked":"Replay:Undeath\u0027s Touch+1","floor":31},{"not_picked":["Replay:Many Hands","Fiend Fire"],"picked":"Demonic Infusion","floor":33},{"not_picked":["Power Through+1","Infernal Blade"],"picked":"Armaments+1","floor":35},{"not_picked":["infinitespire:TheBestDefense","ReplayTheSpireMod:Black Plague"],"picked":"Replay:Fractal Strike","floor":37},{"not_picked":["ReplayTheSpireMod:Strike From Hell","Whirlwind"],"picked":"Seeing Red+1","floor":38},{"not_picked":["Searing Blow","Warcry"],"picked":"Cleave+1","floor":40},{"not_picked":["hubris:ReadiedAction","Sever Soul+1","Battle Trance+1"],"picked":"SKIP","floor":42},{"not_picked":["Offering","Perfected Strike"],"picked":"Defy Death","floor":44}],"player_experience":0,"relics_obtained":[{"floor":3,"key":"hubris:CuriousFeather"},{"floor":6,"key":"Replay:Rubber Ducky"},{"floor":9,"key":"Shuriken"},{"floor":13,"key":"Bag of Marbles"},{"floor":24,"key":"Paper Frog"},{"floor":26,"key":"infinitespire:Lychee Nut"},{"floor":34,"key":"Pocketwatch"},{"floor":34,"key":"hubris:CrystalStatue"},{"floor":34,"key":"Replay:Mystery Machine"},{"floor":38,"key":"hubris:Zylophone"},{"floor":43,"key":"Bottled Tornado"}],"event_choices":[{"damage_healed":0,"gold_gain":0,"player_choice":"Grow","damage_taken":0,"max_hp_gain":0,"max_hp_loss":0,"event_name":"Living Wall","floor":2,"gold_loss":0,"cards_upgraded":["Shrug It Off"]},{"damage_healed":0,"gold_gain":75,"player_choice":"Gather Gold","damage_taken":11,"max_hp_gain":0,"max_hp_loss":0,"event_name":"World of Goop","floor":5,"gold_loss":0},{"damage_healed":0,"gold_gain":0,"cards_transformed":["Strike_R"],"player_choice":"Transformed","damage_taken":0,"max_hp_gain":0,"max_hp_loss":0,"event_name":"Transmorgrifier","floor":20,"gold_loss":0,"cards_obtained":["Blood for Blood"]},{"damage_healed":0,"gold_gain":0,"player_choice":"Fight","damage_taken":0,"max_hp_gain":0,"max_hp_loss":0,"event_name":"MindBloom","floor":38,"gold_loss":0}],"is_beta":false,"boss_relics":[{"not_picked":["Kintsugi","hubris:HollowSoul"],"picked":"Replay:Ancient Bell"},{"not_picked":["hubris:OldNail","Vajra"],"picked":"Replay:Bandana"},{"not_picked":["Quantum Egg","Chameleon Ring"],"picked":"Darkstone Periapt"},{"not_picked":["Calipers","hubris:FunFungus"],"picked":"infinitespire:Joker Card"},{"not_picked":["Electric Blood","Replay:Drink Me"],"picked":"Calling Bell"}],"items_purged_floors":[4,45],"is_endless":false,"potions_floor_spawned":[6,11,13,16,31,33,35,42],"killed_by":"Reptomancer","ascension_level":0}}