{"host":"l84l8xigz5v5foa2","time":1609697073,"event":{"mods":["2.2 Compatiblity","AchievementEnabler","BaseMod","Better Note","Better Vampires","Card Filter","Colored Map","DeckTracker","Downfall","Gremlin Skip","Highlight Path","Keyboard Shortcuts","Minty Spire (QoL Compilation)","Permanent Neow","Quick Restart","Relic Filter","Relic Stats","StSLib","SuperFastMode","Transform Curses","Unknown Chances"],"gold_per_floor":[349,366,366,382,382,382,382,382,408,408,426,121,141,160,177,250,250,250,261,272,288,299,299,299,325,325,325,343,343,360,391,402,479,479,479,494,509,320,320,338,393,243,372,406,331,346,346,358,375,375,375,403,32,32,32],"floor_reached":56,"playtime":3630,"items_purged":["hexamod:Defend","hexamod:Strike+1","hexamod:Strike+1","hexamod:Strike+1"],"score":2471,"play_id":"682168d8-9dbb-4796-af7f-a5eee45f08ee","local_time":"20210104030433","is_ascension_mode":true,"campfire_choices":[{"data":"hexamod:Float","floor":1.0,"key":"SMITH"},{"data":"hexamod:InspiringFlames","floor":6.0,"key":"SMITH"},{"data":"hexamod:ShieldOfDarkness","floor":8.0,"key":"SMITH"},{"floor":10.0,"key":"REST"},{"data":"hexamod:ThermalTransfer","floor":18.0,"key":"SMITH"},{"data":"hexamod:GhostOfSpirePast","floor":23.0,"key":"SMITH"},{"data":"hexamod:EtherealExpedition","floor":26.0,"key":"SMITH"},{"floor":29.0,"key":"RECALL"},{"data":"hexamod:ThermalTransfer","floor":35.0,"key":"SMITH"},{"data":"hexamod:SearingWound","floor":54,"key":"SMITH"}],"circlet_count":0,"master_deck":["AscendersBane","hexamod:Strike+1","hexamod:Defend+1","hexamod:Defend+1","hexamod:Defend+1","hexamod:Sear+1","hexamod:Float+1","hexamod:InspiringFlames+1","hexamod:ShieldOfDarkness+1","hexamod:SixthSeal","hexamod:AdvancingGuard+1","hexamod:GhostflameInferno+1","hexamod:StepThrough+1","hexamod:GhostOfSpirePast+1","hexamod:ThermalTransfer+1","hexamod:WildfireWeapon+1","hexamod:SpectersWail+1","hexamod:NightmareStrike+1","hexamod:HauntingEcho+1","hexamod:FastForward+1","hexamod:EtherealExpedition+1","hexamod:NightmareGuise+1","hexamod:ThermalTransfer+1","hexamod:FirstSeal","hexamod:RetreatToShadows+1","hexamod:TimeWarp+1","hexamod:HeatShield+1","hexamod:StepThrough+1","hexamod:Incineration+1","hexamod:BacktrackSmack+1","hexamod:Rewind+1","hexamod:Hexaguard+1","hexamod:SearingWound+1"],"relics":["hexamod:SpiritBrand","downfall:ShatteredFragment","Thread and Needle","Ginger","PreservedInsect","Coffee Dripper","Gambling Chip","Prayer Wheel","FossilizedHelix","sneckomod:SneckoTalon","downfall:HeartBlessingRed","downfall:HeartBlessingBlue","Meat on the Bone","downfall:HeartBlessingGreen","Mango","Toolbox"],"acts_visited":["Exordium","TheCity","TheBeyond","TheEnding"],"potions_floor_usage":[49,49],"damage_taken":[{"damage":0.0,"enemies":"2 Louse","floor":2.0,"turns":2.0},{"damage":0.0,"enemies":"Cultist","floor":4.0,"turns":3.0},{"damage":22.0,"enemies":"Gremlin Nob","floor":9.0,"turns":4.0},{"damage":0.0,"enemies":"Small Slimes","floor":11.0,"turns":3.0},{"damage":0.0,"enemies":"downfall:FleeingMerchant","floor":12.0,"turns":4.0},{"damage":0.0,"enemies":"Exordium Wildlife","floor":13.0,"turns":3.0},{"damage":0.0,"enemies":"3 Louse","floor":14.0,"turns":4.0},{"damage":0.0,"enemies":"2 Fungi Beasts","floor":15.0,"turns":3.0},{"damage":24.0,"enemies":"downfall:Defect","floor":16.0,"turns":7.0},{"damage":12.0,"enemies":"Spheric Guardian","floor":19.0,"turns":4.0},{"damage":3.0,"enemies":"3 Byrds","floor":20.0,"turns":3.0},{"damage":4.0,"enemies":"Shelled Parasite and Fungi","floor":21.0,"turns":4.0},{"damage":17.0,"enemies":"Snecko","floor":22.0,"turns":6.0},{"damage":0.0,"enemies":"Book of Stabbing","floor":25.0,"turns":3.0},{"damage":0.0,"enemies":"Centurion and Healer","floor":28.0,"turns":5.0},{"damage":0.0,"enemies":"Chosen and Byrds","floor":30.0,"turns":3.0},{"damage":0.0,"enemies":"Gremlin Leader","floor":31.0,"turns":3.0},{"damage":0.0,"enemies":"Cultist and Chosen","floor":32.0,"turns":4.0},{"damage":0.0,"enemies":"downfall:Silent","floor":33.0,"turns":7.0},{"damage":0.0,"enemies":"3 Darklings","floor":36.0,"turns":5.0},{"damage":0.0,"enemies":"3 Shapes","floor":37.0,"turns":4.0},{"damage":0,"enemies":"downfall:FleeingMerchant","floor":38,"turns":4},{"damage":0,"enemies":"Spire Growth","floor":40,"turns":4},{"damage":0,"enemies":"downfall:FleeingMerchant","floor":43,"turns":3},{"damage":23,"enemies":"Giant Head","floor":44,"turns":6},{"damage":0,"enemies":"Jaw Worm Horde","floor":46,"turns":5},{"damage":0,"enemies":"Maw","floor":48,"turns":6},{"damage":0,"enemies":"Writhing Mass","floor":49,"turns":4},{"damage":0,"enemies":"downfall:Watcher","floor":50,"turns":10},{"damage":0,"enemies":"downfall:CharBossMerchant","floor":52,"turns":7},{"damage":8,"enemies":"downfall:NeowBoss","floor":55,"turns":27}],"seed_played":"-5631129903174824696","potions_obtained":[{"floor":5.0,"key":"CultistPotion"},{"floor":5.0,"key":"FearPotion"},{"floor":9.0,"key":"Explosive Potion"},{"floor":11.0,"key":"hexamod:EctoCoolerPotion"},{"floor":16.0,"key":"SkillPotion"},{"floor":19.0,"key":"hexamod:DoubleChargePotion"},{"floor":21.0,"key":"SpeedPotion"},{"floor":25.0,"key":"Fire Potion"},{"floor":40,"key":"Swift Potion"},{"floor":46,"key":"champ:CounterPotion"}],"is_trial":false,"path_per_floor":["R","M","?","M","?","R","T","R","E","R","M","$","M","M","M","B",null,"R","M","M","M","M","R","T","E","R","?","M","R","M","E","M","B",null,"R","M","M","$","?","M","T","R","$","E","R","M","?","M","M","B",null,"E","$","R","B",null],"character_chosen":"THE_SPIRIT","items_purchased":["hexamod:StepThrough","PreservedInsect","hexamod:StepThrough","hexamod:Incineration","Toolbox","Energy Potion"],"campfire_rested":1,"item_purchase_floors":[12,12,38,43,53,53],"current_hp_per_floor":[57,57,36,36,36,36,36,36,14,31,31,31,31,31,31,7,45,45,33,30,26,9,9,9,9,9,9,9,9,9,9,9,16,47,47,54,57,57,57,57,57,67,67,51,51,58,58,65,65,67,67,81,81,81,80],"gold":32,"neow_bonus":"TWO_FIFTY_GOLD","is_daily":false,"chose_seed":false,"campfire_upgraded":8,"win_rate":0.0,"timestamp":1609697073,"path_taken":["R","M","?","M","?","R","T","R","E","R","M","$","?","M","M","BOSS","R","M","M","M","?","R","T","E","R","?","M","R","M","E","M","BOSS","R","M","M","$","?","M","T","R","$","E","R","M","?","M","M","BOSS","E","$","R","BOSS"],"items_purchased_type":["Card","Relic","Card","Card","Relic","Potion"],"build_version":"2020-12-22","purchased_purges":4,"victory":true,"max_hp_per_floor":[57,57,57,57,57,57,57,57,57,57,57,57,57,57,57,57,57,57,57,57,57,57,57,57,57,57,57,57,57,57,57,57,57,57,57,57,57,57,57,57,57,67,67,67,67,67,67,67,67,67,67,81,81,81,81],"relic_stats":{"counters":[31,160],"Gambling Chip":[28],"Prayer Wheel":9,"PreservedInsect":352,"Ginger":[26],"obtain_stats":[{"downfall:ShatteredFragment":3,"downfall:HeartBlessingRed":42,"Thread and Needle":7,"downfall:HeartBlessingGreen":45,"Mango":52,"PreservedInsect":12,"Ginger":9,"sneckomod:SneckoTalon":34,"downfall:HeartBlessingBlue":42,"Gambling Chip":24,"Toolbox":53,"Prayer Wheel":25,"Coffee Dripper":17,"hexamod:SpiritBrand":0,"FossilizedHelix":31,"Meat on the Bone":44},{"downfall:ShatteredFragment":1,"downfall:HeartBlessingRed":23,"Thread and Needle":2,"downfall:HeartBlessingGreen":25,"Mango":30,"PreservedInsect":5,"Ginger":3,"sneckomod:SneckoTalon":19,"downfall:HeartBlessingBlue":23,"Gambling Chip":13,"Toolbox":30,"Prayer Wheel":14,"Coffee Dripper":9,"hexamod:SpiritBrand":0,"FossilizedHelix":17,"Meat on the Bone":25},{"downfall:ShatteredFragment":2,"downfall:HeartBlessingRed":92,"Thread and Needle":5,"downfall:HeartBlessingGreen":101,"Mango":133,"PreservedInsect":16,"Ginger":9,"sneckomod:SneckoTalon":75,"downfall:HeartBlessingBlue":92,"Gambling Chip":50,"Toolbox":133,"Prayer Wheel":53,"Coffee Dripper":33,"hexamod:SpiritBrand":0,"FossilizedHelix":64,"Meat on the Bone":101}],"Meat on the Bone":0},"card_choices":[{"not_picked":["hexamod:NightmareStrike","hexamod:RecurringNightmare"],"picked":"hexamod:InspiringFlames","floor":2.0},{"not_picked":["hexamod:BurningTouch","hexamod:Firestarter"],"picked":"hexamod:ShieldOfDarkness","floor":4.0},{"not_picked":["hexamod:Hexaguard","hexamod:GhostLash"],"picked":"hexamod:SixthSeal","floor":9.0},{"not_picked":["hexamod:Rewind","hexamod:SecondSeal"],"picked":"hexamod:AdvancingGuard","floor":11.0},{"not_picked":["hexamod:Toasty","hexamod:WildfireWeapon"],"picked":"hexamod:GhostflameInferno","floor":12.0},{"not_picked":["hexamod:AdvancingGuard","hexamod:BurningTouch","hexamod:ExtraCrispy"],"picked":"SKIP","floor":13.0},{"not_picked":["hexamod:Incineration","hexamod:ShieldOfDarkness"],"picked":"hexamod:GhostOfSpirePast","floor":14.0},{"not_picked":["hexamod:Hexaguard","hexamod:ApocalypticArmor"],"picked":"hexamod:ThermalTransfer","floor":15.0},{"not_picked":["hexamod:Toasty","hexamod:UnleashSpirits"],"picked":"hexamod:WildfireWeapon","floor":16.0},{"not_picked":["hexamod:NightmareGuise","hexamod:BurningTouch"],"picked":"hexamod:SpectersWail","floor":19.0},{"not_picked":["hexamod:Haunt+1","hexamod:RainOfEmbers"],"picked":"hexamod:NightmareStrike+1","floor":20.0},{"not_picked":["hexamod:SwordOfDarkness","hexamod:GhostShield"],"picked":"hexamod:HauntingEcho","floor":21.0},{"not_picked":["hexamod:HauntingEcho","hexamod:RadiantFlame"],"picked":"hexamod:FastForward","floor":22.0},{"not_picked":["hexamod:GhostLash","hexamod:SpectralAdrenaline"],"picked":"hexamod:EtherealExpedition","floor":25.0},{"not_picked":["hexamod:CatchUp","hexamod:PowerFromBeyond"],"picked":"hexamod:NightmareGuise+1","floor":28.0},{"not_picked":["hexamod:RecurringNightmare","hexamod:EmpoweringStance","hexamod:BurningTouch"],"picked":"SKIP","floor":28.0},{"not_picked":["hexamod:InspiringFlames","hexamod:PowerFromBeyond"],"picked":"hexamod:ThermalTransfer","floor":30.0},{"not_picked":["hexamod:RadiantFlame","hexamod:NightmareStrike","hexamod:Haunt+1"],"picked":"SKIP","floor":30.0},{"not_picked":["hexamod:AdvancingGuard","hexamod:SpectralAdrenaline","hexamod:BurningTouch"],"picked":"SKIP","floor":31.0},{"not_picked":["hexamod:BurningTouch","hexamod:ShieldOfDarkness"],"picked":"hexamod:FirstSeal","floor":32.0},{"not_picked":["hexamod:BacktrackSmack+1","hexamod:NightmareGuise"],"picked":"hexamod:RetreatToShadows","floor":32.0},{"not_picked":["hexamod:ParanormalForm","hexamod:EmpoweringStance"],"picked":"hexamod:TimeWarp","floor":33.0},{"not_picked":["hexamod:Firestarter","hexamod:FirstSeal"],"picked":"hexamod:HeatShield+1","floor":36.0},{"not_picked":["hexamod:DynamicBlow","hexamod:InspiringFlames","hexamod:NightmareStrike+1"],"picked":"SKIP","floor":36.0},{"not_picked":["hexamod:GhostShield","hexamod:PowerFromBeyond","hexamod:SpectralAdrenaline+1"],"picked":"SKIP","floor":37.0},{"not_picked":["hexamod:EtherealExpedition+1","hexamod:NightmareStrike","hexamod:BurningTouch"],"picked":"SKIP","floor":37.0},{"not_picked":["hexamod:SpectersWail","hexamod:HeatShield","hexamod:GhostOfSpirePresent"],"picked":"SKIP","floor":38},{"not_picked":["hexamod:CatchUp","hexamod:NightmareStrike","hexamod:SixthSeal"],"picked":"SKIP","floor":40},{"not_picked":["hexamod:ThirdSeal","hexamod:BacktrackSmack+1","hexamod:GhostOfSpirePresent"],"picked":"SKIP","floor":40},{"not_picked":["hexamod:ExtraCrispy","hexamod:BacktrackSmack","hexamod:ThermalTransfer"],"picked":"SKIP","floor":43},{"not_picked":["hexamod:NightmareGuise","hexamod:InspiringFlames+1","hexamod:SpectersWail"],"picked":"SKIP","floor":44},{"not_picked":["hexamod:SpectersWail","hexamod:Toasty","hexamod:SecondSeal"],"picked":"SKIP","floor":46},{"not_picked":["hexamod:Firestarter","hexamod:ShieldOfDarkness+1","hexamod:PhantomCloak+1"],"picked":"SKIP","floor":46},{"not_picked":["hexamod:HauntingEcho","hexamod:AdvancingGuard"],"picked":"hexamod:BacktrackSmack","floor":48},{"not_picked":["hexamod:Again","hexamod:BurningTouch+1","hexamod:GhostShield"],"picked":"SKIP","floor":48},{"not_picked":["hexamod:RecurringNightmare","hexamod:SkipABeat"],"picked":"hexamod:Rewind","floor":49},{"not_picked":["hexamod:NightmareStrike","hexamod:GhostLash"],"picked":"hexamod:Hexaguard+1","floor":49},{"not_picked":["hexamod:BurningTouch","hexamod:GhostflameBarrier"],"picked":"hexamod:SearingWound","floor":52}],"player_experience":2821243,"relics_obtained":[{"floor":7.0,"key":"Thread and Needle"},{"floor":9.0,"key":"Ginger"},{"floor":24.0,"key":"Gambling Chip"},{"floor":25.0,"key":"Prayer Wheel"},{"floor":31.0,"key":"FossilizedHelix"},{"floor":44,"key":"Meat on the Bone"},{"floor":52,"key":"Mango"}],"event_choices":[{"damage_healed":0.0,"max_hp_gain":0.0,"max_hp_loss":0.0,"gold_gain":0.0,"event_name":"Lab","player_choice":"Got Potions","floor":5.0,"gold_loss":0.0,"damage_taken":0.0}],"is_beta":false,"boss_relics":[{"not_picked":["Sozu","Runic Pyramid"],"picked":"Coffee Dripper"},{"not_picked":["SlaversCollar","Busted Crown"],"picked":"sneckomod:SneckoTalon"}],"items_purged_floors":[12,38,43,53],"is_endless":false,"potions_floor_spawned":[9,11,14,15,16,19,21,25,32,40,46],"ascension_level":20}}