{"host":"23d796tl9dohsvj7","time":1609658922,"event":{"mods":["BaseMod","Colored Map","Marisa£®ÏF”Í°°ƒß¿Ì…≥£©","Minty Spire (QoL Compilation)","StSLib"],"gold_per_floor":[368,368,89,105,70,95,95,110,110,120,20,40,40,53,53,154,154,165,165,165,179,94,94,106,123,149,149,160,177,177,188,188,284,284,300,108,123,123,135,135,153,153,153,153,180,192,192,192],"floor_reached":47,"playtime":2348,"items_purged":["Strike_MRS","Strike_MRS","Strike_MRS"],"score":555,"play_id":"03a030d3-4b2a-4451-ab43-5afcd550cee4","local_time":"20210103152842","is_ascension_mode":true,"campfire_choices":[{"data":"NonDirectionalLaser","floor":7,"key":"SMITH"},{"floor":13,"key":"REST"},{"data":"OortCloud","floor":15,"key":"SMITH"},{"data":"OortCloud","floor":23,"key":"SMITH"},{"data":"MagicChant","floor":27,"key":"SMITH"},{"floor":30,"key":"REST"},{"data":"OortCloud","floor":32,"key":"SMITH"},{"data":"Acceleration","floor":40,"key":"SMITH"},{"data":"Acceleration","floor":42,"key":"SMITH"}],"circlet_count":0,"master_deck":["Defend_MRS","Defend_MRS","Defend_MRS","Defend_MRS","MasterSpark","UpSweep+1","Singularity","NonDirectionalLaser+1","UltimateShortwave","GrandCross+1","ShootTheMoon","Singularity","Parasite","Parasite","EventHorizon","MagicChant+1","OortCloud+1","UltimateShortwave","OortCloud+1","OortCloud+1","Acceleration+1","MagicChant+1","MagicChant+1","Acceleration+1","DarkMatter+1","MachineGunSpark","UltimateShortwave","ShootingEcho","StarlightTyphoon","EventHorizon+1","SprinkleStarSeal+1","JA"],"relics":["MiniHakkero","BreadOfAWashokuLover","Strawberry","ShroomBag","Runic Pyramid","Whetstone","Busted Crown","Toxic Egg 2","Bottled Lightning"],"acts_visited":["Exordium","TheCity","TheBeyond"],"potions_floor_usage":[6,16,16,24,33,47,47],"damage_taken":[{"damage":0,"enemies":"Small Slimes","floor":1,"turns":2},{"damage":2,"enemies":"Jaw Worm","floor":4,"turns":2},{"damage":26,"enemies":"Gremlin Nob","floor":6,"turns":4},{"damage":0,"enemies":"2 Louse","floor":8,"turns":1},{"damage":17,"enemies":"Exordium Thugs","floor":10,"turns":4},{"damage":3,"enemies":"3 Louse","floor":12,"turns":3},{"damage":11,"enemies":"Blue Slaver","floor":14,"turns":3},{"damage":26,"enemies":"Hexaghost","floor":16,"turns":7},{"damage":18,"enemies":"3 Byrds","floor":18,"turns":6},{"damage":11,"enemies":"Shell Parasite","floor":21,"turns":5},{"damage":18,"enemies":"Chosen and Byrds","floor":24,"turns":7},{"damage":15,"enemies":"Centurion and Healer","floor":25,"turns":6},{"damage":2,"enemies":"3 Cultists","floor":28,"turns":5},{"damage":13,"enemies":"Snake Plant","floor":29,"turns":3},{"damage":0,"enemies":"Cultist and Chosen","floor":31,"turns":4},{"damage":25,"enemies":"Collector","floor":33,"turns":9},{"damage":16,"enemies":"3 Darklings","floor":35,"turns":6},{"damage":4,"enemies":"Orb Walker","floor":37,"turns":3},{"damage":27,"enemies":"Spire Growth","floor":39,"turns":5},{"damage":22,"enemies":"Writhing Mass","floor":41,"turns":4},{"damage":1,"enemies":"Nemesis","floor":45,"turns":4},{"damage":5,"enemies":"Sphere and 2 Shapes","floor":46,"turns":6},{"damage":50,"enemies":"Reptomancer","floor":47,"turns":2}],"seed_played":"5767925238507049396","potions_obtained":[{"floor":4,"key":"EssenceOfSteel"},{"floor":6,"key":"ColorlessPotion"},{"floor":8,"key":"FearPotion"},{"floor":12,"key":"StarNLove"},{"floor":18,"key":"LiquidMemories"},{"floor":29,"key":"ShroomBrew"},{"floor":31,"key":"SteroidPotion"},{"floor":33,"key":"Block Potion"},{"floor":35,"key":"Fire Potion"}],"is_trial":false,"path_per_floor":["M","?","$","M","?","E","R","M","T","M","$","M","R","M","R","B",null,"M","?","?","M","$","R","M","M","T","R","M","M","R","M","R","B",null,"M","$","M","$","M","R","M","R","T","?","E","M","E"],"character_chosen":"MARISA","items_purchased":["NonDirectionalLaser","UltimateShortwave","OortCloud","Acceleration","StarlightTyphoon"],"campfire_rested":2,"item_purchase_floors":[3,3,22,22,36],"current_hp_per_floor":[54,36,36,34,52,33,33,33,33,22,22,22,46,41,41,21,82,70,54,54,49,49,49,50,39,39,39,41,32,62,66,66,45,100,84,84,84,84,61,61,43,43,43,43,46,45,0,0],"gold":192,"neow_bonus":"TWO_FIFTY_GOLD","is_daily":false,"chose_seed":false,"campfire_upgraded":7,"win_rate":0.0,"timestamp":1609658922,"path_taken":["M","?","$","M","?","E","R","M","T","M","$","M","R","M","R","BOSS","M","?","?","?","$","R","M","M","T","R","M","M","R","M","R","BOSS","M","$","M","$","M","R","M","R","T","?","E","M","E"],"items_purchased_type":["Card","Card","Card","Card","Card"],"build_version":"2020-12-22","purchased_purges":3,"victory":false,"max_hp_per_floor":[75,75,75,75,75,82,82,82,82,82,82,82,82,82,82,82,82,82,87,87,87,87,87,100,100,100,100,100,100,100,100,100,100,100,100,100,100,100,100,100,100,100,100,100,100,100,100,100],"card_choices":[{"not_picked":["WitchLeyline","EnergyFlow"],"picked":"Singularity","floor":1},{"not_picked":["RefractionSpark","AsteroidBelt"],"picked":"GrandCross","floor":4},{"not_picked":["WitchLeyline","Orbital"],"picked":"ShootTheMoon","floor":6},{"not_picked":["DarkSpark","GalacticHalo"],"picked":"Singularity","floor":8},{"not_picked":["FairyDestructionRay","IllusionStar"],"picked":"EventHorizon","floor":10},{"not_picked":["GalacticHalo","PulseMagic"],"picked":"MagicChant","floor":12},{"not_picked":["GravityBeat","ChargeUpSpray"],"picked":"OortCloud","floor":14},{"not_picked":["SatelliteIllusion","SuperNova"],"picked":"UltimateShortwave","floor":16},{"not_picked":["LuminesStrike+1","WitchOfGreed"],"picked":"OortCloud","floor":18},{"not_picked":["DoubleSpark","NonDirectionalLaser","AlicesGift"],"picked":"SKIP","floor":21},{"not_picked":["6A","AsteroidBelt+1"],"picked":"MagicChant+1","floor":24},{"not_picked":["GrandCross","DeepEcoloBomb"],"picked":"MagicChant+1","floor":25},{"not_picked":["LuminesStrike+1","FinalSpark"],"picked":"Acceleration","floor":28},{"not_picked":["NonDirectionalLaser","AsteroidBelt"],"picked":"DarkMatter+1","floor":29},{"not_picked":["WitchOfGreed","6A+1"],"picked":"MachineGunSpark","floor":31},{"not_picked":["MaximisePower","FinalSpark"],"picked":"UltimateShortwave","floor":33},{"not_picked":[],"picked":"ShootingEcho","floor":35},{"not_picked":[],"picked":"EventHorizon+1","floor":37},{"not_picked":["Orbital"],"picked":"SKIP","floor":39},{"not_picked":[],"picked":"SprinkleStarSeal+1","floor":41},{"not_picked":[],"picked":"JA","floor":45},{"not_picked":["RefractionSpark"],"picked":"SKIP","floor":46}],"player_experience":308094,"relics_obtained":[{"floor":6,"key":"Strawberry"},{"floor":9,"key":"ShroomBag"},{"floor":26,"key":"Whetstone"},{"floor":43,"key":"Toxic Egg 2"},{"floor":45,"key":"Bottled Lightning"}],"event_choices":[{"damage_healed":0,"gold_gain":0,"player_choice":"Success","damage_taken":18,"relics_obtained":["BreadOfAWashokuLover"],"max_hp_gain":0,"max_hp_loss":0,"event_name":"Scrap Ooze","floor":2,"gold_loss":0},{"damage_healed":18,"gold_gain":0,"player_choice":"Healed","damage_taken":0,"max_hp_gain":0,"max_hp_loss":0,"event_name":"The Cleric","floor":5,"gold_loss":35},{"damage_healed":0,"gold_gain":0,"player_choice":"Shed Blood","damage_taken":21,"max_hp_gain":5,"max_hp_loss":0,"event_name":"Forgotten Altar","floor":19,"gold_loss":0},{"damage_healed":0,"gold_gain":0,"cards_transformed":["Strike_MRS"],"player_choice":"Transformed","damage_taken":0,"max_hp_gain":0,"max_hp_loss":0,"event_name":"Transmorgrifier","floor":20,"gold_loss":0,"cards_obtained":["UltimateShortwave"]},{"cards_removed":["UltimateShortwave"],"damage_healed":0,"gold_gain":0,"player_choice":"Removed Skill","damage_taken":0,"max_hp_gain":0,"max_hp_loss":0,"event_name":"Falling","floor":44,"gold_loss":0}],"is_beta":false,"boss_relics":[{"not_picked":["Velvet Choker","BewitchedHakkero"],"picked":"Runic Pyramid"},{"not_picked":["Empty Cage","SacredBark"],"picked":"Busted Crown"}],"items_purged_floors":[3,11,36],"is_endless":false,"potions_floor_spawned":[4,6,8,12,18,29,31,33,35,45,46],"killed_by":"Reptomancer","ascension_level":3}}