{"host":"w9yruvs4bqht6bhw","time":1609633822,"event":{"mods":["BaseMod","Colored Powertips","Minty Spire (QoL Compilation)"],"gold_per_floor":[369,389,359,371,248,575,588,588,588],"floor_reached":8,"playtime":298,"items_purged":["Strike_R"],"score":112,"play_id":"8b4e0436-991a-493c-a51f-fc2e249bd97b","local_time":"20210102193022","is_ascension_mode":true,"campfire_choices":[],"circlet_count":0,"master_deck":["Strike_R","Strike_R","Strike_R","Strike_R","Defend_R","Defend_R","Defend_R","Defend_R","Bash","Clash","Flex","Disarm","Rage"],"relics":["Burning Blood","Old Coin"],"acts_visited":["Exordium"],"potions_floor_usage":[6,6,6],"damage_taken":[{"damage":13,"enemies":"Jaw Worm","floor":1,"turns":4},{"damage":1,"enemies":"Cultist","floor":2,"turns":3},{"damage":1,"enemies":"2 Louse","floor":4,"turns":2},{"damage":0,"enemies":"Gremlin Nob","floor":6,"turns":3},{"damage":9,"enemies":"Blue Slaver","floor":7,"turns":4},{"damage":64,"enemies":"3 Sentries","floor":8,"turns":10}],"seed_played":"7469434138044139438","potions_obtained":[{"floor":2,"key":"SkillPotion"},{"floor":3,"key":"Block Potion"},{"floor":3,"key":"ColorlessPotion"},{"floor":7,"key":"FairyPotion"}],"is_trial":false,"path_per_floor":["M","M","?","M","$","E","M","E"],"character_chosen":"IRONCLAD","items_purchased":["Flex"],"campfire_rested":0,"item_purchase_floors":[5],"current_hp_per_floor":[44,49,49,54,54,60,57,24,24],"gold":588,"neow_bonus":"TWO_FIFTY_GOLD","is_daily":false,"chose_seed":false,"campfire_upgraded":0,"win_rate":0.0,"timestamp":1609633822,"path_taken":["M","M","?","M","$","E","?","E"],"items_purchased_type":["Card"],"build_version":"2020-12-22","purchased_purges":1,"victory":false,"max_hp_per_floor":[80,80,80,80,80,80,80,80,80],"card_choices":[{"not_picked":["Havoc","Whirlwind","Second Wind"],"picked":"SKIP","floor":1},{"not_picked":["True Grit","Seeing Red"],"picked":"Clash","floor":2},{"not_picked":["Body Slam","Hemokinesis","Clothesline"],"picked":"SKIP","floor":4},{"not_picked":["Flame Barrier","Searing Blow"],"picked":"Disarm","floor":6},{"not_picked":["Flex","Wild Strike"],"picked":"Rage","floor":7}],"player_experience":279346,"relics_obtained":[{"floor":6,"key":"Old Coin"}],"event_choices":[{"damage_healed":0,"gold_gain":0,"player_choice":"Bought 2 Potions","damage_taken":0,"max_hp_gain":0,"max_hp_loss":0,"event_name":"The Woman in Blue","floor":3,"gold_loss":0}],"is_beta":false,"boss_relics":[],"items_purged_floors":[5],"is_endless":false,"potions_floor_spawned":[2,4,7],"killed_by":"3 Sentries","ascension_level":7}}