{"host":"8kweeulvvasqx820","time":1609642553,"event":{"mods":["Aspiration","BaseMod","Better Altar","Better Match","Better Note","Better Sensory Stone","Better Skull","Better Third Choice","BetterRewards","CatGirl Mod","Colored Map","Conspire","Displayed Cursed Tome","Downfall","Hubris","Infinite Spire","Jorbs\u0027s Wanderer Trilogy","Minty Spire (QoL Compilation)","Relic Stats","Replay The Spire","Spicy Shops","StSLib","SuperFastMode","Swap Starting Deck Mod","The Construct","The Marked","The Mystic","The Necromancer","The Servant 0.9.4","TheBandit","everything is the same but u backflip on backflip","slay the spire mod where everything is the same but ironclad has a cowboy hat"],"gold_per_floor":[116,41,41,41,41,56,56,82,82,115,115,115,129,142,142,161,161,256,256,271,271,287,300,400,435,450,360,387,456,456,456,456,456],"floor_reached":32,"playtime":3854,"items_purged":["Strike_R"],"score":293,"play_id":"6c399350-aa90-495b-b1e7-2fd8892321ae","local_time":"20210102215553","is_ascension_mode":false,"campfire_choices":[{"data":"Pot Of Greed","floor":9.0,"key":"SMITH"},{"data":"ReplayTheSpireMod:Strike From Hell","floor":15,"key":"SMITH"}],"circlet_count":0,"master_deck":["Strike_R","Strike_R","Strike_R","Defend_R","Defend_R","Defend_R","Defend_R","Bash","hubris:ReadiedAction","expansioncontent:DecasProtection","Self Repair+1","Pot Of Greed+1","Pot Of Greed","Genetic Algorithm+1","ReplayTheSpireMod:Strike From Hell+1","Clothesline","Reaper","True Grit","Flame Barrier","Offering","ReplayTheSpireMod:Corrosion Curse+1","Iron Wave","Ghostly","Ghostly","Ghostly","Ghostly","Ghostly","Pot Of Greed"],"relics":["infinitespire:DarkRift","Grinning Jar","Replay:Rubber Ducky","Question Card","hubris:Towel","infinitespire:Cubic Diamond","aspiration:RitualDagger","Dream Catcher","Strawberry","hubris:Reverence"],"acts_visited":["Exordium","TheCity"],"potions_floor_usage":[18,25,25,32,32],"damage_taken":[{"damage":2.0,"enemies":"conspire:RoseBush","floor":1.0,"turns":3.0},{"damage":2.0,"enemies":"2 Louse","floor":6.0,"turns":3.0},{"damage":12.0,"enemies":"Replay:BlueRogue","floor":8.0,"turns":6.0},{"damage":36.0,"enemies":"Lagavulin","floor":10.0,"turns":6.0},{"damage":6.0,"enemies":"Small Slimes","floor":13.0,"turns":5.0},{"damage":15,"enemies":"2 Fungi Beasts","floor":14,"turns":5},{"damage":13,"enemies":"Exordium Wildlife","floor":16,"turns":6},{"damage":62,"enemies":"Fading Forest","floor":18,"turns":11},{"damage":43,"enemies":"Spheric Guardian","floor":20,"turns":5},{"damage":50,"enemies":"Shell Parasite","floor":22,"turns":7},{"damage":21,"enemies":"Snecko","floor":23,"turns":7},{"damage":67,"enemies":"conspire:SneckoGhost","floor":25,"turns":11},{"damage":63,"enemies":"Snake Plant","floor":26,"turns":7},{"damage":74,"enemies":"Nightmare","floor":32,"turns":15}],"seed_played":"-8733082808557376680","potions_obtained":[{"floor":1.0,"key":"SkillPotion"},{"floor":8.0,"key":"PowerPotion"},{"floor":13.0,"key":"Strength Potion"},{"floor":14,"key":"BlessingOfTheForge"},{"floor":23,"key":"Dexterity Potion"},{"floor":25,"key":"Adrenaline Potion"}],"is_trial":false,"path_per_floor":["M","$","PTL","PTL","?","M","?","E","R","E","T","?","M","M","R","M","R_BF","B",null,"M","?","M","M","?","E","M","?","T","T","AVR","?","NM"],"character_chosen":"IRONCLAD","items_purchased":[],"campfire_rested":0,"item_purchase_floors":[],"current_hp_per_floor":[80,80,80,80,80,80,80,78,78,52,52,52,56,51,51,48,48,18,80,53,90,62,57,57,90,54,54,61,61,61,48,0,0],"gold":456,"neow_bonus":"","is_daily":false,"chose_seed":false,"campfire_upgraded":2,"win_rate":0.0,"timestamp":1609642553,"path_taken":["M","$","PTL","PTL","?","M","?","E","R","E","T","?","M","M","R","M","R_BF","BOSS","M","?","M","M","?","E","M","?","T","?","AVR","?","NM"],"items_purchased_type":[],"build_version":"2020-12-22","purchased_purges":1,"victory":false,"max_hp_per_floor":[80,80,80,80,80,80,80,80,80,80,80,80,80,80,80,80,80,80,80,80,90,90,90,90,90,90,90,97,97,97,48,48,48],"relic_stats":{"Dream Catcher":0,"counters":[14,97],"Question Card":25,"obtain_stats":[{"Iron Core":7,"infinitespire:DarkRift":17,"Dream Catcher":25,"Strawberry":28,"infinitespire:Cubic Diamond":17,"aspiration:RitualDagger":19,"Grinning Jar":8,"hubris:Towel":12,"Question Card":11,"Burning Blood":0,"Replay:Rubber Ducky":10,"hubris:Reverence":29},{"Iron Core":2,"infinitespire:DarkRift":7,"Dream Catcher":12,"Strawberry":13,"infinitespire:Cubic Diamond":7,"aspiration:RitualDagger":8,"Grinning Jar":3,"hubris:Towel":4,"Question Card":4,"Burning Blood":0,"Replay:Rubber Ducky":4,"hubris:Reverence":13},{"Iron Core":6,"infinitespire:DarkRift":34,"Dream Catcher":75,"Strawberry":82,"infinitespire:Cubic Diamond":34,"aspiration:RitualDagger":45,"Grinning Jar":12,"hubris:Towel":18,"Question Card":18,"Burning Blood":0,"Replay:Rubber Ducky":18,"hubris:Reverence":82}]},"card_choices":[{"not_picked":["Headbutt","Bloodletting"],"picked":"hubris:ReadiedAction","floor":1.0},{"not_picked":["Sadistic Nature","ReplayTheSpireMod:Uncanny Aura"],"picked":"expansioncontent:DecasProtection","floor":5.0},{"not_picked":["Defy Death","Rupture","Clash"],"picked":"SKIP","floor":6.0},{"not_picked":["Inflame","Heavy Blade"],"picked":"Offering","floor":8.0},{"not_picked":["FTL","Body Slam"],"picked":"Genetic Algorithm","floor":10.0},{"not_picked":["Clash","Clothesline","Berserk","Heavy Blade"],"picked":"SKIP","floor":13.0},{"not_picked":["Cleave","Pommel Strike","WeaponsOverheat"],"picked":"ReplayTheSpireMod:Strike From Hell","floor":14},{"not_picked":["Rebound","Iron Wave","Gash"],"picked":"Clothesline","floor":16},{"not_picked":["Replay:Many Hands","Mirror Shield","Demonic Infusion"],"picked":"Reaper","floor":18},{"not_picked":["ReplayTheSpireMod:LeadingStrike","Defy Death+1","Perfected Strike"],"picked":"True Grit","floor":20},{"not_picked":["Sword Boomerang","Shrug It Off","Bloodletting+1"],"picked":"Flame Barrier","floor":22},{"not_picked":["Clash","Clothesline","Body Slam"],"picked":"Offering","floor":23},{"not_picked":["Sever Soul+1","hubris:ReadiedAction","Warcry"],"picked":"ReplayTheSpireMod:Corrosion Curse+1","floor":25},{"not_picked":["Corruption","Pommel Strike","Defy Death"],"picked":"Iron Wave","floor":26}],"player_experience":0,"relics_obtained":[{"floor":8.0,"key":"Grinning Jar"},{"floor":10.0,"key":"Replay:Rubber Ducky"},{"floor":11.0,"key":"Question Card"},{"floor":25,"key":"Dream Catcher"},{"floor":28,"key":"Strawberry"},{"floor":29,"key":"hubris:Reverence"}],"event_choices":[{"damage_healed":0.0,"max_hp_gain":0.0,"max_hp_loss":0.0,"gold_gain":1.0,"event_name":"betterStone:BetterStone","player_choice":"1","floor":5.0,"gold_loss":0.0,"damage_taken":0.0},{"cards_removed":["Offering"],"damage_healed":27,"gold_gain":0,"player_choice":"Offered Rare","damage_taken":0,"max_hp_gain":10,"max_hp_loss":0,"event_name":"Bonfire Elementals","floor":21,"gold_loss":0},{"damage_healed":0,"gold_gain":100,"player_choice":"Pray","damage_taken":0,"max_hp_gain":0,"max_hp_loss":0,"event_name":"Golden Shrine","floor":24,"gold_loss":0},{"cards_removed":["Strike_R"],"damage_healed":0,"gold_gain":0,"player_choice":"Upgrade and Remove","damage_taken":0,"max_hp_gain":0,"max_hp_loss":0,"event_name":"Designer","floor":27,"gold_loss":90,"cards_upgraded":["Genetic Algorithm"]},{"damage_healed":0,"gold_gain":0,"player_choice":"Became a Ghost","damage_taken":0,"max_hp_gain":0,"max_hp_loss":49,"event_name":"Ghosts","floor":31,"gold_loss":0,"cards_obtained":["Ghostly","Ghostly","Ghostly","Ghostly","Ghostly"]}],"is_beta":false,"boss_relics":[{"not_picked":["infinitespire:Cupcake","hubris:RunicObelisk"],"picked":"aspiration:RitualDagger"}],"items_purged_floors":[2],"is_endless":false,"potions_floor_spawned":[1,8,13,14,23,25],"killed_by":"Nightmare","ascension_level":0}}