{"host":"yecadp3kwkksam5a","time":1609681515,"event":{"mods":["BaseMod","Minty Spire (QoL Compilation)","StSLib"],"gold_per_floor":[414,414,364,271,271,304,304,331,331,140,154,171,196,208,208,313,313,323,333,343,343,63,90,90,189,189,225,251,271,271,297,297,403,403,419,468,486,497,508,536,144,444,467,500,500,500,534,112,112,112,112,112,62,104,104],"floor_reached":56,"playtime":2474,"items_purged":["Headbutt+1","Offering+1","Warcry+1","Secret Technique","Warcry+1"],"score":2611,"play_id":"a8271c03-a464-487e-b9fd-ffed73b690dd","local_time":"20210103224515","is_ascension_mode":true,"campfire_choices":[{"floor":7,"key":"RECALL"},{"data":"Warcry","floor":15,"key":"SMITH"},{"data":"Warcry","floor":24,"key":"SMITH"},{"data":"Acrobatics","floor":30,"key":"SMITH"},{"floor":32,"key":"REST"},{"floor":45,"key":"REST"},{"data":"Adrenaline","floor":49,"key":"SMITH"},{"data":"Seek","floor":52,"key":"SMITH"}],"circlet_count":0,"master_deck":["Bash+1","Rage+1","Seeing Red+1","Dropkick+1","Dropkick+1","Double Tap+1","Dropkick+1","Dropkick+1","Shockwave+1","Warcry+1","Master of Strategy+1","Warcry+1","Pommel Strike+1","Warcry+1","Acrobatics+1","Adrenaline+1","Thinking Ahead","Seek+1","TalkToTheHand+1"],"relics":["Astrolabe","PreservedInsect","Lantern","The Courier","Molten Egg 2","DollysMirror","Runic Pyramid","Sundial","Regal Pillow","White Beast Statue","Empty Cage","Whetstone","Pantograph","Vajra","Akabeko","Bag of Preparation","Smiling Mask","Pocketwatch","Meat on the Bone","Matryoshka","Akabeko","Membership Card","Shuriken","Philosopher\u0027s Stone","Enchiridion","PrismaticShard","Question Card","CeramicFish","CaptainsWheel","Happy Flower","InkBottle","Omamori","War Paint","WingedGreaves","Black Star","Magic Flower","Pear","Vajra","Sling","Ornamental Fan","FossilizedHelix","Old Coin","Bag of Marbles","Boot","Ancient Tea Set","Lantern","Incense Burner","TheAbacus","Unceasing Top","Bottled Lightning","Bottled Flame","Kunai","Whetstone"],"acts_visited":["Exordium","TheCity","TheBeyond","TheEnding"],"potions_floor_usage":[],"damage_taken":[{"damage":0.0,"enemies":"Small Slimes","floor":1.0,"turns":1.0},{"damage":0.0,"enemies":"Gremlin Nob","floor":6.0,"turns":1.0},{"damage":0,"enemies":"Lagavulin","floor":8,"turns":1},{"damage":0,"enemies":"Jaw Worm","floor":11,"turns":1},{"damage":0,"enemies":"2 Louse","floor":12,"turns":1},{"damage":0,"enemies":"Gremlin Nob","floor":13,"turns":1},{"damage":0,"enemies":"Looter","floor":14,"turns":1},{"damage":0,"enemies":"Slime Boss","floor":16,"turns":1},{"damage":0,"enemies":"2 Thieves","floor":18,"turns":1},{"damage":0,"enemies":"Spheric Guardian","floor":19,"turns":1},{"damage":0,"enemies":"Centurion and Healer","floor":20,"turns":1},{"damage":0,"enemies":"Gremlin Leader","floor":23,"turns":1},{"damage":0,"enemies":"Book of Stabbing","floor":27,"turns":1},{"damage":0,"enemies":"Chosen and Byrds","floor":29,"turns":1},{"damage":0,"enemies":"Gremlin Leader","floor":31,"turns":1},{"damage":0,"enemies":"Collector","floor":33,"turns":1},{"damage":0,"enemies":"3 Darklings","floor":35,"turns":1},{"damage":0,"enemies":"2 Orb Walkers","floor":36,"turns":1},{"damage":0,"enemies":"3 Shapes","floor":38,"turns":1},{"damage":0,"enemies":"Maw","floor":39,"turns":1},{"damage":0,"enemies":"Reptomancer","floor":40,"turns":1},{"damage":0,"enemies":"Giant Head","floor":44,"turns":1},{"damage":0,"enemies":"Reptomancer","floor":47,"turns":1},{"damage":0,"enemies":"Donu and Deca","floor":50,"turns":1},{"damage":0,"enemies":"Shield and Spear","floor":54,"turns":1},{"damage":2,"enemies":"The Heart","floor":55,"turns":3}],"seed_played":"-265964330049619669","potions_obtained":[{"floor":1.0,"key":"PowerPotion"},{"floor":6.0,"key":"ElixirPotion"},{"floor":8,"key":"PowerPotion"}],"is_trial":false,"path_per_floor":["M","?","?","$","?","E","R","E","T","$","M","M","E","M","R","B",null,"M","M","M","?","$","E","R","?","T","E","T","M","R","E","R","B",null,"M","?","?","M","M","E","$","T","T","E","R","?","E","$","R","B",null,"R","$","E","B",null],"character_chosen":"IRONCLAD","items_purchased":["Warcry","Membership Card","Master of Strategy","Warcry","PrismaticShard","Question Card","CeramicFish","Vajra","Sling","Ornamental Fan","FossilizedHelix","TheAbacus","Unceasing Top","Bottled Lightning","Bottled Flame"],"campfire_rested":2,"item_purchase_floors":[4,10,10,22,22,22,22,41,41,41,41,48,48,48,48],"current_hp_per_floor":[72,65,65,65,65,65,65,65,65,65,65,65,65,65,65,90,95,95,95,95,79,79,79,79,79,79,79,79,79,79,79,96,96,96,96,96,86,86,86,96,96,96,96,96,106,101,101,101,101,101,101,101,101,101,99],"gold":104,"neow_bonus":"TWENTY_PERCENT_HP_BONUS","is_daily":false,"chose_seed":false,"campfire_upgraded":5,"win_rate":0.0,"timestamp":1609681515,"path_taken":["M","?","?","$","?","E","R","E","T","$","M","M","E","M","R","BOSS","M","M","M","?","$","E","R","?","T","E","?","M","R","E","R","BOSS","M","?","?","M","M","E","$","?","T","E","R","?","E","$","R","BOSS","R","$","E","BOSS"],"items_purchased_type":["Card","Relic","Card","Card","Relic","Relic","Relic","Relic","Relic","Relic","Relic","Relic","Relic","Relic","Relic"],"build_version":"2020-12-22","purchased_purges":5,"victory":true,"max_hp_per_floor":[96,96,96,96,96,96,96,96,96,96,96,96,96,96,96,96,96,96,96,96,96,96,96,96,96,96,96,96,96,96,96,96,96,96,96,96,96,96,96,106,106,106,106,106,106,101,101,101,101,101,101,101,101,101,101],"card_choices":[{"not_picked":["Spot Weakness","Armaments","Headbutt+1"],"picked":"SKIP","floor":1.0},{"not_picked":["Blood for Blood+1","Uppercut+1","Twin Strike+1"],"picked":"SKIP","floor":6.0},{"not_picked":["Hemokinesis+1","Shrug It Off","Exhume"],"picked":"SKIP","floor":8},{"not_picked":["Clothesline+1","Hemokinesis+1"],"picked":"Warcry","floor":11},{"not_picked":["Reckless Charge+1","Seeing Red","Infernal Blade"],"picked":"SKIP","floor":12},{"not_picked":["Clothesline+1","Clash+1","Dual Wield"],"picked":"SKIP","floor":13},{"not_picked":["Fire Breathing","Wild Strike+1","Clothesline+1"],"picked":"SKIP","floor":14},{"not_picked":["Armaments","Havoc","Uppercut+1"],"picked":"SKIP","floor":18},{"not_picked":["Body Slam+1","Shrug It Off+1"],"picked":"Pommel Strike+1","floor":19},{"not_picked":["Perfected Strike+1","Anger+1","Iron Wave+1"],"picked":"SKIP","floor":20},{"not_picked":["CutThroughFate+1","Mayhem","Redo","Hello World"],"picked":"SKIP","floor":23},{"not_picked":["Sword Boomerang+1","CrushJoints+1","Infernal Blade"],"picked":"Acrobatics","floor":27},{"not_picked":["Force Field","Sweeping Beam+1","Caltrops","CutThroughFate+1"],"picked":"SKIP","floor":29},{"not_picked":["Weave+1","Footwork","ClearTheMind","Deflect"],"picked":"SKIP","floor":31},{"not_picked":["Mayhem","Scrawl","Demon Form"],"picked":"Adrenaline","floor":33},{"not_picked":["Sentinel+1","Rebound+1","Blade Dance","FollowUp+1"],"picked":"SKIP","floor":35},{"not_picked":["Sadistic Nature","Magnetism","Finesse"],"picked":"Thinking Ahead","floor":37},{"not_picked":["Impatience","Trip","Dark Shackles"],"picked":"Secret Technique","floor":37},{"not_picked":["Storm","Dodge and Roll","Tactician","Leg Sweep+1"],"picked":"SKIP","floor":38},{"not_picked":["Clash+1","Acrobatics+1","Outmaneuver+1","Protect"],"picked":"SKIP","floor":39},{"not_picked":["Armaments+1","Wild Strike+1","Berserk","Rebound+1"],"picked":"SKIP","floor":40},{"not_picked":["PiercingWail+1","Scrape+1","Clothesline+1","Barricade"],"picked":"SKIP","floor":44},{"not_picked":["Ball Lightning+1","Distraction+1","Dagger Throw+1"],"picked":"Seek","floor":47},{"not_picked":["Havoc+1","Dagger Throw+1","ThirdEye+1"],"picked":"TalkToTheHand+1","floor":54}],"player_experience":329565,"relics_obtained":[{"floor":6.0,"key":"Meat on the Bone"},{"floor":8,"key":"Matryoshka"},{"floor":9,"key":"Akabeko"},{"floor":13,"key":"Shuriken"},{"floor":21,"key":"Enchiridion"},{"floor":23,"key":"CaptainsWheel"},{"floor":26,"key":"Happy Flower"},{"floor":26,"key":"InkBottle"},{"floor":27,"key":"Omamori"},{"floor":28,"key":"War Paint"},{"floor":31,"key":"WingedGreaves"},{"floor":36,"key":"Magic Flower"},{"floor":40,"key":"Pear"},{"floor":42,"key":"Old Coin"},{"floor":43,"key":"Bag of Marbles"},{"floor":44,"key":"Boot"},{"floor":44,"key":"Ancient Tea Set"},{"floor":47,"key":"Lantern"},{"floor":47,"key":"Incense Burner"},{"floor":54,"key":"Kunai"},{"floor":54,"key":"Whetstone"}],"event_choices":[{"cards_removed":["Defend_R"],"damage_healed":0.0,"max_hp_gain":0.0,"max_hp_loss":0.0,"gold_gain":0.0,"event_name":"Golden Wing","player_choice":"Card Removal","floor":2.0,"gold_loss":0.0,"damage_taken":7.0},{"cards_removed":["Dropkick"],"damage_healed":0.0,"max_hp_gain":0.0,"max_hp_loss":0.0,"gold_gain":0.0,"event_name":"The Cleric","player_choice":"Card Removal","floor":3.0,"gold_loss":50.0,"damage_taken":0.0},{"damage_healed":0.0,"max_hp_gain":0.0,"max_hp_loss":0.0,"gold_gain":0.0,"event_name":"Liars Game","player_choice":"Ignored","floor":5.0,"gold_loss":0.0,"damage_taken":0.0},{"damage_healed":0,"gold_gain":0,"player_choice":"Obtained Book","damage_taken":16,"max_hp_gain":0,"max_hp_loss":0,"event_name":"Cursed Tome","floor":21,"gold_loss":0},{"damage_healed":0,"gold_gain":99,"player_choice":"Stole From Cult","damage_taken":0,"max_hp_gain":0,"max_hp_loss":0,"event_name":"Nest","floor":25,"gold_loss":0},{"damage_healed":0,"gold_gain":0,"player_choice":"Fight","damage_taken":0,"max_hp_gain":0,"max_hp_loss":0,"event_name":"Mysterious Sphere","floor":36,"gold_loss":0},{"damage_healed":0,"gold_gain":0,"player_choice":"Memory 3","damage_taken":10,"max_hp_gain":0,"max_hp_loss":0,"event_name":"SensoryStone","floor":37,"gold_loss":0},{"damage_healed":0,"gold_gain":0,"player_choice":"Max HP","damage_taken":0,"max_hp_gain":0,"max_hp_loss":5,"event_name":"Winding Halls","floor":46,"gold_loss":0}],"is_beta":false,"boss_relics":[{"not_picked":["Ectoplasm","Empty Cage"],"picked":"Philosopher\u0027s Stone"},{"not_picked":["Velvet Choker","Runic Cube"],"picked":"Black Star"}],"items_purged_floors":[4,22,41,48,53],"is_endless":false,"potions_floor_spawned":[1,6,8,11,12,13,14,16,18,19,20,23,27,29,31,33,35,36,38,39,40,44,47,54],"ascension_level":10}}