{"host":"88sw61cmk1203zgj","time":1609641117,"event":{"mods":["BaseMod","Minty Spire (QoL Compilation)"],"gold_per_floor":[119,133,83,83,83,83,124,0,23,57,57,57,57,82,82,203,203,216,240,240,259,284,317,317,317,392,392,416,432,432,448,448,448,448],"floor_reached":33,"playtime":2104,"items_purged":["Strike_G"],"score":465,"play_id":"7382c317-ecf6-4011-87d3-eca8cfc7624d","local_time":"20210102213157","is_ascension_mode":true,"campfire_choices":[{"data":"Dodge and Roll","floor":6.0,"key":"SMITH"},{"data":"Predator","floor":11.0,"key":"SMITH"},{"data":"Dagger Spray","floor":13.0,"key":"SMITH"},{"data":"Neutralize","floor":15.0,"key":"SMITH"},{"floor":24.0,"key":"REST"},{"data":"A Thousand Cuts","floor":27.0,"key":"SMITH"},{"floor":30,"key":"REST"},{"floor":32,"key":"REST"}],"circlet_count":0,"master_deck":["AscendersBane","Strike_G+1","Strike_G+1","Defend_G+1","Defend_G+1","Defend_G+1","Defend_G+1","Survivor","Neutralize+1","Dodge and Roll+1","Blade Dance+1","Predator+1","Dagger Spray+1","Footwork","A Thousand Cuts+1","Deflect+1","PiercingWail","Leg Sweep","Cloak And Dagger","Calculated Gamble","Backflip+1"],"relics":["Ring of the Snake","NeowsBlessing","Golden Idol","Paper Crane","Art of War","Empty Cage","Bronze Scales"],"acts_visited":["Exordium","TheCity"],"potions_floor_usage":[29],"damage_taken":[{"damage":0.0,"enemies":"Jaw Worm","floor":1.0,"turns":1.0},{"damage":0.0,"enemies":"2 Louse","floor":2.0,"turns":1.0},{"damage":0.0,"enemies":"Gremlin Nob","floor":7.0,"turns":1.0},{"damage":14.0,"enemies":"3 Sentries","floor":10.0,"turns":8.0},{"damage":0.0,"enemies":"Small Slimes","floor":14.0,"turns":2.0},{"damage":11.0,"enemies":"Slime Boss","floor":16.0,"turns":8.0},{"damage":17.0,"enemies":"3 Byrds","floor":18.0,"turns":4.0},{"damage":1.0,"enemies":"Spheric Guardian","floor":19.0,"turns":5.0},{"damage":5.0,"enemies":"Centurion and Healer","floor":21.0,"turns":11.0},{"damage":4.0,"enemies":"3 Cultists","floor":22.0,"turns":5.0},{"damage":61.0,"enemies":"Gremlin Leader","floor":23.0,"turns":11.0},{"damage":15.0,"enemies":"Cultist and Chosen","floor":28.0,"turns":9.0},{"damage":10,"enemies":"Sentry and Sphere","floor":29,"turns":4},{"damage":12,"enemies":"Snake Plant","floor":31,"turns":5},{"damage":31,"enemies":"Champ","floor":33,"turns":14}],"seed_played":"1736882013436692716","potions_obtained":[{"floor":1.0,"key":"Regen Potion"},{"floor":2.0,"key":"Energy Potion"},{"floor":14.0,"key":"Strength Potion"},{"floor":18.0,"key":"FairyPotion"},{"floor":28.0,"key":"DistilledChaos"}],"is_trial":false,"path_per_floor":["M","M","?","?","?","R","E","$","T","E","R","?","R","M","R","B",null,"M","M","?","M","M","E","R","?","T","R","M","M","R","M","R","B"],"character_chosen":"THE_SILENT","items_purchased":["Dagger Spray"],"campfire_rested":3,"item_purchase_floors":[8],"current_hp_per_floor":[63,63,63,63,50,50,50,50,50,36,36,57,57,57,57,46,60,43,42,42,37,33,9,28,28,28,28,13,3,22,10,29,0,0],"gold":448,"neow_bonus":"THREE_ENEMY_KILL","is_daily":false,"chose_seed":false,"campfire_upgraded":5,"win_rate":0.0,"timestamp":1609641117,"path_taken":["M","M","?","?","?","R","E","$","T","E","R","?","R","M","R","BOSS","M","M","?","M","?","E","R","?","T","R","M","M","R","M","R","BOSS"],"items_purchased_type":["Card"],"build_version":"2020-12-22","purchased_purges":1,"victory":false,"max_hp_per_floor":[70,70,70,65,65,65,65,65,65,65,65,65,65,65,65,65,65,65,65,65,65,65,65,65,65,65,65,65,65,65,65,65,65,65],"card_choices":[{"not_picked":["Well Laid Plans","Choke"],"picked":"Dodge and Roll","floor":1.0},{"not_picked":["Deflect","Prepared"],"picked":"Blade Dance","floor":2.0},{"not_picked":["Blur","Prepared"],"picked":"Predator","floor":7.0},{"not_picked":["PiercingWail","Heel Hook","Acrobatics"],"picked":"SKIP","floor":10.0},{"not_picked":["Heel Hook","Expertise"],"picked":"Footwork","floor":14.0},{"not_picked":["Glass Knife","Tools of the Trade"],"picked":"A Thousand Cuts","floor":16.0},{"not_picked":["Prepared","Flying Knee"],"picked":"Deflect+1","floor":18.0},{"not_picked":["Acrobatics","Infinite Blades"],"picked":"PiercingWail","floor":19.0},{"not_picked":["Bane","Escape Plan"],"picked":"Leg Sweep","floor":21.0},{"not_picked":["Underhanded Strike","Slice"],"picked":"Cloak And Dagger","floor":22.0},{"not_picked":["Night Terror","Outmaneuver","Bouncing Flask+1"],"picked":"SKIP","floor":23.0},{"not_picked":["Eviscerate","Tactician"],"picked":"Calculated Gamble","floor":28.0},{"not_picked":["Dash","Outmaneuver","Deadly Poison"],"picked":"SKIP","floor":29},{"not_picked":["Flechettes","Eviscerate+1"],"picked":"Backflip+1","floor":31}],"player_experience":1452396,"relics_obtained":[{"floor":7.0,"key":"Paper Crane"},{"floor":9.0,"key":"Art of War"},{"floor":23.0,"key":"Bronze Scales"}],"event_choices":[{"cards_removed":["Strike_G"],"damage_healed":0.0,"max_hp_gain":0.0,"max_hp_loss":0.0,"gold_gain":0.0,"event_name":"The Cleric","player_choice":"Card Removal","floor":3.0,"gold_loss":50.0,"damage_taken":0.0},{"damage_healed":0.0,"max_hp_gain":0.0,"max_hp_loss":5.0,"gold_gain":0.0,"event_name":"Golden Idol","player_choice":"Lose Max HP","floor":4.0,"gold_loss":0.0,"damage_taken":0.0,"relics_obtained":["Golden Idol"]},{"damage_healed":0.0,"max_hp_gain":0.0,"max_hp_loss":0.0,"gold_gain":0.0,"event_name":"Shining Light","player_choice":"Entered Light","floor":5.0,"gold_loss":0.0,"damage_taken":13.0,"cards_upgraded":["Defend_G","Blade Dance"]},{"damage_healed":21.0,"max_hp_gain":0.0,"max_hp_loss":0.0,"gold_gain":0.0,"event_name":"Big Fish","player_choice":"Banana","floor":12.0,"gold_loss":0.0,"damage_taken":0.0},{"damage_healed":0.0,"max_hp_gain":0.0,"max_hp_loss":0.0,"gold_gain":0.0,"event_name":"NoteForYourself","player_choice":"Ignored","floor":20.0,"gold_loss":0.0,"damage_taken":0.0},{"damage_healed":0.0,"max_hp_gain":0.0,"max_hp_loss":0.0,"gold_gain":0.0,"event_name":"Back to Basics","player_choice":"Simplicity","floor":25.0,"gold_loss":0.0,"damage_taken":0.0,"cards_upgraded":["Strike_G","Strike_G","Defend_G","Defend_G","Defend_G"]}],"is_beta":false,"boss_relics":[{"not_picked":["SlaversCollar","SacredBark"],"picked":"Empty Cage"}],"items_purged_floors":[8],"is_endless":false,"potions_floor_spawned":[1,2,10,14,18,21,22,28],"killed_by":"Champ","ascension_level":11}}