{"host":"5fasz840ryq7obdf","time":1609674143,"event":{"mods":["2.2 Compatiblity","AchievementEnabler","BaseMod","Bestiary","Better Altar","Better Skull","Better Third Choice","BetterRewards","Block Reminder","Colored Powertips","Curses Come First","Downfall","Minty Spire (QoL Compilation)","Quick Restart","Relic Sorter","Relic Stats","Shop Mod","Spicy Shops","StSLib","SuperFastMode","ojb\u0027s Better Paths Mod","ojb\u0027s Info Mod"],"gold_per_floor":[119,129,204,45,58,85,97,124,159,195,235,1,33,47,47,119,119,138,151,151,17,17,50,50,82,82,82,97,114,139,158,158,233,233,252,252,0,12,12,42,54,54,54,86,86,97,114,132,132,132,132,132,132,18,46,46],"floor_reached":57,"playtime":3545,"items_purged":["Strike_R","Strike_R","Strike_R","Strike_R","Defend_R","Strike_R"],"score":3334,"play_id":"5fa789f0-4e45-47b6-a7c6-da321c933371","local_time":"20210103114223","is_ascension_mode":true,"campfire_choices":[{"data":"Apotheosis","floor":7.0,"key":"SMITH"},{"data":"Seeing Red","floor":15.0,"key":"SMITH"},{"data":"Rupture","floor":24.0,"key":"SMITH"},{"data":"Limit Break","floor":32.0,"key":"SMITH"},{"data":"Cleave","floor":42.0,"key":"PURGE"},{"floor":45.0,"key":"RECALL"},{"data":"Entrench","floor":49.0,"key":"SMITH"},{"data":"Shrug It Off","floor":53.0,"key":"SMITH"}],"circlet_count":0,"master_deck":["AscendersBane","Defend_R","Defend_R+1","Defend_R","Bash","Apotheosis+1","Rupture+1","Trip","expansioncontent:Hexaburn","Heavy Blade","Pummel","Thunderclap","Seeing Red+1","Brutality","Shrug It Off+1","Limit Break+1","Shrug It Off","Feed","Pommel Strike+1","J.A.X.","Doubt","Brutality","Exhume","Pummel","Shrug It Off+1","Heavy Blade","Barricade+1","Combust+1","expansioncontent:Collect+1","Pummel","Entrench+1","Madness","Madness","Limit Break","Whirlwind","Entrench+1","Headbutt"],"relics":["Burning Blood","Du-Vu Doll","Happy Flower","Shuriken","Incense Burner","Pen Nib","Membership Card","Ice Cream","Self Forming Clay","Red Skull","Question Card","Calipers","Oddly Smooth Stone","HandDrill","ClockworkSouvenir","Champion Belt","Brimstone","OrangePellets","Ginger","Dream Catcher","MawBank","War Paint","Smiling Mask","Akabeko","PreservedInsect","Gremlin Horn","Coffee Dripper","Bag of Marbles","Sling","Bloody Idol","Blood Vial","Juzu Bracelet","Boot","Bottled Flame","Frozen Egg 2","SlaversCollar","Peace Pipe","Vajra","Bronze Scales","Lizard Tail","DollysMirror","Strawberry"],"acts_visited":["Exordium","TheCity","TheBeyond","TheEnding"],"potions_floor_usage":[56,56],"damage_taken":[{"damage":0.0,"enemies":"2 Louse","floor":1.0,"turns":2.0},{"damage":0.0,"enemies":"Jaw Worm","floor":2.0,"turns":1.0},{"damage":0.0,"enemies":"Cultist","floor":5.0,"turns":3.0},{"damage":0.0,"enemies":"Lagavulin","floor":6.0,"turns":3.0},{"damage":0.0,"enemies":"Large Slime","floor":8.0,"turns":2.0},{"damage":0.0,"enemies":"3 Sentries","floor":11.0,"turns":3.0},{"damage":1.0,"enemies":"Lagavulin","floor":13.0,"turns":2.0},{"damage":1.0,"enemies":"3 Louse","floor":14.0,"turns":2.0},{"damage":3.0,"enemies":"Slime Boss","floor":16.0,"turns":4.0},{"damage":4.0,"enemies":"Chosen","floor":18.0,"turns":5.0},{"damage":1.0,"enemies":"2 Thieves","floor":19.0,"turns":3.0},{"damage":0.0,"enemies":"Gremlin Leader","floor":23.0,"turns":2.0},{"damage":0.0,"enemies":"Book of Stabbing","floor":25.0,"turns":2.0},{"damage":10.0,"enemies":"Snake Plant","floor":28.0,"turns":4.0},{"damage":1.0,"enemies":"Centurion and Healer","floor":29.0,"turns":2.0},{"damage":6.0,"enemies":"Slavers","floor":30.0,"turns":1.0},{"damage":6.0,"enemies":"Cultist and Chosen","floor":31.0,"turns":3.0},{"damage":24.0,"enemies":"Automaton","floor":33.0,"turns":8.0},{"damage":0.0,"enemies":"3 Shapes","floor":35.0,"turns":1.0},{"damage":1.0,"enemies":"3 Darklings","floor":38.0,"turns":2.0},{"damage":76.0,"enemies":"Nemesis","floor":40.0,"turns":10.0},{"damage":6.0,"enemies":"Transient","floor":41.0,"turns":4.0},{"damage":4.0,"enemies":"Reptomancer","floor":44.0,"turns":4.0},{"damage":0.0,"enemies":"Writhing Mass","floor":46.0,"turns":1.0},{"damage":1.0,"enemies":"Jaw Worm Horde","floor":47.0,"turns":2.0},{"damage":14.0,"enemies":"Spire Growth","floor":48.0,"turns":5.0},{"damage":38.0,"enemies":"Time Eater","floor":50.0,"turns":4.0},{"damage":30.0,"enemies":"Awakened One","floor":51.0,"turns":5.0},{"damage":76,"enemies":"Shield and Spear","floor":55,"turns":3},{"damage":63,"enemies":"The Heart","floor":56,"turns":6}],"seed_played":"-9143090439426912713","potions_obtained":[{"floor":1.0,"key":"LiquidBronze"},{"floor":2.0,"key":"AttackPotion"},{"floor":5.0,"key":"Fire Potion"},{"floor":11.0,"key":"Strength Potion"},{"floor":23.0,"key":"ColorlessPotion"},{"floor":31.0,"key":"Weak Potion"},{"floor":38.0,"key":"EssenceOfSteel"},{"floor":40.0,"key":"ElixirPotion"},{"floor":41.0,"key":"BloodPotion"}],"is_trial":false,"path_per_floor":["M","M","?","$","M","E","R","M","T","T","E","$","E","M","R","B",null,"M","M","?","$","?","E","R","E","T","?","M","M","E","M","R","B",null,"M","?","$","M","?","E","M","R","T","E","R","M","M","M","R","B","B",null,"R","$","E","B",null],"character_chosen":"IRONCLAD","items_purchased":["Apotheosis","Membership Card","Ice Cream","Self Forming Clay","Red Skull","Question Card","Happy Flower","Oddly Smooth Stone","HandDrill","ClockworkSouvenir","Rupture","Brimstone","OrangePellets","Trip","Shuriken","Pen Nib","Ginger","expansioncontent:Hexaburn","Heavy Blade","Dream Catcher","Seeing Red","PreservedInsect","Limit Break","Cleave","Bag of Marbles","Sling","Brutality","Vajra","Combust+1","expansioncontent:Collect+1","Pummel","DollysMirror","Headbutt"],"campfire_rested":0,"item_purchase_floors":[0,0,0,0,0,0,0,0,0,0,0,0,0,0,0,0,0,0,0,4,4,12,12,12,21,21,21,37,37,37,37,54,54],"current_hp_per_floor":[18,24,13,13,19,25,25,31,31,31,37,37,42,47,47,50,69,75,83,83,83,11,24,24,41,41,41,48,64,71,82,82,75,96,106,106,106,110,90,31,38,38,38,47,47,60,75,78,78,48,33,104,104,104,48,20],"gold":46,"neow_bonus":"","is_daily":false,"chose_seed":false,"campfire_upgraded":6,"win_rate":0.0,"timestamp":1609674143,"path_taken":["M","M","?","$","M","E","R","M","T","?","E","$","E","M","R","BOSS","M","?","?","$","?","E","R","E","T","?","M","M","E","M","R","BOSS","M","?","$","M","?","E","M","R","T","E","R","M","M","M","R","BOSS","BOSS","R","$","E","BOSS"],"items_purchased_type":["Card","Relic","Relic","Relic","Relic","Relic","Relic","Relic","Relic","Relic","Card","Relic","Relic","Card","Relic","Relic","Relic","Card","Card","Relic","Card","Relic","Card","Card","Relic","Relic","Card","Relic","Card","Card","Card","Relic","Card"],"build_version":"2020-12-22","purchased_purges":6,"victory":true,"max_hp_per_floor":[75,75,75,75,75,75,75,75,75,75,75,75,75,75,75,75,75,79,83,83,83,83,83,83,87,87,87,91,95,95,99,99,103,103,106,106,106,110,110,114,114,114,114,114,114,114,117,121,121,121,128,128,128,128,135,135],"relic_stats":{"Gremlin Horn":[24,24],"Juzu Bracelet":2,"Ginger":[38],"Smiling Mask":88,"Boot":[110],"Burning Blood":1651,"Blood Vial":66,"Dream Catcher":0,"Lizard Tail":0,"HandDrill":[26],"Happy Flower":[99],"counters":[309,979],"Self Forming Clay":[1182],"Pen Nib":[14],"PreservedInsect":344,"War Paint":["Defend_R","Shrug It Off"],"Question Card":27,"MawBank":72,"Peace Pipe":3,"OrangePellets":[35],"Shuriken":[36],"Bloody Idol":113,"Bronze Scales":[794],"Champion Belt":[83],"obtain_stats":[{"Golden Egg":45,"Replay:Accelerometer":9,"Ginger":0,"Whetstone":9,"Bottled Tornado":54,"Sling":48,"Boot":25,"Ring of Searing":19,"Old Coin":42,"Blood Vial":17,"Sundial":5,"MealTicket":3,"HandDrill":0,"Replay:Bottled Flurry":57,"Kunai":19,"Replay:Wax Seal":0,"Electric Blood":17,"Replay:Bottled Steam":30,"Runic Cube":17,"betterAltar:BloodRelic":21,"Blue Candle":48,"Counterbalance":48,"ReplayTheSpireMod:Ring of Addiction":38,"Eternal Feather":8,"Pen Nib":0,"Replay:Ancient Bell":34,"Akabeko":17,"SlaversCollar":17,"Bird Faced Urn":48,"Pandora\u0027s Box":34,"Mark of Pain":34,"StrikeDummy":23,"Unceasing Top":0,"Lantern":9,"Regal Pillow":21,"Singing Bowl":0,"Torii":0,"StoneCalendar":4,"Blue Doll":2,"King of Hearts":0,"Bag of Preparation":48,"Smiling Mask":9,"Cursed Key":34,"Ancient Tea Set":21,"Burning Blood":0,"Pet Ghost":30,"Replay:Rubber Ducky":34,"BranchBurnRelic":41,"Matryoshka":0,"Shovel":17,"Toolbox":54,"Chemical X":20,"InkBottle":17,"Paper Frog":28,"Potion Belt":48,"Self Forming Clay":31,"Golden Idol":3,"Circlet":0,"Thread and Needle":45,"PreservedInsect":0,"The Courier":27,"Omamori":25,"Ring of Greed":2,"Frozen Egg 2":0,"MawBank":42,"Busted Crown":17,"Ornamental Fan":26,"Bloody Idol":21,"Orrery":20,"Turnip":54,"Art of War":6,"Durian":0,"Garlic":0,"Bottled Lightning":14,"Champion Belt":0,"ReplayTheSpireMod:Ring of Challenge":2,"ReplayTheSpireMod:Lightbulb":11,"Toy Ornithopter":23,"Ice Cream":12,"Divine Protection":0,"Calipers":0,"Gremlin Horn":55,"CeramicFish":2,"Vajra":20,"Sozu":17,"Centennial Puzzle":21,"Lizard Tail":44,"HornCleat":55,"DollysMirror":0,"Strawberry":40,"Prayer Wheel":17,"Philosopher\u0027s Stone":17,"Iron Hammer":25,"Toxic Egg 2":0,"Girya":0,"Happy Flower":0,"Ring of Hypnosis":19,"ReplayTheSpireMod:CursedCoin":54,"Replay:Grab Bag":17,"Dead Branch":39,"Oddly Smooth Stone":8,"Charon\u0027s Ashes":26,"Letter Opener":40,"War Paint":41,"Question Card":14,"Du-Vu Doll":0,"OrangePellets":31,"ReplayTheSpireMod:Spearhead":6,"Replay:Baseball":25,"Bottled Flame":26,"Brimstone":37,"Shuriken":32,"Bronze Scales":42,"Onion Ring":42,"Simple Rune":55,"Molten Egg 2":22,"Black Star":34,"ReplayTheSpireMod:TigerMarble":8,"Grinning Jar":6,"Mirror":40,"Pocketwatch":44,"Meat on the Bone":0,"Darkstone Periapt":12,"ReplayFunnel":54,"Mango":10,"Incense Burner":38,"Juzu Bracelet":48,"ClockworkSouvenir":48,"Nunchaku":26,"Replay:Bandana":0,"Dream Catcher":23,"Chameleon Ring":44,"Mummified Hand":6,"Gambling Chip":0,"Tiny Chest":20,"Red Mask":39,"Replay:Bottled Snecko":54,"Red Skull":20,"Runic Pyramid":17,"Gremlin Food":0,"BargainBundle":0,"ReplayTheSpireMod:Ninjato":39,"Replay:Towering Pillar of Hats":12,"Guide Book":36,"Quantum Egg":3,"Replay:WaspNest":9,"Odd Mushroom":10,"Orichalcum":31,"Medical Kit":0,"White Beast Statue":28,"Mercury Hourglass":46,"Calling Bell":17,"Peace Pipe":45,"Strange Spoon":0,"Anchor":36,"ChewingGum":34,"Ring of Fury":38,"Bag of Marbles":0,"Snack Pack":0,"Coffee Dripper":17,"Membership Card":0,"TungstenRod":43,"FossilizedHelix":46},{"Golden Egg":156,"Replay:Accelerometer":254,"Ginger":10,"Whetstone":16,"Bottled Tornado":216,"Sling":66,"Boot":292,"Ring of Searing":199,"Old Coin":210,"Blood Vial":21,"Sundial":193,"MealTicket":41,"HandDrill":0,"Replay:Bottled Flurry":190,"Kunai":50,"Replay:Wax Seal":191,"Electric Blood":139,"Replay:Bottled Steam":145,"Runic Cube":198,"betterAltar:BloodRelic":22,"Blue Candle":66,"Counterbalance":214,"ReplayTheSpireMod:Ring of Addiction":270,"Eternal Feather":16,"Pen Nib":0,"Replay:Ancient Bell":205,"Akabeko":49,"SlaversCollar":198,"Bird Faced Urn":66,"Pandora\u0027s Box":237,"Mark of Pain":58,"StrikeDummy":175,"Unceasing Top":68,"Lantern":4,"Regal Pillow":51,"Singing Bowl":40,"Torii":68,"StoneCalendar":41,"Blue Doll":219,"King of Hearts":98,"Bag of Preparation":94,"Smiling Mask":16,"Cursed Key":29,"Ancient Tea Set":109,"Burning Blood":0,"Pet Ghost":177,"Replay:Rubber Ducky":205,"BranchBurnRelic":271,"Matryoshka":10,"Shovel":49,"Toolbox":248,"Chemical X":230,"InkBottle":49,"Paper Frog":26,"Potion Belt":94,"Self Forming Clay":28,"Golden Idol":69,"Circlet":0,"Thread and Needle":36,"PreservedInsect":10,"The Courier":55,"Omamori":24,"Ring of Greed":219,"Frozen Egg 2":0,"MawBank":64,"Busted Crown":259,"Ornamental Fan":24,"Bloody Idol":22,"Orrery":109,"Turnip":158,"Art of War":14,"Durian":98,"Garlic":160,"Bottled Lightning":20,"Champion Belt":279,"ReplayTheSpireMod:Ring of Challenge":219,"ReplayTheSpireMod:Lightbulb":167,"Toy Ornithopter":23,"Ice Cream":46,"Divine Protection":160,"Calipers":40,"Gremlin Horn":129,"CeramicFish":11,"Vajra":22,"Sozu":76,"Centennial Puzzle":51,"Lizard Tail":302,"HornCleat":97,"DollysMirror":98,"Strawberry":121,"Prayer Wheel":21,"Philosopher\u0027s Stone":228,"Iron Hammer":112,"Toxic Egg 2":0,"Girya":191,"Happy Flower":10,"Ring of Hypnosis":199,"ReplayTheSpireMod:CursedCoin":158,"Replay:Grab Bag":198,"Dead Branch":270,"Oddly Smooth Stone":44,"Charon\u0027s Ashes":54,"Letter Opener":34,"War Paint":89,"Question Card":9,"Du-Vu Doll":40,"OrangePellets":28,"ReplayTheSpireMod:Spearhead":101,"Replay:Baseball":112,"Bottled Flame":292,"Brimstone":31,"Shuriken":57,"Bronze Scales":35,"Onion Ring":123,"Simple Rune":129,"Molten Egg 2":232,"Black Star":85,"ReplayTheSpireMod:TigerMarble":224,"Grinning Jar":135,"Mirror":152,"Pocketwatch":124,"Meat on the Bone":130,"Darkstone Periapt":19,"ReplayFunnel":128,"Mango":45,"Incense Burner":88,"Juzu Bracelet":186,"ClockworkSouvenir":66,"Nunchaku":24,"Replay:Bandana":98,"Dream Catcher":111,"Chameleon Ring":211,"Mummified Hand":71,"Gambling Chip":40,"Tiny Chest":22,"Red Mask":151,"Replay:Bottled Snecko":128,"Red Skull":22,"Runic Pyramid":171,"Gremlin Food":191,"BargainBundle":250,"ReplayTheSpireMod:Ninjato":270,"Replay:Towering Pillar of Hats":195,"Guide Book":118,"Quantum Egg":219,"Replay:WaspNest":103,"Odd Mushroom":5,"Orichalcum":84,"Medical Kit":130,"White Beast Statue":203,"Mercury Hourglass":65,"Calling Bell":21,"Peace Pipe":125,"Strange Spoon":0,"Anchor":59,"ChewingGum":148,"Ring of Fury":270,"Bag of Marbles":98,"Snack Pack":130,"Coffee Dripper":288,"Membership Card":10,"TungstenRod":35,"FossilizedHelix":93},{"Golden Egg":513,"Replay:Accelerometer":790,"Ginger":39,"Whetstone":57,"Bottled Tornado":680,"Sling":203,"Boot":914,"Ring of Searing":641,"Old Coin":658,"Blood Vial":72,"Sundial":619,"MealTicket":129,"HandDrill":0,"Replay:Bottled Flurry":610,"Kunai":163,"Replay:Wax Seal":613,"Electric Blood":470,"Replay:Bottled Steam":489,"Runic Cube":639,"betterAltar:BloodRelic":74,"Blue Candle":203,"Counterbalance":669,"ReplayTheSpireMod:Ring of Addiction":848,"Eternal Feather":57,"Pen Nib":0,"Replay:Ancient Bell":652,"Akabeko":159,"SlaversCollar":639,"Bird Faced Urn":203,"Pandora\u0027s Box":734,"Mark of Pain":182,"StrikeDummy":566,"Unceasing Top":212,"Lantern":11,"Regal Pillow":166,"Singing Bowl":127,"Torii":212,"StoneCalendar":129,"Blue Doll":691,"King of Hearts":364,"Bag of Preparation":337,"Smiling Mask":57,"Cursed Key":99,"Ancient Tea Set":385,"Burning Blood":0,"Pet Ghost":569,"Replay:Rubber Ducky":652,"BranchBurnRelic":850,"Matryoshka":39,"Shovel":159,"Toolbox":770,"Chemical X":713,"InkBottle":159,"Paper Frog":88,"Potion Belt":337,"Self Forming Clay":94,"Golden Idol":215,"Circlet":0,"Thread and Needle":116,"PreservedInsect":39,"The Courier":176,"Omamori":80,"Ring of Greed":691,"Frozen Egg 2":0,"MawBank":195,"Busted Crown":806,"Ornamental Fan":80,"Bloody Idol":74,"Orrery":385,"Turnip":523,"Art of War":53,"Durian":364,"Garlic":531,"Bottled Lightning":66,"Champion Belt":880,"ReplayTheSpireMod:Ring of Challenge":691,"ReplayTheSpireMod:Lightbulb":542,"Toy Ornithopter":77,"Ice Cream":148,"Divine Protection":531,"Calipers":127,"Gremlin Horn":430,"CeramicFish":43,"Vajra":74,"Sozu":241,"Centennial Puzzle":166,"Lizard Tail":953,"HornCleat":355,"DollysMirror":364,"Strawberry":411,"Prayer Wheel":72,"Philosopher\u0027s Stone":708,"Iron Hammer":392,"Toxic Egg 2":0,"Girya":613,"Happy Flower":39,"Ring of Hypnosis":641,"ReplayTheSpireMod:CursedCoin":523,"Replay:Grab Bag":639,"Dead Branch":848,"Oddly Smooth Stone":142,"Charon\u0027s Ashes":172,"Letter Opener":111,"War Paint":319,"Question Card":33,"Du-Vu Doll":127,"OrangePellets":94,"ReplayTheSpireMod:Spearhead":370,"Replay:Baseball":392,"Bottled Flame":914,"Brimstone":103,"Shuriken":180,"Bronze Scales":113,"Onion Ring":417,"Simple Rune":430,"Molten Egg 2":718,"Black Star":297,"ReplayTheSpireMod:TigerMarble":700,"Grinning Jar":452,"Mirror":505,"Pocketwatch":419,"Meat on the Bone":435,"Darkstone Periapt":65,"ReplayFunnel":429,"Mango":144,"Incense Burner":313,"Juzu Bracelet":595,"ClockworkSouvenir":203,"Nunchaku":80,"Replay:Bandana":364,"Dream Catcher":389,"Chameleon Ring":659,"Mummified Hand":222,"Gambling Chip":127,"Tiny Chest":74,"Red Mask":501,"Replay:Bottled Snecko":429,"Red Skull":74,"Runic Pyramid":556,"Gremlin Food":613,"BargainBundle":778,"ReplayTheSpireMod:Ninjato":848,"Replay:Towering Pillar of Hats":628,"Guide Book":407,"Quantum Egg":691,"Replay:WaspNest":373,"Odd Mushroom":14,"Orichalcum":286,"Medical Kit":435,"White Beast Statue":647,"Mercury Hourglass":200,"Calling Bell":72,"Peace Pipe":420,"Strange Spoon":0,"Anchor":183,"ChewingGum":497,"Ring of Fury":848,"Bag of Marbles":364,"Snack Pack":435,"Coffee Dripper":902,"Membership Card":39,"TungstenRod":113,"FossilizedHelix":334}]},"card_choices":[{"not_picked":["Blood for Blood","Ghostly Armor","Sword Boomerang"],"picked":"Pummel","floor":1.0},{"not_picked":["Wild Strike","True Grit","Battle Trance"],"picked":"Thunderclap","floor":2.0},{"not_picked":["Power Through","Carnage","Flex","Twin Strike"],"picked":"SKIP","floor":5.0},{"not_picked":["Clothesline","Thunderclap","Pommel Strike"],"picked":"Brutality","floor":6.0},{"not_picked":["Wild Strike","Second Wind","Armaments"],"picked":"Shrug It Off","floor":8.0},{"not_picked":["Pommel Strike","Rage","Battle Trance","Perfected Strike"],"picked":"SKIP","floor":11.0},{"not_picked":["Warcry","Bludgeon","Disarm"],"picked":"Shrug It Off","floor":13.0},{"not_picked":["Burning Pact","Clash","Armaments","Carnage"],"picked":"SKIP","floor":14.0},{"not_picked":["Demon Form","Impervious","Corruption"],"picked":"Feed","floor":16.0},{"not_picked":["Thunderclap","Armaments","Body Slam","Twin Strike"],"picked":"SKIP","floor":18.0},{"not_picked":["Heavy Blade","Spot Weakness","Burning Pact"],"picked":"Pommel Strike+1","floor":19.0},{"not_picked":["Thunderclap","Sentinel+1","Body Slam","Infernal Blade"],"picked":"SKIP","floor":23.0},{"not_picked":["Evolve+1","Feed","Burning Pact"],"picked":"Exhume","floor":25.0},{"not_picked":["Pommel Strike","Anger","Wild Strike","Clothesline"],"picked":"SKIP","floor":28.0},{"not_picked":["Shrug It Off","Iron Wave","Sword Boomerang"],"picked":"Pummel","floor":29.0},{"not_picked":["Twin Strike+1","Carnage","Infernal Blade"],"picked":"Shrug It Off","floor":30.0},{"not_picked":["Corruption+1","Iron Wave","Armaments+1"],"picked":"Heavy Blade","floor":31.0},{"not_picked":["Feed","Immolate","Fiend Fire"],"picked":"Barricade+1","floor":33.0},{"not_picked":["Body Slam","Pommel Strike","Flex","Second Wind"],"picked":"SKIP","floor":35.0},{"not_picked":["Armaments","Dual Wield","True Grit"],"picked":"Entrench","floor":38.0},{"not_picked":["Power Through","Spot Weakness","True Grit"],"picked":"Limit Break","floor":40.0},{"not_picked":["Ghostly Armor","True Grit","Clash","Warcry"],"picked":"SKIP","floor":41.0},{"not_picked":["Fire Breathing+1","Clash+1","Heavy Blade","Pommel Strike"],"picked":"SKIP","floor":44.0},{"not_picked":["Uppercut","Wild Strike+1","Headbutt"],"picked":"Whirlwind","floor":46.0},{"not_picked":["Searing Blow","Dual Wield","Pommel Strike","Armaments"],"picked":"SKIP","floor":47.0},{"not_picked":["Spot Weakness","Anger","Armaments+1","Bludgeon"],"picked":"SKIP","floor":48.0},{"not_picked":["Dropkick","Corruption+1","Intimidate","Sword Boomerang+1"],"picked":"SKIP","floor":55}],"player_experience":1425401,"relics_obtained":[{"floor":6.0,"key":"MawBank"},{"floor":9.0,"key":"War Paint"},{"floor":10.0,"key":"Smiling Mask"},{"floor":11.0,"key":"Akabeko"},{"floor":13.0,"key":"Gremlin Horn"},{"floor":23.0,"key":"Juzu Bracelet"},{"floor":25.0,"key":"Boot"},{"floor":26.0,"key":"Bottled Flame"},{"floor":30.0,"key":"Frozen Egg 2"},{"floor":40.0,"key":"Bronze Scales"},{"floor":44.0,"key":"Lizard Tail"},{"floor":55,"key":"Strawberry"}],"event_choices":[{"damage_healed":0.0,"max_hp_gain":0.0,"max_hp_loss":0.0,"gold_gain":75.0,"event_name":"betterThird:BetterGoop","player_choice":"Gold","floor":3.0,"gold_loss":0.0,"damage_taken":11.0},{"damage_healed":0.0,"max_hp_gain":0.0,"max_hp_loss":0.0,"gold_gain":0.0,"event_name":"Drug Dealer","player_choice":"Obtain J.A.X.","floor":20.0,"gold_loss":0.0,"damage_taken":0.0,"cards_obtained":["J.A.X."]},{"damage_healed":0.0,"max_hp_gain":83.0,"max_hp_loss":11.0,"gold_gain":0.0,"event_name":"betterAltar:BetterAltar","player_choice":" Idol Vial ","floor":22.0,"potions_obtained":[],"relics_lost":[],"gold_loss":0.0,"damage_taken":72.0,"relics_obtained":["Bloody Idol","Blood Vial"]},{"damage_healed":0.0,"max_hp_gain":0.0,"max_hp_loss":0.0,"gold_gain":0.0,"event_name":"Ghosts","player_choice":"Ignored","floor":27.0,"gold_loss":0.0,"damage_taken":0.0},{"damage_healed":0.0,"max_hp_gain":0.0,"max_hp_loss":0.0,"gold_gain":0.0,"event_name":"WeMeetAgain","player_choice":"Gave Potion","floor":36.0,"gold_loss":0.0,"damage_taken":0.0,"relics_obtained":["Peace Pipe"]},{"damage_healed":0.0,"max_hp_gain":0.0,"max_hp_loss":0.0,"gold_gain":0.0,"event_name":"Winding Halls","player_choice":"Embrace Madness","floor":39.0,"gold_loss":0.0,"damage_taken":20.0,"cards_obtained":["Madness","Madness"]}],"is_beta":false,"boss_relics":[{"not_picked":["Busted Crown","Mark of Pain"],"picked":"Coffee Dripper"},{"not_picked":["Tiny House","Runic Pyramid"],"picked":"SlaversCollar"}],"items_purged_floors":[0,0,0,4,12,37],"is_endless":false,"potions_floor_spawned":[1,2,5,11,23,25,28,31,33,38,40,41],"ascension_level":20}}