{"host":"9ndbo4kgsfoemf7y","time":1609669457,"event":{"mods":["AchievementEnabler","BaseMod","Colored Map","DeckTracker","Keyboard Shortcuts","Minty Spire (QoL Compilation)","Permanent Neow","Quick Restart","Relic Stats","StSLib","SuperFastMode"],"gold_per_floor":[119,119,119,137,137,181,181,219,265,303,324,324,355,39,39,39,39],"floor_reached":16,"playtime":406,"items_purged":[],"score":214,"play_id":"1e9a9162-9739-4670-a3e1-1b9f9ae815eb","local_time":"20210103192417","is_ascension_mode":true,"campfire_choices":[{"data":"Genetic Algorithm","floor":7.0,"key":"SMITH"},{"data":"Sunder","floor":12,"key":"SMITH"},{"data":"Double Energy","floor":15,"key":"SMITH"}],"circlet_count":0,"master_deck":["Strike_B","Strike_B","Strike_B","Defend_B","Defend_B","Defend_B","Defend_B","Zap","Dualcast","Genetic Algorithm+1","Coolheaded","Sunder+1","Cold Snap","Electrodynamics","Loop","FTL","Double Energy+1"],"relics":["Cracked Core","NeowsBlessing","Golden Idol","Strawberry","Sundial","Lantern","Bag of Marbles","Bottled Tornado","Gremlin Horn"],"acts_visited":["Exordium"],"potions_floor_usage":[16],"damage_taken":[{"damage":0.0,"enemies":"Jaw Worm","floor":1.0,"turns":1.0},{"damage":0.0,"enemies":"Small Slimes","floor":4.0,"turns":1.0},{"damage":0.0,"enemies":"Gremlin Nob","floor":6.0,"turns":1.0},{"damage":23.0,"enemies":"3 Sentries","floor":8.0,"turns":9.0},{"damage":20.0,"enemies":"Gremlin Nob","floor":10.0,"turns":4.0},{"damage":0,"enemies":"2 Louse","floor":11,"turns":1},{"damage":14,"enemies":"Lagavulin","floor":13,"turns":5},{"damage":18,"enemies":"The Guardian","floor":16,"turns":9}],"seed_played":"-6863648233077672982","potions_obtained":[{"floor":1.0,"key":"Fruit Juice"},{"floor":6.0,"key":"GamblersBrew"}],"is_trial":false,"path_per_floor":["M","?","?","M","?","E","R","E","T","E","M","R","E","$","R","B"],"character_chosen":"DEFECT","items_purchased":["Gremlin Horn","Double Energy"],"campfire_rested":0,"item_purchase_floors":[14,14],"current_hp_per_floor":[75,80,60,60,60,67,67,44,44,24,24,24,10,10,10,0,0],"gold":39,"neow_bonus":"THREE_ENEMY_KILL","is_daily":false,"chose_seed":false,"campfire_upgraded":3,"win_rate":0.0,"timestamp":1609669457,"path_taken":["M","?","?","M","?","E","R","E","T","E","M","R","E","$","R","BOSS"],"items_purchased_type":["Relic","Card"],"build_version":"2020-12-22","purchased_purges":0,"victory":false,"max_hp_per_floor":[75,80,80,80,80,87,87,87,87,87,87,87,87,87,87,92,92],"relic_stats":{"Gremlin Horn":[0,0],"counters":[8,31],"Golden Idol":39,"Sundial":[4],"obtain_stats":[{"Lantern":9,"NeowsBlessing":0,"Gremlin Horn":14,"Golden Idol":3,"Sundial":8,"Strawberry":6,"Bag of Marbles":10,"Bottled Tornado":13,"Cracked Core":0},{"Lantern":4,"NeowsBlessing":0,"Gremlin Horn":7,"Golden Idol":1,"Sundial":4,"Strawberry":3,"Bag of Marbles":5,"Bottled Tornado":7,"Cracked Core":0},{"Lantern":12,"NeowsBlessing":0,"Gremlin Horn":22,"Golden Idol":1,"Sundial":12,"Strawberry":3,"Bag of Marbles":16,"Bottled Tornado":22,"Cracked Core":0}]},"card_choices":[{"not_picked":["Sweeping Beam","Turbo"],"picked":"Genetic Algorithm","floor":1.0},{"not_picked":["Consume","Rebound"],"picked":"Coolheaded","floor":4.0},{"not_picked":["Compile Driver","Machine Learning"],"picked":"Cold Snap","floor":6.0},{"not_picked":["Static Discharge","Compile Driver"],"picked":"Electrodynamics","floor":8.0},{"not_picked":["Force Field","Coolheaded"],"picked":"Loop","floor":10.0},{"not_picked":["Leap","Compile Driver","Gash"],"picked":"SKIP","floor":11},{"not_picked":["Multi-Cast","Hologram"],"picked":"FTL","floor":13}],"player_experience":770846,"relics_obtained":[{"floor":6.0,"key":"Strawberry"},{"floor":8.0,"key":"Sundial"},{"floor":9.0,"key":"Lantern"},{"floor":10.0,"key":"Bag of Marbles"},{"floor":13,"key":"Bottled Tornado"}],"event_choices":[{"damage_healed":0.0,"max_hp_gain":5.0,"max_hp_loss":0.0,"gold_gain":0.0,"event_name":"Big Fish","player_choice":"Donut","floor":2.0,"gold_loss":0.0,"damage_taken":0.0},{"damage_healed":0.0,"max_hp_gain":0.0,"max_hp_loss":0.0,"gold_gain":0.0,"event_name":"Golden Idol","player_choice":"Take Damage","floor":3.0,"gold_loss":0.0,"damage_taken":20.0,"relics_obtained":["Golden Idol"]},{"damage_healed":0.0,"max_hp_gain":0.0,"max_hp_loss":0.0,"gold_gain":0.0,"cards_transformed":["Strike_B"],"event_name":"Living Wall","player_choice":"Change","floor":5.0,"gold_loss":0.0,"damage_taken":0.0,"cards_obtained":["Sunder"]}],"is_beta":false,"boss_relics":[],"items_purged_floors":[],"is_endless":false,"potions_floor_spawned":[1,6],"killed_by":"The Guardian","ascension_level":5}}