{"host":"t9wo05e1llrbe5dt","time":1609632437,"event":{"mods":["2.2 Compatiblity","AchievementEnabler","Ascension Unlocker","BaseMod","Bestiary","Better Altar","Better Match","Better Note","Better Sensory Stone","Better Skull","Better Third Choice","Better Vampires","Better-Laid Plans","Block Reminder","Colored Map","Colored Powertips","Curses Come First","DeckTracker","Displayed Cursed Tome","Downfall","Filter the Spire","Googly Eyes","Gremlin Mod","GungeonMod","Hermit","Highlight Path","Marked Mod","Minty Spire (QoL Compilation)","Quick Restart","Random Character Button","Rare Cards Sparkle","Reorder Act Four","Reworked Bosses","Spicy Shops","StSLib","The Bug Knight","The Cursed","The Hierophant","The IronCluck","The Mystic","The Necromancer","The Runesmith","Transform Curses","Uncapped","everything is the same but u backflip on backflip","slay the spire mod where everything is the same but ironclad has a cowboy hat"],"gold_per_floor":[99,119,294,45,145,161,161,184,184,202,221,28,28,5,25,124,124,124,141,151,151,166,16,64,64,76,86,86,98,98,115,133,232,232,82,93,93,37,51,66,66,79,79,114,129,129,54,68,87,87,87,87,87,87],"floor_reached":52,"playtime":3711,"items_purged":["Writhe"],"score":705,"play_id":"9b1d92e4-afee-4cca-9d8b-ee07fae9b780","local_time":"20210102180717","is_ascension_mode":false,"campfire_choices":[{"floor":1.0,"key":"RECALL"},{"data":"Slimebound:Split","floor":18,"key":"SMITH"},{"data":"Slimebound:CorrosiveSpit","floor":28,"key":"SMITH"},{"data":"Slimebound:Nibble","floor":30,"key":"SMITH"},{"data":"Slimebound:SplitMire","floor":35,"key":"SMITH"},{"floor":47,"key":"REST"}],"circlet_count":1,"master_deck":["Slimebound:Strike_Slimebound","Slimebound:Strike_Slimebound","Slimebound:Strike_Slimebound","Slimebound:Tackle","Slimebound:Defend_Slimebound","Slimebound:Defend_Slimebound","Slimebound:Defend_Slimebound","Slimebound:Defend_Slimebound","Slimebound:Split+1","Slimebound:CorrosiveSpit+1","Slimebound:SlimeBarrage+1","Slimebound:SplitLeeching","Slimebound:SplitLeeching","Slimebound:GoopSpray","Slimebound:SplitBruiser","Slimebound:FormOfPuddle","Slimebound:MassRepurpose","Slimebound:RollThrough","Slimebound:LeadByExample","Slimebound:LeechingTouch","Slimebound:SlimeBarrage","Slimebound:SplitAcid","Slimebound:LeechLife","Slimebound:SamplingLick","Slimebound:SlimeBrawl+1","Slimebound:LeechEnergy","Slimebound:Nibble+1","Slimebound:SamplingLick+1","Slimebound:SlimeTap","Slimebound:SplitMire+1","Slimebound:SplitMire","Slimebound:RallyTheTroops","Slimebound:RainOfGoop+1","Mind Blast","Slimebound:Schlurp+1","Slimebound:LevelUp","Slimebound:DisruptingSlam","Slimebound:LivingWall","Slimebound:DouseInSlime","Slimebound:LeadByExample+1","Injury","Slimebound:Dissolve+1","Slimebound:ComboTackle","Slimebound:ProtectTheBoss","Parasite","Slimebound:MinionMaster","Slimebound:LeechLife"],"relics":["Slimebound:AbsorbEndCombat","Circlet","White Beast Statue","Odd Mushroom","DemoMod:MeatBun","Bottled Tornado","Runesmith:UraniumAnvil","DemoMod:MonsterBlood","Toy Ornithopter","Nloth\u0027s Gift","Cursed Key","downfall:HeartBlessingRed","downfall:HeartBlessingBlue","Slimebound:AggressiveSlimeRelic","Torii","Shuriken","downfall:HeartBlessingGreen"],"acts_visited":["Exordium","TheCity","TheBeyond","TheEnding"],"potions_floor_usage":[27,29,33,36,48,50,52,52,52,52],"damage_taken":[{"damage":13.0,"enemies":"Small Slimes","floor":2.0,"turns":4.0},{"damage":20.0,"enemies":"downfall:FleeingMerchant","floor":4.0,"turns":4.0},{"damage":30.0,"enemies":"downfall:Heads","floor":5.0,"turns":6.0},{"damage":13.0,"enemies":"Jaw Worm","floor":6.0,"turns":4.0},{"damage":23.0,"enemies":"The Mushroom Lair","floor":8.0,"turns":3.0},{"damage":14.0,"enemies":"Cultist","floor":10.0,"turns":4.0},{"damage":13.0,"enemies":"Gremlin Gang","floor":11.0,"turns":5.0},{"damage":21.0,"enemies":"downfall:FleeingMerchant","floor":12.0,"turns":4.0},{"damage":16.0,"enemies":"downfall:FleeingMerchant","floor":14.0,"turns":4.0},{"damage":15.0,"enemies":"Red Slaver","floor":15.0,"turns":3.0},{"damage":55.0,"enemies":"downfall:Ironclad","floor":16.0,"turns":10.0},{"damage":29,"enemies":"3 Byrds","floor":19,"turns":3},{"damage":34,"enemies":"Chosen and Byrds","floor":20,"turns":6},{"damage":42,"enemies":"Sentry and Sphere","floor":22,"turns":6},{"damage":12,"enemies":"downfall:FleeingMerchant","floor":23,"turns":4},{"damage":39,"enemies":"Snake Plant","floor":26,"turns":4},{"damage":50,"enemies":"Centurion and Healer","floor":27,"turns":6},{"damage":36,"enemies":"3 Cultists","floor":29,"turns":5},{"damage":35,"enemies":"Chosen and Byrds","floor":31,"turns":5},{"damage":37,"enemies":"Centurion and Healer","floor":32,"turns":4},{"damage":47,"enemies":"downfall:Silent","floor":33,"turns":7},{"damage":40,"enemies":"3 Darklings","floor":36,"turns":4},{"damage":38,"enemies":"downfall:FleeingMerchant","floor":38,"turns":4},{"damage":34,"enemies":"Orb Walker","floor":39,"turns":3},{"damage":25,"enemies":"4 Shapes","floor":40,"turns":4},{"damage":16,"enemies":"Sphere and 2 Shapes","floor":42,"turns":3},{"damage":40,"enemies":"HollowMod:StalkingDevout","floor":44,"turns":8},{"damage":30,"enemies":"Transient","floor":45,"turns":5},{"damage":21,"enemies":"Writhing Mass","floor":48,"turns":3},{"damage":48,"enemies":"4 Shapes","floor":49,"turns":4},{"damage":33,"enemies":"downfall:Watcher","floor":50,"turns":7},{"damage":132,"enemies":"downfall:CharBossMerchant","floor":52,"turns":7}],"seed_played":"1840578276680016318","potions_obtained":[{"floor":6.0,"key":"Energy Potion"},{"floor":8.0,"key":"LiquidBronze"},{"floor":10.0,"key":"DistilledChaos"},{"floor":11.0,"key":"BlessingOfTheForge"},{"floor":12.0,"key":"Energy Potion"},{"floor":14.0,"key":"Energy Potion"},{"floor":15.0,"key":"DuplicationPotion"},{"floor":16.0,"key":"DemoMod:LeadSkinPotion"},{"floor":19,"key":"DemoMod:LeadSkinPotion"},{"floor":20,"key":"ColorlessPotion"},{"floor":27,"key":"LiquidMemories"},{"floor":29,"key":"Explosive Potion"},{"floor":33,"key":"Weak Potion"},{"floor":36,"key":"LiquidMemories"},{"floor":42,"key":"LiquidMemories"},{"floor":48,"key":"EntropicBrew"}],"is_trial":false,"path_per_floor":["R","M","?","$","?","M","T","?","?","M","M","$","T","$","M","B",null,"R","M","M","?","M","$","T","?","M","M","R","M","R","M","M","B",null,"R","M","?","$","M","M","T","M","T","E","M","?","R","M","M","B",null,"E"],"character_chosen":"SLIMEBOUND","items_purchased":["DemoMod:GnawedKey","Slimebound:SplitLeeching","White Beast Statue","DemoMod:MeatBun","Slimebound:LeadByExample","Slimebound:SlimeBarrage","DemoMod:MonsterBlood","Slimebound:LevelUp","Slimebound:DisruptingSlam","Slimebound:AggressiveSlimeRelic","Slimebound:LivingWall"],"campfire_rested":1,"item_purchase_floors":[4,4,4,12,12,14,23,38,38,38,38],"current_hp_per_floor":[66,58,58,46,28,29,29,20,20,20,23,24,24,32,29,8,66,66,49,41,66,46,57,57,57,40,47,47,68,68,55,52,58,73,83,74,74,58,48,43,43,49,49,65,69,69,83,78,58,74,83,0,0,0],"gold":87,"neow_bonus":"TEN_PERCENT_HP_BONUS","is_daily":false,"chose_seed":false,"campfire_upgraded":4,"win_rate":0.0,"timestamp":1609632437,"path_taken":["R","M","?","$","?","M","T","?","?","?","?","$","?","?","M","BOSS","R","M","M","?","M","$","T","?","M","M","R","M","R","M","M","BOSS","R","M","?","$","M","M","T","M","?","E","M","?","R","M","M","BOSS","E"],"items_purchased_type":["Relic","Card","Relic","Relic","Card","Card","Relic","Card","Card","Relic","Card"],"build_version":"2020-12-22","purchased_purges":1,"victory":false,"max_hp_per_floor":[66,66,66,66,66,66,66,66,66,66,66,66,66,66,66,66,66,66,66,66,66,66,73,73,73,73,73,73,73,73,73,73,73,73,83,83,83,83,83,83,83,83,83,83,83,83,83,83,83,83,83,83,83,83],"card_choices":[{"not_picked":["Slimebound:FinishingTackle","Slimebound:LeechEnergy"],"picked":"Slimebound:SlimeBarrage","floor":2.0},{"not_picked":["Slimebound:SamplingLick","Slimebound:PrepareCrush"],"picked":"Slimebound:SplitLeeching","floor":4.0},{"not_picked":["Slimebound:Prepare","Slimebound:GoopTackle"],"picked":"Slimebound:Gluttony","floor":5.0},{"not_picked":["Slimebound:FinishingTackle","Slimebound:ItLooksTasty"],"picked":"Slimebound:SplitBruiser","floor":6.0},{"not_picked":["Slimebound:SplitLeeching","Slimebound:FlameTackle"],"picked":"Slimebound:FormOfPuddle","floor":8.0},{"not_picked":["Slimebound:Chomp","Slimebound:ComboTackle","Slimebound:GrowthPunch"],"picked":"SKIP","floor":10.0},{"not_picked":["Slimebound:FormOfPuddle","Slimebound:ComboTackle"],"picked":"Slimebound:MassRepurpose","floor":11.0},{"not_picked":["Slimebound:ForwardTackle","Slimebound:SlimeBarrage"],"picked":"Slimebound:RollThrough","floor":12.0},{"not_picked":["Slimebound:FinishingTackle","Slimebound:SplitLeeching"],"picked":"Slimebound:LeechingTouch","floor":14.0},{"not_picked":["Slimebound:SamplingLick","Slimebound:SpikyOuterGoop"],"picked":"Slimebound:SplitAcid","floor":15.0},{"not_picked":["Slimebound:DuplicatedForm","Slimebound:MassRepurpose"],"picked":"Slimebound:LeechLife","floor":16.0},{"not_picked":["Slimebound:PressTheAttack+1","Slimebound:ProtectTheBoss"],"picked":"Slimebound:SamplingLick","floor":19},{"not_picked":["Slimebound:MegaLick","Slimebound:SamplingLick"],"picked":"Slimebound:SlimeBrawl+1","floor":20},{"not_picked":["Slimebound:BestDefense","Slimebound:GoopTackle"],"picked":"Slimebound:LeechEnergy","floor":22},{"not_picked":["Slimebound:LeechingTouch+1","Slimebound:FlameTackle"],"picked":"Slimebound:Nibble","floor":23},{"not_picked":["Slimebound:ViciousTackle","Slimebound:FormOfPuddle","Slimebound:BestDefense"],"picked":"SKIP","floor":26},{"not_picked":["Slimebound:GrowthPunch","Slimebound:BestDefense+1"],"picked":"Slimebound:SamplingLick+1","floor":27},{"not_picked":["Slimebound:Replication+1","Slimebound:ComboTackle"],"picked":"Slimebound:SlimeTap","floor":29},{"not_picked":["Slimebound:SlimeBrawl+1","Slimebound:BestDefense"],"picked":"Slimebound:SplitMire","floor":31},{"not_picked":["Slimebound:LeechEnergy","Slimebound:SamplingLick"],"picked":"Slimebound:SplitMire","floor":32},{"not_picked":["Slimebound:MassRepurpose","Slimebound:SlimeSlap"],"picked":"Slimebound:RallyTheTroops","floor":33},{"not_picked":["Slimebound:SlimeSpikes+1","Slimebound:SlimeSlap"],"picked":"Slimebound:RainOfGoop+1","floor":36},{"not_picked":["Madness","Master of Strategy"],"picked":"Mind Blast","floor":37},{"not_picked":["Slimebound:GoopSpray+1","Slimebound:PressTheAttack+1"],"picked":"Slimebound:Schlurp+1","floor":38},{"not_picked":["Slimebound:HauntingLick+1","Slimebound:SplitLeeching"],"picked":"Slimebound:DouseInSlime","floor":39},{"not_picked":["Slimebound:Equalize","Slimebound:Gluttony+1"],"picked":"Slimebound:LeadByExample+1","floor":40},{"not_picked":["Slimebound:SlimeBarrage+1","Slimebound:LeechEnergy"],"picked":"Slimebound:Dissolve+1","floor":42},{"not_picked":["Slimebound:GrowthPunch","Slimebound:SlimeBarrage"],"picked":"Slimebound:ComboTackle","floor":44},{"not_picked":["Slimebound:Schlurp","Slimebound:RollThrough+1"],"picked":"Slimebound:ProtectTheBoss","floor":45},{"not_picked":["Slimebound:PressTheAttack+1","Slimebound:SlimeBarrage"],"picked":"Slimebound:MinionMaster","floor":48},{"not_picked":["Slimebound:SplitBruiser+1","Slimebound:TongueLash"],"picked":"Slimebound:LeechLife","floor":49}],"player_experience":147613,"relics_obtained":[{"floor":8.0,"key":"Odd Mushroom"},{"floor":13.0,"key":"Bottled Tornado"},{"floor":24,"key":"Toy Ornithopter"},{"floor":41,"key":"Torii"},{"floor":44,"key":"Shuriken"}],"event_choices":[{"damage_healed":0.0,"max_hp_gain":0.0,"max_hp_loss":0.0,"gold_gain":0.0,"event_name":"Mushrooms","player_choice":"Fought Mushrooms","floor":8.0,"gold_loss":0.0,"damage_taken":0.0},{"damage_healed":0.0,"max_hp_gain":0.0,"max_hp_loss":0.0,"gold_gain":0.0,"event_name":"Purifier","player_choice":"Ignored","floor":9.0,"gold_loss":0.0,"damage_taken":0.0},{"cards_removed":["Slimebound:Gluttony"],"damage_healed":25,"gold_gain":0,"player_choice":"Offered Uncommon","damage_taken":0,"max_hp_gain":0,"max_hp_loss":0,"event_name":"Bonfire Elementals","floor":21,"gold_loss":0},{"damage_healed":0,"gold_gain":3,"player_choice":"1","damage_taken":0,"max_hp_gain":0,"max_hp_loss":0,"event_name":"betterStone:BetterStone","floor":37,"gold_loss":0},{"damage_healed":0,"gold_gain":0,"player_choice":"Ignored","damage_taken":0,"max_hp_gain":0,"max_hp_loss":0,"event_name":"betterNote:BetterNote","floor":46,"gold_loss":0,"cards_obtained":["Apotheosis"]}],"is_beta":false,"boss_relics":[{"not_picked":["Coffee Dripper","Busted Crown"],"picked":"Runesmith:UraniumAnvil"},{"not_picked":["SlaversCollar","Fusion Hammer"],"picked":"Cursed Key"}],"items_purged_floors":[23],"is_endless":false,"potions_floor_spawned":[6,8,10,11,12,14,15,16,19,20,22,23,26,27,29,31,32,33,36,38,39,40,42,44,45,48,49],"killed_by":"downfall:CharBossMerchant","ascension_level":0}}