{"host":"ocllwaoi18j60ltd","time":1609682317,"event":{"mods":["BaseMod","DeckTracker","Minty Spire (QoL Compilation)","Permanent Neow","Quick Restart","StSLib","SuperFastMode"],"gold_per_floor":[115,135,146,163,181,181,209,209,209,209,209],"floor_reached":10,"playtime":208,"items_purged":[],"score":140,"play_id":"f8e1a5b1-b6d4-4815-9349-c2060f1cef7e","local_time":"20210103225837","is_ascension_mode":true,"campfire_choices":[{"data":"Terror","floor":6,"key":"SMITH"},{"floor":8,"key":"REST"}],"circlet_count":0,"master_deck":["AscendersBane","Strike_G","Strike_G","Strike_G","Strike_G","Strike_G","Defend_G","Defend_G","Defend_G","Defend_G","Defend_G","Survivor","Neutralize","Bullet Time","Quick Slash","Flying Knee","Finisher","Terror+1","Acrobatics","Well Laid Plans"],"relics":["Ring of the Snake","Meat on the Bone","Pear"],"acts_visited":["Exordium"],"potions_floor_usage":[5],"damage_taken":[{"damage":0.0,"enemies":"Cultist","floor":1.0,"turns":5.0},{"damage":4.0,"enemies":"Small Slimes","floor":2.0,"turns":4.0},{"damage":0.0,"enemies":"2 Louse","floor":3.0,"turns":3.0},{"damage":15,"enemies":"Exordium Wildlife","floor":4,"turns":5},{"damage":10,"enemies":"Gremlin Gang","floor":5,"turns":5},{"damage":29,"enemies":"3 Sentries","floor":7,"turns":12},{"damage":11,"enemies":"Gremlin Nob","floor":10,"turns":3}],"seed_played":"-6813593766030892879","potions_obtained":[{"floor":3.0,"key":"Strength Potion"}],"is_trial":false,"path_per_floor":["M","M","M","M","M","R","E","R","T","E"],"character_chosen":"THE_SILENT","items_purchased":[],"campfire_rested":1,"item_purchase_floors":[],"current_hp_per_floor":[59,55,55,40,30,30,1,20,30,19,19],"gold":209,"neow_bonus":"ONE_RANDOM_RARE_CARD","is_daily":false,"chose_seed":false,"campfire_upgraded":1,"win_rate":0.0,"timestamp":1609682317,"path_taken":["M","M","M","M","?","R","E","R","T","E"],"items_purchased_type":[],"build_version":"2020-12-22","purchased_purges":0,"victory":false,"max_hp_per_floor":[66,66,66,66,66,66,66,66,76,76,76],"card_choices":[{"not_picked":["PiercingWail","Bane"],"picked":"Quick Slash","floor":1.0},{"not_picked":["Underhanded Strike","Leg Sweep"],"picked":"Flying Knee","floor":2.0},{"not_picked":["Outmaneuver","Setup"],"picked":"Finisher","floor":3.0},{"not_picked":["Deflect","PiercingWail"],"picked":"Terror","floor":4},{"not_picked":["Riddle With Holes","Backflip"],"picked":"Acrobatics","floor":5},{"not_picked":["Outmaneuver","Choke"],"picked":"Well Laid Plans","floor":7}],"player_experience":836786,"relics_obtained":[{"floor":7,"key":"Meat on the Bone"},{"floor":9,"key":"Pear"}],"event_choices":[],"is_beta":false,"boss_relics":[],"items_purged_floors":[],"is_endless":false,"potions_floor_spawned":[3],"killed_by":"Gremlin Nob","ascension_level":20}}