{"host":"uonldg9uriwfhjjx","time":1609658026,"event":{"mods":["AchievementEnabler","BaseMod","Minty Spire (QoL Compilation)","Relic Stats"],"gold_per_floor":[116,133,133,147,74,74,102,102,175,188,216,216,216,59,59,59,59],"floor_reached":16,"playtime":1994,"items_purged":[],"score":178,"play_id":"efbc3d59-41de-44b5-81b2-3f80e7a0f860","local_time":"20210103021346","is_ascension_mode":true,"campfire_choices":[{"data":"Loop","floor":6,"key":"SMITH"},{"floor":13,"key":"REST"},{"data":"Defragment","floor":15,"key":"SMITH"}],"circlet_count":0,"master_deck":["AscendersBane","Strike_B","Strike_B","Strike_B","Strike_B","Defend_B","Defend_B","Defend_B","Defend_B","Zap+1","Dualcast+1","BootSequence","Loop+1","Chill","Conserve Battery+1","Defragment+1","Electrodynamics"],"relics":["Cracked Core","Bronze Scales","Toxic Egg 2","Dream Catcher","GremlinMask","Runic Capacitor"],"acts_visited":["Exordium"],"potions_floor_usage":[16],"damage_taken":[{"damage":0,"enemies":"Small Slimes","floor":1,"turns":2},{"damage":0,"enemies":"Cultist","floor":2,"turns":3},{"damage":2,"enemies":"Jaw Worm","floor":4,"turns":2},{"damage":15,"enemies":"Lagavulin","floor":7,"turns":6},{"damage":12,"enemies":"Lots of Slimes","floor":10,"turns":4},{"damage":34,"enemies":"Gremlin Nob","floor":11,"turns":5},{"damage":36,"enemies":"The Guardian","floor":16,"turns":2}],"seed_played":"8301366206954831032","potions_obtained":[{"floor":4,"key":"BlessingOfTheForge"},{"floor":11,"key":"SkillPotion"}],"is_trial":false,"path_per_floor":["M","M","?","M","$","R","E","$","T","M","E","?","R","$","R","B"],"character_chosen":"DEFECT","items_purchased":["Loop","Runic Capacitor"],"campfire_rested":1,"item_purchase_floors":[5,14],"current_hp_per_floor":[68,68,68,66,66,66,51,51,51,39,5,5,27,27,27,0,0],"gold":59,"neow_bonus":"UPGRADE_CARD","is_daily":false,"chose_seed":false,"campfire_upgraded":2,"win_rate":0.0,"timestamp":1609658026,"path_taken":["M","M","?","M","$","R","E","?","T","M","E","?","R","$","R","BOSS"],"items_purchased_type":["Card","Relic"],"build_version":"2020-12-22","purchased_purges":0,"victory":false,"max_hp_per_floor":[75,75,75,75,75,75,75,75,75,75,75,75,75,75,75,75,75],"relic_stats":{"Dream Catcher":1,"counters":[7,24],"Bronze Scales":[27],"obtain_stats":[{"Dream Catcher":11,"Bronze Scales":7,"GremlinMask":12,"Runic Capacitor":14,"Toxic Egg 2":9,"Cracked Core":0},{"Dream Catcher":6,"Bronze Scales":4,"GremlinMask":6,"Runic Capacitor":6,"Toxic Egg 2":4,"Cracked Core":0},{"Dream Catcher":22,"Bronze Scales":13,"GremlinMask":22,"Runic Capacitor":22,"Toxic Egg 2":13,"Cracked Core":0}]},"card_choices":[{"not_picked":["Beam Cell","Conserve Battery"],"picked":"BootSequence","floor":1},{"not_picked":["Go for the Eyes","Turbo","Undo"],"picked":"SKIP","floor":2},{"not_picked":["Turbo","Steam Power","Recycle"],"picked":"SKIP","floor":4},{"not_picked":["Melter","Streamline"],"picked":"Chill","floor":7},{"not_picked":["Fusion+1","Stack+1"],"picked":"Conserve Battery+1","floor":10},{"not_picked":["Undo+1","Compile Driver"],"picked":"Defragment","floor":11},{"not_picked":["Glacier+1","Go for the Eyes"],"picked":"Electrodynamics","floor":13}],"player_experience":711914,"relics_obtained":[{"floor":7,"key":"Bronze Scales"},{"floor":9,"key":"Toxic Egg 2"},{"floor":11,"key":"Dream Catcher"}],"event_choices":[{"damage_healed":0,"gold_gain":0,"player_choice":"Forge","damage_taken":0,"max_hp_gain":0,"max_hp_loss":0,"event_name":"Accursed Blacksmith","floor":3,"gold_loss":0,"cards_upgraded":["Dualcast"]},{"damage_healed":0,"gold_gain":0,"player_choice":"Trade","damage_taken":0,"relics_obtained":["GremlinMask"],"max_hp_gain":0,"max_hp_loss":0,"event_name":"FaceTrader","floor":12,"gold_loss":0}],"is_beta":false,"boss_relics":[],"items_purged_floors":[],"is_endless":false,"potions_floor_spawned":[4,11],"killed_by":"The Guardian","ascension_level":13}}