{"host":"wha9hktbkslqvblg","time":1609678774,"event":{"mods":["BaseMod","Colored Map","Minty Spire (QoL Compilation)","Relic Stats","SuperFastMode","everything is the same but u backflip on backflip"],"gold_per_floor":[117,117,136,153,166,166,166,11,34,50,74,91,101,126,126,203,203,216,230,130,130,148,148,148,148,148,165,165,194,209,243,243,320,320,339,339,339,364,374,409,409,434,434,452,452,498,498,526,526,526,526,526,526,23,58,58],"floor_reached":57,"playtime":2387,"items_purged":["Choke","Choke","Riddle With Holes"],"score":3010,"play_id":"8a8913d3-6d1c-4654-8d0a-f0d2f17cb53b","local_time":"20210103215934","is_ascension_mode":true,"campfire_choices":[{"data":"Acrobatics","floor":6.0,"key":"SMITH"},{"data":"Tactician","floor":15.0,"key":"SMITH"},{"floor":23.0,"key":"REST"},{"data":"Prepared","floor":25.0,"key":"SMITH"},{"data":"Grand Finale","floor":28.0,"key":"SMITH"},{"data":"Well Laid Plans","floor":32.0,"key":"SMITH"},{"data":"Reflex","floor":41.0,"key":"SMITH"},{"data":"Backflip","floor":45.0,"key":"SMITH"},{"data":"Blur","floor":47.0,"key":"SMITH"},{"floor":49,"key":"RECALL"},{"data":"Malaise","floor":53,"key":"SMITH"}],"circlet_count":0,"master_deck":["AscendersBane","Survivor","Neutralize","Catalyst","Grand Finale+1","Crippling Poison","After Image","Venomology+1","Backflip+1","Acrobatics+1","Tactician+1","Blur+1","Prepared+1","Well Laid Plans+1","Reflex+1","Malaise+1","Footwork","Acrobatics"],"relics":["Pandora\u0027s Box","Toy Ornithopter","Akabeko","Pen Nib","Odd Mushroom","Art of War","SacredBark","Meat on the Bone","PreservedInsect","StoneCalendar","Busted Crown","Ginger","Question Card","Calipers","Paper Crane","InkBottle","Blood Vial"],"acts_visited":["Exordium","TheCity","TheBeyond","TheEnding"],"potions_floor_usage":[48,48,51,56,56],"damage_taken":[{"damage":3.0,"enemies":"Jaw Worm","floor":1.0,"turns":3.0},{"damage":10.0,"enemies":"Cultist","floor":3.0,"turns":4.0},{"damage":6.0,"enemies":"2 Louse","floor":4.0,"turns":3.0},{"damage":0.0,"enemies":"Exordium Thugs","floor":5.0,"turns":2.0},{"damage":0.0,"enemies":"3 Louse","floor":10.0,"turns":1.0},{"damage":15.0,"enemies":"The Mushroom Lair","floor":11.0,"turns":3.0},{"damage":0.0,"enemies":"Lots of Slimes","floor":12.0,"turns":1.0},{"damage":1.0,"enemies":"Blue Slaver","floor":13.0,"turns":2.0},{"damage":1.0,"enemies":"Gremlin Nob","floor":14.0,"turns":3.0},{"damage":33.0,"enemies":"Hexaghost","floor":16.0,"turns":9.0},{"damage":25.0,"enemies":"2 Thieves","floor":18.0,"turns":3.0},{"damage":0.0,"enemies":"Spheric Guardian","floor":19.0,"turns":2.0},{"damage":11.0,"enemies":"Shelled Parasite and Fungi","floor":22.0,"turns":3.0},{"damage":0.0,"enemies":"Cultist and Chosen","floor":27.0,"turns":1.0},{"damage":29.0,"enemies":"Slavers","floor":29.0,"turns":4.0},{"damage":17.0,"enemies":"Chosen and Byrds","floor":30.0,"turns":5.0},{"damage":21.0,"enemies":"Gremlin Leader","floor":31.0,"turns":3.0},{"damage":2.0,"enemies":"Automaton","floor":33.0,"turns":3.0},{"damage":13.0,"enemies":"Orb Walker","floor":35.0,"turns":3.0},{"damage":0.0,"enemies":"Mind Bloom Boss Battle","floor":38.0,"turns":2.0},{"damage":0.0,"enemies":"3 Darklings","floor":39.0,"turns":2.0},{"damage":5.0,"enemies":"Reptomancer","floor":40.0,"turns":2.0},{"damage":0.0,"enemies":"Nemesis","floor":42.0,"turns":3.0},{"damage":11.0,"enemies":"Writhing Mass","floor":44.0,"turns":2.0},{"damage":22.0,"enemies":"2 Orb Walkers","floor":46.0,"turns":3.0},{"damage":49,"enemies":"Reptomancer","floor":48,"turns":4},{"damage":0,"enemies":"Time Eater","floor":50,"turns":4},{"damage":16,"enemies":"Awakened One","floor":51,"turns":4},{"damage":0,"enemies":"Shield and Spear","floor":55,"turns":2},{"damage":16,"enemies":"The Heart","floor":56,"turns":7}],"seed_played":"-8656022621322133503","potions_obtained":[{"floor":1.0,"key":"Fire Potion"},{"floor":4.0,"key":"GamblersBrew"},{"floor":12.0,"key":"Energy Potion"},{"floor":33.0,"key":"Weak Potion"},{"floor":42.0,"key":"Weak Potion"},{"floor":46.0,"key":"Weak Potion"}],"is_trial":false,"path_per_floor":["M","?","M","M","M","R","?","$","T","M","?","M","M","E","R","B",null,"M","M","$","?","M","R","?","R","T","M","R","E","M","E","R","B",null,"M","?","?","?","M","E","R","E","T","M","R","?","R","E","R","B","B",null,"R","$","E","B",null],"character_chosen":"THE_SILENT","items_purchased":["Tactician","Dexterity Potion","InkBottle","Acrobatics"],"campfire_rested":1,"item_purchase_floors":[8,54,54,54],"current_hp_per_floor":[56,56,46,45,45,45,34,34,34,39,29,29,33,47,47,19,54,29,29,29,29,23,42,76,76,76,76,76,47,40,31,31,39,67,59,59,59,64,69,69,69,76,76,70,70,54,54,27,27,39,40,67,67,67,67,63],"gold":58,"neow_bonus":"BOSS_RELIC","is_daily":false,"chose_seed":false,"campfire_upgraded":9,"win_rate":0.0,"timestamp":1609678774,"path_taken":["M","?","?","M","M","R","?","$","T","M","?","M","?","E","R","BOSS","M","M","$","?","?","R","?","R","T","?","R","E","M","E","R","BOSS","M","?","?","?","M","E","R","E","T","M","R","?","R","E","R","BOSS","BOSS","R","$","E","BOSS"],"items_purchased_type":["Card","Potion","Relic","Card"],"build_version":"2020-12-22","purchased_purges":3,"victory":true,"max_hp_per_floor":[66,66,66,66,66,66,66,66,66,66,66,66,66,66,66,66,66,66,66,66,66,66,66,76,76,76,76,76,76,76,76,76,76,76,76,76,76,76,76,76,76,76,76,76,76,76,76,76,76,76,76,76,76,76,76,76],"relic_stats":{"counters":[30,93],"StoneCalendar":[0],"Pen Nib":[14],"PreservedInsect":297,"Ginger":[4],"Question Card":4,"Blood Vial":2,"Busted Crown":20,"Pandora\u0027s Box":["Catalyst","All Out Attack","Riddle With Holes","Tools of the Trade","Choke","Grand Finale","Crippling Poison","After Image","Choke","Venomology"],"Art of War":[18],"obtain_stats":[{"Calipers":46,"SacredBark":17,"StoneCalendar":31,"Pen Nib":9,"PreservedInsect":29,"Ginger":38,"Odd Mushroom":11,"Paper Crane":48,"Question Card":42,"Akabeko":7,"Blood Vial":55,"Busted Crown":34,"Pandora\u0027s Box":0,"Art of War":14,"Toy Ornithopter":2,"InkBottle":54,"Ring of the Snake":0,"Meat on the Bone":26},{"Calipers":25,"SacredBark":10,"StoneCalendar":17,"Pen Nib":4,"PreservedInsect":15,"Ginger":20,"Odd Mushroom":6,"Paper Crane":26,"Question Card":23,"Akabeko":4,"Blood Vial":29,"Busted Crown":18,"Pandora\u0027s Box":0,"Art of War":9,"Toy Ornithopter":1,"InkBottle":28,"Ring of the Snake":0,"Meat on the Bone":13},{"Calipers":72,"SacredBark":31,"StoneCalendar":52,"Pen Nib":12,"PreservedInsect":44,"Ginger":60,"Odd Mushroom":16,"Paper Crane":76,"Question Card":67,"Akabeko":12,"Blood Vial":86,"Busted Crown":55,"Pandora\u0027s Box":0,"Art of War":22,"Toy Ornithopter":3,"InkBottle":84,"Ring of the Snake":0,"Meat on the Bone":39}],"Toy Ornithopter":128,"InkBottle":[11],"Meat on the Bone":48},"card_choices":[{"not_picked":["Endless Agony","Backstab"],"picked":"Backflip","floor":1.0},{"not_picked":["PiercingWail","Flying Knee"],"picked":"Acrobatics","floor":3.0},{"not_picked":["Dagger Throw","Bane","Poisoned Stab"],"picked":"SKIP","floor":4.0},{"not_picked":["Blade Dance","Leg Sweep","Masterful Stab"],"picked":"SKIP","floor":5.0},{"not_picked":["Prepared","Bane","Distraction"],"picked":"SKIP","floor":10.0},{"not_picked":["Prepared","Bane","Distraction"],"picked":"SKIP","floor":10.0},{"not_picked":["Dagger Spray","Dash","Underhanded Strike"],"picked":"SKIP","floor":12.0},{"not_picked":["Deflect","Prepared"],"picked":"Blur","floor":13.0},{"not_picked":["Heel Hook","Sucker Punch","Cloak And Dagger"],"picked":"SKIP","floor":14.0},{"not_picked":["Deadly Poison","Backflip","Accuracy"],"picked":"SKIP","floor":18.0},{"not_picked":["Bane","Flying Knee","Dodge and Roll+1"],"picked":"SKIP","floor":19.0},{"not_picked":["Bane","Flying Knee","Dodge and Roll+1"],"picked":"SKIP","floor":19.0},{"not_picked":["Cloak And Dagger+1","Sucker Punch+1"],"picked":"Prepared","floor":22.0},{"not_picked":["Blade Dance","Noxious Fumes","Flying Knee"],"picked":"SKIP","floor":27.0},{"not_picked":["Predator","Noxious Fumes"],"picked":"Well Laid Plans","floor":29.0},{"not_picked":["Dodge and Roll","Finisher","Leg Sweep+1"],"picked":"SKIP","floor":30.0},{"not_picked":["Storm of Steel","Quick Slash"],"picked":"Reflex","floor":31.0},{"not_picked":["Adrenaline","Bullet Time"],"picked":"Malaise","floor":33.0},{"not_picked":["All Out Attack"],"picked":"SKIP","floor":35.0},{"not_picked":["PiercingWail+1"],"picked":"SKIP","floor":39.0},{"not_picked":["Quick Slash+1"],"picked":"SKIP","floor":40.0},{"not_picked":["Leg Sweep"],"picked":"SKIP","floor":42.0},{"not_picked":["Backflip+1","Skewer"],"picked":"SKIP","floor":44.0},{"not_picked":["Grand Finale"],"picked":"Footwork","floor":48},{"not_picked":["Flechettes","Quick Slash"],"picked":"SKIP","floor":55}],"player_experience":930842,"relics_obtained":[{"floor":9.0,"key":"Pen Nib"},{"floor":11.0,"key":"Odd Mushroom"},{"floor":14.0,"key":"Art of War"},{"floor":26.0,"key":"Meat on the Bone"},{"floor":29.0,"key":"PreservedInsect"},{"floor":31.0,"key":"StoneCalendar"},{"floor":38.0,"key":"Ginger"},{"floor":42.0,"key":"Question Card"},{"floor":46.0,"key":"Calipers"},{"floor":48,"key":"Paper Crane"},{"floor":55,"key":"Blood Vial"}],"event_choices":[{"damage_healed":0.0,"max_hp_gain":0.0,"max_hp_loss":0.0,"gold_gain":0.0,"event_name":"WeMeetAgain","player_choice":"Gave Potion","floor":2.0,"gold_loss":0.0,"damage_taken":0.0,"relics_obtained":["Toy Ornithopter"]},{"damage_healed":0.0,"max_hp_gain":0.0,"max_hp_loss":0.0,"gold_gain":0.0,"event_name":"Scrap Ooze","player_choice":"Success","floor":7.0,"gold_loss":0.0,"damage_taken":11.0,"relics_obtained":["Akabeko"]},{"damage_healed":0.0,"max_hp_gain":0.0,"max_hp_loss":0.0,"gold_gain":0.0,"event_name":"Mushrooms","player_choice":"Fought Mushrooms","floor":11.0,"gold_loss":0.0,"damage_taken":0.0},{"damage_healed":0.0,"max_hp_gain":0.0,"max_hp_loss":0.0,"gold_gain":0.0,"event_name":"Upgrade Shrine","player_choice":"Upgraded","floor":21.0,"gold_loss":0.0,"damage_taken":0.0,"cards_upgraded":["Venomology"]},{"cards_removed":["Tools of the Trade"],"damage_healed":24.0,"max_hp_gain":10.0,"max_hp_loss":0.0,"gold_gain":0.0,"event_name":"Bonfire Elementals","player_choice":"Offered Rare","floor":24.0,"gold_loss":0.0,"damage_taken":0.0},{"cards_removed":["All Out Attack"],"damage_healed":0.0,"max_hp_gain":0.0,"max_hp_loss":0.0,"gold_gain":0.0,"event_name":"Falling","player_choice":"Removed Attack","floor":36.0,"gold_loss":0.0,"damage_taken":0.0},{"damage_healed":0.0,"max_hp_gain":0.0,"max_hp_loss":0.0,"gold_gain":0.0,"event_name":"SensoryStone","player_choice":"Memory 1","floor":37.0,"gold_loss":0.0,"damage_taken":0.0},{"damage_healed":0.0,"max_hp_gain":0.0,"max_hp_loss":0.0,"gold_gain":0.0,"event_name":"MindBloom","player_choice":"Fight","floor":38.0,"gold_loss":0.0,"damage_taken":0.0},{"damage_healed":0.0,"max_hp_gain":0.0,"max_hp_loss":0.0,"gold_gain":0.0,"event_name":"Mysterious Sphere","player_choice":"Fight","floor":46.0,"gold_loss":0.0,"damage_taken":0.0}],"is_beta":false,"boss_relics":[{"not_picked":["Velvet Choker","Fusion Hammer"],"picked":"SacredBark"},{"not_picked":["Coffee Dripper","Philosopher\u0027s Stone"],"picked":"Busted Crown"}],"items_purged_floors":[8,20,54],"is_endless":false,"potions_floor_spawned":[1,4,12,13,19,31,33,38,42,46],"ascension_level":20}}