{"host":"59wnhi65kiwmnpg4","time":1609675342,"event":{"mods":["2.2 Compatiblity","AchievementEnabler","Act Like it!","BaseMod","BetterRewards","Challenge The Spire","Colored Map","Disable Question Mark Monsters","Hallownest","Minty Spire (QoL Compilation)","Relic Stats","StSLib"],"gold_per_floor":[109,119,139,139,139,139,172,196,221,259,259,282,282,359,359,449,449,473,473,492,510,528,564,564,219,219,255,276,315,340,359,359,453,453,472,495,515,536,295,329,47,47,47,112,132,146,59,97,97,97,97],"floor_reached":52,"playtime":4069,"items_purged":["Masterful Stab"],"score":2097,"play_id":"cb9d8612-73e9-4cd8-8b05-c9e3c5565b43","local_time":"20210103120222","daily_mods":["Draft","Diverse","Heirloom"],"is_ascension_mode":true,"campfire_choices":[{"data":"Uppercut","floor":6,"key":"SMITH"},{"data":"Fiend Fire","floor":11,"key":"SMITH"},{"data":"Disarm","floor":13,"key":"SMITH"},{"data":"Leg Sweep","floor":15,"key":"SMITH"},{"data":"Reinforced Body","floor":24,"key":"SMITH"},{"floor":32,"key":"REST"},{"data":"Footwork","floor":42,"key":"SMITH"},{"floor":49,"key":"REST"}],"circlet_count":0,"master_deck":["AscendersBane","Reinforced Body+1","BootSequence","Backflip","BowlingBash","Acrobatics","Headbutt","Stack","Clothesline","Uppercut+1","WheelKick","Swivel","Riddle With Holes","Riddle With Holes","Fiend Fire+1","Injury","Undo","Leg Sweep+1","Disarm+1","Conclude","Core Surge","Body Slam+1","EmptyBody+1","Establishment+1","Writhe","Protect","Immolate","Footwork+1","Corruption","Outmaneuver+1","Feed","Creative AI","Recycle","Scrawl"],"relics":["Snecko Eye","Prayer Wheel","Golden Idol","Ancient Tea Set","Centennial Puzzle","Akabeko","InkBottle","Astrolabe","MealTicket","Paper Frog","Mango","Ice Cream","Boot","Dead Branch","SacredBark","Orrery","Oddly Smooth Stone","Pantograph","Letter Opener","Charon\u0027s Ashes","Bronze Scales"],"acts_visited":["Exordium","TheCity","TheBeyond"],"potions_floor_usage":[7,16,27,50,50],"damage_taken":[{"damage":0,"enemies":"Small Slimes","floor":1,"turns":1},{"damage":0,"enemies":"Jaw Worm","floor":2,"turns":2},{"damage":0,"enemies":"2 Louse","floor":3,"turns":2},{"damage":12,"enemies":"3 Sentries","floor":7,"turns":4},{"damage":0,"enemies":"2 Fungi Beasts","floor":8,"turns":2},{"damage":6,"enemies":"Gremlin Nob","floor":10,"turns":3},{"damage":0,"enemies":"3 Louse","floor":12,"turns":1},{"damage":0,"enemies":"Slime Boss","floor":16,"turns":3},{"damage":0,"enemies":"Spheric Guardian","floor":18,"turns":1},{"damage":5,"enemies":"Shell Parasite","floor":20,"turns":3},{"damage":0,"enemies":"3 Cultists","floor":21,"turns":4},{"damage":14,"enemies":"Snake Plant","floor":22,"turns":2},{"damage":11,"enemies":"Slavers","floor":23,"turns":4},{"damage":5,"enemies":"Gremlin Leader","floor":27,"turns":2},{"damage":0,"enemies":"Snecko","floor":28,"turns":2},{"damage":19,"enemies":"Slavers","floor":29,"turns":2},{"damage":0,"enemies":"Centurion and Healer","floor":30,"turns":2},{"damage":1,"enemies":"Shelled Parasite and Fungi","floor":31,"turns":2},{"damage":26,"enemies":"Champ","floor":33,"turns":7},{"damage":0,"enemies":"Orb Walker","floor":35,"turns":3},{"damage":6,"enemies":"3 Darklings","floor":36,"turns":3},{"damage":12,"enemies":"Spire Growth","floor":37,"turns":3},{"damage":0,"enemies":"Jaw Worm Horde","floor":38,"turns":2},{"damage":6,"enemies":"Giant Head","floor":40,"turns":4},{"damage":2,"enemies":"2 Orb Walkers","floor":44,"turns":3},{"damage":32,"enemies":"4 Shapes","floor":45,"turns":3},{"damage":1,"enemies":"Writhing Mass","floor":46,"turns":2},{"damage":19,"enemies":"Reptomancer","floor":48,"turns":4},{"damage":4,"enemies":"Awakened One","floor":50,"turns":3},{"damage":5,"enemies":"Donu and Deca","floor":51,"turns":2}],"seed_played":"-6415953007877297119","potions_obtained":[{"floor":1,"key":"SmokeBomb"},{"floor":2,"key":"SteroidPotion"},{"floor":3,"key":"Fruit Juice"},{"floor":7,"key":"Block Potion"},{"floor":16,"key":"LiquidBronze"},{"floor":20,"key":"DuplicationPotion"},{"floor":21,"key":"DuplicationPotion"},{"floor":27,"key":"BlessingOfTheForge"},{"floor":33,"key":"Strength Potion"}],"is_trial":true,"path_per_floor":["M","M","M","?","?","R","E","M","T","E","R","M","R","T","R","B",null,"M","?","M","M","M","E","R","$","T","E","M","E","M","M","R","B",null,"M","M","M","M","$","E","$","R","T","?","M","M","$","E","R","B","B",null],"character_chosen":"IRONCLAD","items_purchased":["Mango","Orrery","Pantograph","Scrawl"],"campfire_rested":2,"item_purchase_floors":[25,39,41,47],"current_hp_per_floor":[68,68,68,73,73,73,66,66,66,60,60,60,60,60,60,60,79,79,79,74,74,60,49,49,78,78,73,73,54,54,53,82,56,88,88,82,73,73,88,82,97,97,97,95,63,65,80,61,92,104,103],"gold":97,"neow_bonus":"","is_daily":false,"chose_seed":false,"campfire_upgraded":6,"win_rate":0.0,"timestamp":1609675342,"path_taken":["M","M","M","?","?","R","E","M","T","E","R","M","R","?","R","BOSS","M","?","M","M","M","E","R","$","T","E","M","E","M","M","R","BOSS","M","M","M","M","$","E","$","R","T","?","M","M","?","E","R","BOSS","BOSS"],"items_purchased_type":["Relic","Relic","Relic","Card"],"build_version":"2020-12-22","purchased_purges":1,"victory":true,"max_hp_per_floor":[75,75,75,80,80,80,85,85,85,85,85,85,85,85,85,85,85,85,85,85,85,85,85,85,99,99,99,99,99,99,99,99,99,99,99,99,102,102,102,102,102,102,102,102,102,105,105,105,105,108,108],"relic_stats":{"counters":[30,81],"Golden Idol":204,"Astrolabe":["Body Slam","EmptyBody","Establishment"],"Dead Branch":[184],"Charon\u0027s Ashes":[451],"Letter Opener":[173],"Boot":[65],"Centennial Puzzle":[51],"Pantograph":17,"Bronze Scales":[9],"Snecko Eye":[163,161,184,144],"Prayer Wheel":18,"MealTicket":60,"obtain_stats":[{"Ice Cream":26,"Golden Idol":5,"Astrolabe":17,"Dead Branch":29,"SacredBark":34,"Oddly Smooth Stone":40,"Mango":25,"Charon\u0027s Ashes":44,"Letter Opener":43,"Ancient Tea Set":7,"Boot":27,"Akabeko":10,"Centennial Puzzle":9,"Pantograph":41,"Bronze Scales":48,"Snecko Eye":0,"Orrery":39,"Prayer Wheel":0,"MealTicket":19,"InkBottle":14,"Paper Frog":23},{"Ice Cream":13,"Golden Idol":3,"Astrolabe":8,"Dead Branch":16,"SacredBark":19,"Oddly Smooth Stone":24,"Mango":13,"Charon\u0027s Ashes":25,"Letter Opener":24,"Ancient Tea Set":4,"Boot":14,"Akabeko":6,"Centennial Puzzle":5,"Pantograph":24,"Bronze Scales":28,"Snecko Eye":0,"Orrery":23,"Prayer Wheel":0,"MealTicket":9,"InkBottle":7,"Paper Frog":13},{"Ice Cream":32,"Golden Idol":5,"Astrolabe":18,"Dead Branch":38,"SacredBark":49,"Oddly Smooth Stone":64,"Mango":32,"Charon\u0027s Ashes":67,"Letter Opener":64,"Ancient Tea Set":9,"Boot":34,"Akabeko":14,"Centennial Puzzle":11,"Pantograph":64,"Bronze Scales":76,"Snecko Eye":0,"Orrery":60,"Prayer Wheel":0,"MealTicket":19,"InkBottle":15,"Paper Frog":32}],"InkBottle":[33]},"card_choices":[{"not_picked":["Quick Slash","Turbo"],"picked":"Reinforced Body","floor":0},{"not_picked":["Static Discharge","Slice"],"picked":"BootSequence","floor":0},{"not_picked":["Body Slam","Fire Breathing"],"picked":"Shrug It Off","floor":0},{"not_picked":["Static Discharge","CrushJoints"],"picked":"Backflip","floor":0},{"not_picked":["Consecrate","Deflect"],"picked":"BowlingBash","floor":0},{"not_picked":["JustLucky","Fasting2"],"picked":"Stack","floor":0},{"not_picked":["Backflip","Second Wind"],"picked":"Acrobatics","floor":0},{"not_picked":["Barrage","White Noise"],"picked":"Headbutt","floor":0},{"not_picked":["Outmaneuver","JustLucky"],"picked":"Stack","floor":0},{"not_picked":["Leap","Adaptation"],"picked":"Masterful Stab","floor":0},{"not_picked":["SashWhip","Slice"],"picked":"Riddle With Holes","floor":0},{"not_picked":["EmptyBody","Wild Strike"],"picked":"Clothesline","floor":0},{"not_picked":["Study","Chaos"],"picked":"Uppercut","floor":0},{"not_picked":["Sucker Punch","Steam"],"picked":"WheelKick","floor":0},{"not_picked":["Darkness","Poisoned Stab"],"picked":"Swivel","floor":0},{"not_picked":["True Grit","Headbutt"],"picked":"Riddle With Holes","floor":1},{"not_picked":["Crescendo","True Grit","Backflip"],"picked":"SKIP","floor":1},{"not_picked":["Streamline","Iron Wave"],"picked":"Riddle With Holes","floor":2},{"not_picked":["Ball Lightning","Deadly Poison","Deflect"],"picked":"SKIP","floor":2},{"not_picked":["Beam Cell","Aggregate"],"picked":"Fiend Fire","floor":3},{"not_picked":["Chill","Sword Boomerang","True Grit"],"picked":"SKIP","floor":3},{"not_picked":["SashWhip","FlurryOfBlows"],"picked":"Undo","floor":7},{"not_picked":["Defragment","Go for the Eyes"],"picked":"Leg Sweep","floor":8},{"not_picked":["Coolheaded","Armaments","Warcry"],"picked":"SKIP","floor":8},{"not_picked":["Slice","PathToVictory"],"picked":"Disarm","floor":10},{"not_picked":["Quick Slash","Havoc"],"picked":"Conclude","floor":12},{"not_picked":["Barrage","Blade Dance","Sucker Punch"],"picked":"SKIP","floor":12},{"not_picked":["Amplify","Judgement"],"picked":"Core Surge","floor":16},{"not_picked":["Tantrum","Heatsinks","Backflip"],"picked":"SKIP","floor":18},{"not_picked":["SandsOfTime","Turbo","Deadly Poison"],"picked":"SKIP","floor":18},{"not_picked":["Beam Cell","Worship+1","Thunderclap"],"picked":"SKIP","floor":20},{"not_picked":["Outmaneuver","Wireheading","Backflip"],"picked":"SKIP","floor":20},{"not_picked":["Undo","Searing Blow+1","Backflip"],"picked":"SKIP","floor":21},{"not_picked":["FollowUp","Cleave","Blade Dance+1"],"picked":"SKIP","floor":21},{"not_picked":["EmptyBody+1","ClearTheMind"],"picked":"Protect","floor":22},{"not_picked":["Darkness+1","Acrobatics","Cleave"],"picked":"SKIP","floor":22},{"not_picked":["MentalFortress","Consecrate"],"picked":"Immolate","floor":23},{"not_picked":["Acrobatics","WreathOfFlame","Go for the Eyes"],"picked":"SKIP","floor":27},{"not_picked":["Beam Cell+1","ReachHeaven","Rampage"],"picked":"SKIP","floor":28},{"not_picked":["ThirdEye","TalkToTheHand","Capacitor"],"picked":"SKIP","floor":28},{"not_picked":["Prepared","Exhume","Dagger Spray"],"picked":"SKIP","floor":29},{"not_picked":["EmptyBody","Crescendo","Sentinel"],"picked":"SKIP","floor":30},{"not_picked":["Deflect","Armaments","Predator"],"picked":"SKIP","floor":30},{"not_picked":["Consecrate","Headbutt"],"picked":"Footwork","floor":31},{"not_picked":["Flying Knee","Headbutt+1","Halt"],"picked":"SKIP","floor":31},{"not_picked":["Reboot","A Thousand Cuts"],"picked":"Corruption","floor":33},{"not_picked":["Infernal Blade+1","Cold Snap","Reflex"],"picked":"SKIP","floor":35},{"not_picked":["Evaluate+1","Sucker Punch","Outmaneuver+1"],"picked":"SKIP","floor":35},{"not_picked":["Evaluate+1","Sucker Punch"],"picked":"Outmaneuver+1","floor":35},{"not_picked":["Infernal Blade+1","Cold Snap","Reflex"],"picked":"SKIP","floor":35},{"not_picked":["Combust","FlyingSleeves"],"picked":"Feed","floor":36},{"not_picked":["Worship","Clash+1","Dodge and Roll"],"picked":"SKIP","floor":36},{"not_picked":["Backstab","Twin Strike","Anger"],"picked":"SKIP","floor":37},{"not_picked":["Anger+1","Doom and Gloom","Turbo"],"picked":"SKIP","floor":37},{"not_picked":["Rampage","Heavy Blade","Anger"],"picked":"SKIP","floor":38},{"not_picked":["Pommel Strike+1","Quick Slash","Seeing Red"],"picked":"SKIP","floor":38},{"not_picked":["Sucker Punch+1","Genetic Algorithm"],"picked":"Creative AI","floor":39},{"not_picked":["ThirdEye+1","Heavy Blade","Choke"],"picked":"SKIP","floor":40},{"not_picked":["Accuracy","Heavy Blade"],"picked":"Recycle","floor":44},{"not_picked":["Beam Cell","EmptyBody","Flying Knee"],"picked":"SKIP","floor":45},{"not_picked":["LikeWater","Anger","Predator"],"picked":"SKIP","floor":45},{"not_picked":["Evaluate","BootSequence","Ball Lightning"],"picked":"SKIP","floor":46},{"not_picked":["Blade Dance+1","Indignation","Self Repair"],"picked":"SKIP","floor":46},{"not_picked":["Evolve","Fire Breathing","BattleHymn"],"picked":"SKIP","floor":48}],"player_experience":802660,"relics_obtained":[{"floor":7,"key":"Ancient Tea Set"},{"floor":9,"key":"Centennial Puzzle"},{"floor":10,"key":"Akabeko"},{"floor":14,"key":"InkBottle"},{"floor":23,"key":"Paper Frog"},{"floor":26,"key":"Ice Cream"},{"floor":27,"key":"Boot"},{"floor":29,"key":"Dead Branch"},{"floor":40,"key":"Oddly Smooth Stone"},{"floor":43,"key":"Letter Opener"},{"floor":44,"key":"Charon\u0027s Ashes"},{"floor":48,"key":"Bronze Scales"}],"event_choices":[{"damage_healed":0,"gold_gain":0,"player_choice":"Donut","damage_taken":0,"max_hp_gain":5,"max_hp_loss":0,"event_name":"Big Fish","floor":4,"gold_loss":0},{"damage_healed":0,"gold_gain":0,"player_choice":"Take Wound","damage_taken":0,"relics_obtained":["Golden Idol"],"max_hp_gain":0,"max_hp_loss":0,"event_name":"Golden Idol","floor":5,"gold_loss":0,"cards_obtained":["Injury"]},{"damage_healed":0,"gold_gain":0,"player_choice":"Opened","damage_taken":0,"relics_obtained":["MealTicket"],"max_hp_gain":0,"max_hp_loss":0,"event_name":"The Mausoleum","floor":19,"gold_loss":0,"cards_obtained":["Writhe"]},{"damage_healed":0,"gold_gain":0,"player_choice":"Fight","damage_taken":0,"max_hp_gain":0,"max_hp_loss":0,"event_name":"Mysterious Sphere","floor":44,"gold_loss":0}],"is_beta":false,"boss_relics":[{"not_picked":["Busted Crown","Cursed Key"],"picked":"Astrolabe"},{"not_picked":["SlaversCollar","Mark of Pain"],"picked":"SacredBark"}],"items_purged_floors":[39],"is_endless":false,"potions_floor_spawned":[1,2,3,7,16,20,21,23,27,28,33,35,37,40,48],"ascension_level":20}}