{"host":"yvlk1m4foro8gl4v","time":1609646756,"event":{"mods":["AchievementEnabler","Act Like it!","BaseMod","Minty Spire (QoL Compilation)","Relic Stats","StSLib","The Servant 0.9.4","Uncapped"],"gold_per_floor":[129,30,68,143,318,318,268,268,268,327,327,397,397,244,244,244,244],"floor_reached":16,"playtime":613,"items_purged":["Regret","Regret"],"score":158,"play_id":"a8dabe75-a516-416a-86c4-f665f140d39d","local_time":"20210103040556","is_ascension_mode":true,"campfire_choices":[{"data":"HandOfGreed","floor":6,"key":"SMITH"},{"data":"Neutralize","floor":8,"key":"SMITH"},{"floor":11,"key":"REST"},{"data":"Flechettes","floor":15,"key":"SMITH"}],"circlet_count":0,"master_deck":["AscendersBane","Strike_G","Strike_G","Strike_G","Strike_G","Strike_G","Defend_G","Defend_G","Defend_G","Defend_G","Defend_G","Survivor","Neutralize+1","HandOfGreed+1","Backflip","Poisoned Stab","Flechettes+1","PiercingWail"],"relics":["Ring of the Snake","Singing Bowl","Du-Vu Doll","Centennial Puzzle"],"acts_visited":["Exordium"],"potions_floor_usage":[10],"damage_taken":[{"damage":8,"enemies":"Jaw Worm","floor":1,"turns":5},{"damage":0,"enemies":"Small Slimes","floor":3,"turns":3},{"damage":24,"enemies":"Gremlin Nob","floor":10,"turns":4},{"damage":0,"enemies":"2 Louse","floor":12,"turns":6},{"damage":46,"enemies":"Hexaghost","floor":16,"turns":9}],"seed_played":"-7797659254965881829","potions_obtained":[{"floor":1,"key":"ColorlessPotion"}],"is_trial":false,"path_per_floor":["M","$","M","?","?","R","?","R","T","E","R","M","?","$","R","B"],"character_chosen":"THE_SILENT","items_purchased":["Poisoned Stab","PiercingWail"],"campfire_rested":1,"item_purchase_floors":[2,14],"current_hp_per_floor":[55,55,55,44,44,44,44,44,44,22,43,43,43,43,43,0,0],"gold":244,"neow_bonus":"RANDOM_COLORLESS_2","is_daily":false,"chose_seed":false,"campfire_upgraded":3,"win_rate":0.0,"timestamp":1609646756,"path_taken":["M","$","M","?","?","R","?","R","T","E","R","M","?","$","R","BOSS"],"items_purchased_type":["Card","Card"],"build_version":"2020-12-22","purchased_purges":2,"victory":false,"max_hp_per_floor":[70,70,70,70,70,70,70,70,70,72,72,72,72,72,72,72,72],"relic_stats":{"Centennial Puzzle":[3],"Singing Bowl":2,"counters":[5,27],"obtain_stats":[{"Du-Vu Doll":10,"Centennial Puzzle":13,"Singing Bowl":9,"Ring of the Snake":0},{"Du-Vu Doll":3,"Centennial Puzzle":4,"Singing Bowl":2,"Ring of the Snake":0},{"Du-Vu Doll":12,"Centennial Puzzle":18,"Singing Bowl":8,"Ring of the Snake":0}],"Ring of the Snake":[10]},"card_choices":[{"not_picked":["Sadistic Nature","Panache"],"picked":"HandOfGreed","floor":0},{"not_picked":["Riddle With Holes","Blur"],"picked":"Backflip","floor":1},{"not_picked":["Underhanded Strike","Quick Slash","Bane"],"picked":"SKIP","floor":3},{"not_picked":["Flying Knee","Dagger Throw","All Out Attack"],"picked":"Singing Bowl","floor":10},{"not_picked":["Deflect","Bane"],"picked":"Flechettes","floor":12}],"player_experience":712683,"relics_obtained":[{"floor":9,"key":"Singing Bowl"},{"floor":10,"key":"Du-Vu Doll"}],"event_choices":[{"damage_healed":0,"gold_gain":75,"player_choice":"Gather Gold","damage_taken":11,"max_hp_gain":0,"max_hp_loss":0,"event_name":"World of Goop","floor":4,"gold_loss":0},{"damage_healed":0,"gold_gain":175,"player_choice":"AGREE","damage_taken":0,"max_hp_gain":0,"max_hp_loss":0,"event_name":"Liars Game","floor":5,"gold_loss":0,"cards_obtained":["Doubt"]},{"cards_removed":["Doubt"],"damage_healed":0,"gold_gain":0,"player_choice":"Card Removal","damage_taken":0,"max_hp_gain":0,"max_hp_loss":0,"event_name":"The Cleric","floor":7,"gold_loss":50},{"damage_healed":0,"gold_gain":0,"player_choice":"Box","damage_taken":0,"relics_obtained":["Centennial Puzzle"],"max_hp_gain":0,"max_hp_loss":0,"event_name":"Big Fish","floor":13,"gold_loss":0,"cards_obtained":["Regret"]}],"is_beta":false,"boss_relics":[],"items_purged_floors":[2,14],"is_endless":false,"potions_floor_spawned":[1],"killed_by":"Hexaghost","ascension_level":13}}