{"host":"g01l53quoe6lrer0","time":1609693633,"event":{"mods":["2.2 Compatiblity","AchievementEnabler","BaseMod","Colored Map","Highlight Path","Keyboard Shortcuts","Minty Spire (QoL Compilation)","Permanent Neow","Quick Restart","StSLib","SuperFastMode","everything is the same but u backflip on backflip"],"gold_per_floor":[114,114,114,189,205,205,224,224,224,244,277,277,304,314,314,314,314],"floor_reached":16,"playtime":612,"items_purged":[],"score":149,"play_id":"af80cb6f-1c3d-4c66-8538-538f39f9f015","local_time":"20210104020713","is_ascension_mode":true,"campfire_choices":[{"data":"Zap","floor":6.0,"key":"SMITH"},{"data":"Reprogram","floor":8.0,"key":"SMITH"},{"data":"All For One","floor":12,"key":"SMITH"},{"floor":15,"key":"REST"}],"circlet_count":0,"master_deck":["Strike_B","Strike_B","Strike_B","Strike_B","Defend_B","Defend_B+1","Defend_B","Defend_B","Zap+1","Dualcast+1","All For One+1","Reprogram+1","Steam Power","Steam","Beam Cell"],"relics":["Cracked Core","Singing Bowl","Darkstone Periapt","Oddly Smooth Stone","Question Card"],"acts_visited":["Exordium"],"potions_floor_usage":[],"damage_taken":[{"damage":10.0,"enemies":"Small Slimes","floor":1.0,"turns":3.0},{"damage":0.0,"enemies":"2 Louse","floor":5.0,"turns":1.0},{"damage":0.0,"enemies":"Cultist","floor":7.0,"turns":2.0},{"damage":9.0,"enemies":"2 Fungi Beasts","floor":10.0,"turns":3.0},{"damage":0.0,"enemies":"3 Sentries","floor":11.0,"turns":4.0},{"damage":20,"enemies":"Lagavulin","floor":13,"turns":7},{"damage":0,"enemies":"Blue Slaver","floor":14,"turns":3},{"damage":40,"enemies":"Hexaghost","floor":16,"turns":8}],"seed_played":"-5447776508101420590","potions_obtained":[{"floor":1.0,"key":"Swift Potion"},{"floor":10.0,"key":"Explosive Potion"}],"is_trial":false,"path_per_floor":["M","?","?","?","M","R","M","R","T","M","E","R","E","M","R","B"],"character_chosen":"DEFECT","items_purchased":[],"campfire_rested":1,"item_purchase_floors":[],"current_hp_per_floor":[58,55,41,35,35,35,37,37,37,28,30,30,12,12,34,0,0],"gold":314,"neow_bonus":"THREE_RARE_CARDS","is_daily":false,"chose_seed":false,"campfire_upgraded":3,"win_rate":0.0,"timestamp":1609693633,"path_taken":["M","?","?","?","M","R","M","R","T","M","E","R","E","?","R","BOSS"],"items_purchased_type":[],"build_version":"2020-12-22","purchased_purges":0,"victory":false,"max_hp_per_floor":[68,68,68,68,68,68,70,70,70,70,72,72,74,74,74,74,74],"card_choices":[{"not_picked":["Echo Form","Seek"],"picked":"All For One","floor":0.0},{"not_picked":["Coolheaded","Ball Lightning"],"picked":"Reprogram","floor":1.0},{"not_picked":["Leap","Ball Lightning"],"picked":"Steam Power","floor":5.0},{"not_picked":["Redo","Reprogram","Steam"],"picked":"Singing Bowl","floor":7.0},{"not_picked":["Streamline","Hologram"],"picked":"Steam","floor":10.0},{"not_picked":["Barrage","Compile Driver","Leap"],"picked":"Singing Bowl","floor":11},{"not_picked":["Coolheaded","Steam Power","Compile Driver"],"picked":"Singing Bowl","floor":13},{"not_picked":["Lockon","White Noise","Hello World"],"picked":"Beam Cell","floor":14}],"player_experience":53659,"relics_obtained":[{"floor":9.0,"key":"Darkstone Periapt"},{"floor":11,"key":"Oddly Smooth Stone"},{"floor":13,"key":"Question Card"}],"event_choices":[{"damage_healed":0.0,"max_hp_gain":0.0,"max_hp_loss":0.0,"gold_gain":0.0,"event_name":"Scrap Ooze","player_choice":"Success","floor":2.0,"gold_loss":0.0,"damage_taken":3.0,"relics_obtained":["Singing Bowl"]},{"damage_healed":0.0,"max_hp_gain":0.0,"max_hp_loss":0.0,"gold_gain":0.0,"event_name":"Shining Light","player_choice":"Entered Light","floor":3.0,"gold_loss":0.0,"damage_taken":14.0,"cards_upgraded":["Dualcast","Defend_B"]},{"damage_healed":0.0,"max_hp_gain":0.0,"max_hp_loss":0.0,"gold_gain":75.0,"event_name":"FaceTrader","player_choice":"Touch","floor":4.0,"gold_loss":0.0,"damage_taken":6.0}],"is_beta":false,"boss_relics":[],"items_purged_floors":[],"is_endless":false,"potions_floor_spawned":[1,10],"killed_by":"Hexaghost","ascension_level":2}}