{"host":"28bpuzdckreop5i0","time":1609648256,"event":{"mods":["Act Like it!","Aspiration","BaseMod","Beaked The Cultist","Best Route Mod","BetterRewards","Challenge The Spire","Conspire","Defuse TimeMaze Blight","Downfall","Energized Spire","GifTheSpireLib","Googly Eyes","Hubris","Infinite Spire","Lobotomy","Mimic Mod","Minty Spire (QoL Compilation)","Relic Stats","Shop Mod","Spicy Shops","StSLib","Stuff the Spire","The Awakened One except there are too many feathers","The Construct","The Cursed","The Disciple","The Hierophant","The IronCluck","The Jungle","Thieving Mod","Transform Curses","Wandering Minibosses","slay the spire mod where everything is the same but ironclad has a cowboy hat"],"gold_per_floor":[114,134,134,150,150,150,169,169,192,221,221,221,252,11,11,11,11],"floor_reached":16,"playtime":710,"items_purged":["construct:ModeShift+1"],"score":100,"play_id":"a5b475ce-c422-4478-b73f-69792c569c32","local_time":"20210102223056","is_ascension_mode":false,"campfire_choices":[{"data":"construct:ModeShift","floor":6,"key":"SMITH"},{"data":"construct:Tumble","floor":8,"key":"SMITH"},{"floor":11,"key":"REST"},{"floor":15,"key":"REST"}],"circlet_count":0,"master_deck":["construct:Strike_Gold","construct:Strike_Gold","construct:Strike_Gold","construct:Strike_Gold","construct:Strike_Gold","construct:Defend_Gold","construct:Defend_Gold","construct:Defend_Gold","construct:Defend_Gold","construct:Defend_Gold","construct:AttackMode","construct:DefenseMode","construct:Failsafe","construct:SyphonStrike","construct:Tumble+1","construct:Tumble","construct:PointDefense","construct:Defend_Gold"],"relics":["Sozu","CeramicFish","hubris:Icosahedron","Kunai","DollysMirror"],"acts_visited":["Exordium"],"potions_floor_usage":[],"damage_taken":[{"damage":12,"enemies":"Jaw Worm","floor":1,"turns":3},{"damage":4,"enemies":"conspire:RoseBush","floor":2,"turns":3},{"damage":0,"enemies":"2 Louse","floor":4,"turns":4},{"damage":17,"enemies":"2 Fungi Beasts","floor":7,"turns":5},{"damage":26,"enemies":"Exordium Thugs","floor":10,"turns":6},{"damage":23,"enemies":"Gremlin Nob","floor":13,"turns":4},{"damage":53,"enemies":"The Guardian","floor":16,"turns":5}],"seed_played":"-3905304807212357266","potions_obtained":[],"is_trial":false,"path_per_floor":["M","M","?","M","?","R","M","R","T","M","R","?","E","$","R","B"],"character_chosen":"THE_CONSTRUCT_MOD","items_purchased":["construct:PointDefense","DollysMirror"],"campfire_rested":2,"item_purchase_floors":[14,14],"current_hp_per_floor":[73,69,69,69,69,69,52,52,52,26,51,51,28,28,53,0,0],"gold":11,"neow_bonus":"BOSS_RELIC","is_daily":false,"chose_seed":false,"campfire_upgraded":2,"win_rate":0.0,"timestamp":1609648256,"path_taken":["M","M","?","M","?","R","M","R","T","M","R","?","E","$","R","BOSS"],"items_purchased_type":["Card","Relic"],"build_version":"2020-12-22","purchased_purges":1,"victory":false,"max_hp_per_floor":[85,85,85,85,85,85,85,85,85,85,85,85,85,85,85,85,85],"relic_stats":{"Sozu":2,"counters":[7,30],"CeramicFish":27,"Kunai":[3],"obtain_stats":[{"Sozu":0,"hubris:Icosahedron":12,"DollysMirror":14,"construct:Cogwheel":0,"CeramicFish":9,"Kunai":13},{"Sozu":0,"hubris:Icosahedron":5,"DollysMirror":6,"construct:Cogwheel":0,"CeramicFish":4,"Kunai":6},{"Sozu":0,"hubris:Icosahedron":21,"DollysMirror":25,"construct:Cogwheel":0,"CeramicFish":15,"Kunai":25}]},"card_choices":[{"not_picked":["construct:FocusedBeam","construct:FierceBash","construct:Forcefield"],"picked":"SKIP","floor":1},{"not_picked":["construct:Enhance","construct:Boost"],"picked":"construct:ModeShift","floor":2},{"not_picked":["construct:Analyze","construct:Backfire"],"picked":"construct:SyphonStrike","floor":4},{"not_picked":["construct:Antimatter","construct:Enhance"],"picked":"construct:Tumble","floor":7},{"not_picked":["construct:ShiftGuard","construct:Backfire"],"picked":"construct:Tumble","floor":10},{"not_picked":["construct:SaveState","construct:Backfire","construct:OneWayMirror"],"picked":"SKIP","floor":13}],"player_experience":946434,"relics_obtained":[{"floor":9,"key":"CeramicFish"},{"floor":13,"key":"Kunai"}],"event_choices":[{"damage_healed":0,"gold_gain":0,"player_choice":"Disagree","damage_taken":0,"max_hp_gain":0,"max_hp_loss":0,"event_name":"conspire:LoneGhost","floor":5,"gold_loss":0}],"is_beta":false,"boss_relics":[],"items_purged_floors":[14],"is_endless":false,"potions_floor_spawned":[1,13],"killed_by":"The Guardian","ascension_level":0}}