{"host":"5e0jz0sn42a2vhx9","time":1609653137,"event":{"mods":["BaseMod","Lobotomy","Minty Spire (QoL Compilation)"],"gold_per_floor":[9999,9999,9999,10012,9045,9086,9086,9126,9126,9126,9150,9150,9164,8225,8225,8353,8353,8377,8377,8377,7598,7611,7611,7649,7668,7718,7371,7371,7371,7371,7391,7391,7514,7514,7514,7532,7021,7085,7108,7108,6512,6512,6512,6535,6598,6623,6623,6648,6648,6648,6648],"floor_reached":50,"playtime":2672,"items_purged":["Injury","Reprogram","Apo_Charge","Apo_Beam"],"score":732,"play_id":"d5ac6daa-7c2a-4db4-bd9b-1814b24fe03c","local_time":"20210103135217","is_ascension_mode":true,"campfire_choices":[{"floor":7.0,"key":"RECALL"},{"floor":10,"key":"REST"},{"data":"Loop","floor":12,"key":"SMITH"},{"floor":15,"key":"REST"},{"data":"Storm","floor":23,"key":"SMITH"},{"floor":29,"key":"REST"},{"data":"Rainbow","floor":32,"key":"SMITH"},{"floor":40,"key":"REST"},{"data":"1","floor":47,"key":"LIFT"},{"data":"2","floor":49,"key":"LIFT"}],"circlet_count":0,"master_deck":["Apo_Pray","Apo_SoulSlash","Apo_Charge","Apo_Charge","Apo_Charge","Apo_Beam","Apo_Beam","Apo_Execute","Apo_Slash","Apo_SoulSlash","MeltingLove","Turbo+1","Metamorphosis+1","HappyTeddy","Steam+1","Apotheosis+1","BootSequence+1","Cold Snap+1","Madness+1","Steam Power+1","Rudolta","Coolheaded+1","VoidDream","Defragment+1","OSAHOGD","FTL+1"],"relics":["Cracked Core","CogitoBucket","Golden Idol","Peace Pipe","Bottled Tornado","Orrery","MealTicket","Orichalcum","FleshIdol","Regal Pillow","DataDisk","TheAbacus","Pandora\u0027s Box","Matryoshka","PreservedInsect","Membership Card","Tiny Chest","AdjustmentMirror","Toxic Egg 2","Happy Flower","Bottled Lightning","Ice Cream","Cauldron","Emotion Chip","Philosopher\u0027s Stone","ApostleMask","Molten Egg 2","Lee\u0027s Waffle","Girya","WingedGreaves","Darkstone Periapt","Dream Catcher","Pen Nib","Mercury Hourglass","Strange Spoon","Cables","AtMidnight","ChangeAnything","Turnip","War Paint"],"acts_visited":["Exordium","TheCity","TheBeyond"],"potions_floor_usage":[13,16,16,16,25,38,44,44,46,46],"damage_taken":[{"damage":0.0,"enemies":"Cultist","floor":1.0,"turns":4.0},{"damage":6.0,"enemies":"2 Louse","floor":4.0,"turns":3.0},{"damage":3.0,"enemies":"Lagavulin","floor":6.0,"turns":6.0},{"damage":32,"enemies":"Gremlin Nob","floor":8,"turns":4},{"damage":8,"enemies":"Small Slimes","floor":11,"turns":2},{"damage":12,"enemies":"3 Louse","floor":13,"turns":3},{"damage":40,"enemies":"Hexaghost","floor":16,"turns":10},{"damage":14,"enemies":"3 Byrds","floor":18,"turns":3},{"damage":22,"enemies":"Shell Parasite","floor":22,"turns":3},{"damage":39,"enemies":"Book of Stabbing","floor":24,"turns":5},{"damage":23,"enemies":"Snake Plant","floor":25,"turns":3},{"damage":35,"enemies":"Shelled Parasite and Fungi","floor":31,"turns":4},{"damage":33,"enemies":"Automaton","floor":33,"turns":6},{"damage":13,"enemies":"Orb Walker","floor":36,"turns":2},{"damage":8,"enemies":"2 Orb Walkers","floor":38,"turns":2},{"damage":14,"enemies":"3 Darklings","floor":44,"turns":3},{"damage":5,"enemies":"Mind Bloom Boss Battle","floor":45,"turns":2},{"damage":6,"enemies":"4 Shapes","floor":46,"turns":2},{"damage":10,"enemies":"Time Eater","floor":50,"turns":1}],"seed_played":"6491755415728692060","potions_obtained":[{"floor":4.0,"key":"Weak Potion"},{"floor":8,"key":"Ancient Potion"},{"floor":11,"key":"CultistPotion"},{"floor":16,"key":"SteroidPotion"},{"floor":25,"key":"Fire Potion"},{"floor":27,"key":"PowerPotion"},{"floor":27,"key":"SkillPotion"},{"floor":31,"key":"FocusPotion"},{"floor":45,"key":"Fire Potion"},{"floor":46,"key":"Fire Potion"}],"is_trial":false,"path_per_floor":["M","?","?","M","$","E","R","E","T","R","M","R","M","$","R","B",null,"M","?","?","$","M","R","E","M","T","$","?","R","?","M","R","B",null,"M","M","$","?","T","R","$","?","T","M","?","M","R","T","R","B"],"character_chosen":"DEFECT","items_purchased":["Loop","Master of Strategy","Peace Pipe","Bottled Tornado","Orrery","Regal Pillow","DataDisk","TheAbacus","AttackPotion","DuplicationPotion","Magnetism","Hello World","Leap","Storm","Turbo","Matryoshka","PreservedInsect","Membership Card","PotionOfCapacity","Weak Potion","Bottled Lightning","Ice Cream","Cauldron","Molten Egg 2","Lee\u0027s Waffle","Girya","Metamorphosis+1","Apotheosis+1","Pen Nib","Mercury Hourglass","Strange Spoon","PowerPotion","BootSequence+1","Cold Snap+1","Madness+1","Steam Power+1"],"campfire_rested":4,"item_purchase_floors":[5,5,5,5,5,14,14,14,14,14,14,14,14,21,21,21,21,21,21,21,27,27,27,37,37,37,37,41,41,41,41,41,41,41,41,41],"current_hp_per_floor":[68,68,68,62,62,59,59,27,27,49,41,41,29,44,75,75,75,67,67,67,75,60,60,46,29,29,44,44,75,69,50,50,58,71,52,39,39,31,31,31,31,31,31,17,12,6,6,6,6,0,0],"gold":6648,"neow_bonus":"","is_daily":false,"chose_seed":false,"campfire_upgraded":3,"win_rate":0.0,"timestamp":1609653137,"path_taken":["M","?","?","M","$","E","R","E","T","R","?","R","M","$","R","BOSS","M","?","?","$","M","R","E","M","T","$","?","R","?","M","R","BOSS","M","M","$","?","?","R","$","?","T","?","?","M","R","?","R","BOSS"],"items_purchased_type":["Card","Card","Relic","Relic","Relic","Relic","Relic","Relic","Potion","Potion","Card","Card","Card","Card","Card","Relic","Relic","Relic","Potion","Potion","Relic","Relic","Relic","Relic","Relic","Relic","Card","Card","Relic","Relic","Relic","Potion","Card","Card","Card","Card"],"build_version":"2020-12-22","purchased_purges":4,"victory":false,"max_hp_per_floor":[75,75,75,75,75,75,75,75,75,75,75,75,75,75,75,75,75,75,75,75,75,75,75,75,75,75,75,75,75,75,75,75,75,75,75,75,82,82,82,82,82,82,82,82,82,82,82,82,82,82,82],"card_choices":[{"not_picked":["Wellcheers","BeautyBeast"],"picked":"Murderer","floor":1.0},{"not_picked":["Cold Snap","Blizzard"],"picked":"Turbo","floor":1.0},{"not_picked":["SpiderBud","Rudolta"],"picked":"VoidDream","floor":4.0},{"not_picked":["Ball Lightning","Steam"],"picked":"Capacitor","floor":4.0},{"not_picked":["Conserve Battery","Compile Driver"],"picked":"Thunder Strike","floor":5.0},{"not_picked":["Cold Snap","Self Repair"],"picked":"Electrodynamics","floor":5.0},{"not_picked":["Sweeping Beam","Beam Cell"],"picked":"Steam","floor":5.0},{"not_picked":["Undo","Thunder Strike"],"picked":"Glacier","floor":5.0},{"not_picked":["Go for the Eyes","Leap"],"picked":"Ball Lightning","floor":5.0},{"not_picked":["OldLady","SpiderBud","ShyLook"],"picked":"Singing Bowl","floor":6.0},{"not_picked":["OldLady","OSAHOGD"],"picked":"MHz","floor":6.0},{"not_picked":["Turbo","Steam"],"picked":"Fission","floor":6.0},{"not_picked":["QueenBee","Wellcheers"],"picked":"FairyFestival","floor":8},{"not_picked":["Gash","Sweeping Beam"],"picked":"Self Repair","floor":8},{"not_picked":["Reprogram","Barrage"],"picked":"Coolheaded","floor":11},{"not_picked":["Scorched","Wellcheers"],"picked":"DreamingCurrent","floor":13},{"not_picked":["Go for the Eyes","Hologram"],"picked":"Coolheaded","floor":13},{"not_picked":["DespairKnight","LaLuna"],"picked":"GalaxyChild","floor":16},{"not_picked":["All For One","Buffer"],"picked":"Rainbow","floor":16},{"not_picked":["QueenBee","OldLady"],"picked":"MeltingLove","floor":18},{"not_picked":["Hologram","Leap","Reinforced Body"],"picked":"SKIP","floor":18},{"not_picked":["OldLady","SnowQueen"],"picked":"SpiderBud","floor":22},{"not_picked":["Coolheaded","Beam Cell"],"picked":"White Noise","floor":22},{"not_picked":["CherryBlossoms","Funeral"],"picked":"OSAHOGD","floor":24},{"not_picked":["Blizzard+1","Hologram"],"picked":"Steam+1","floor":24},{"not_picked":["BeautyBeast","PunishingBird"],"picked":"PlagueDoctor","floor":25},{"not_picked":["Reinforced Body+1","Rip and Tear"],"picked":"FTL","floor":25},{"not_picked":["LittleHelper","CrumblingArmor"],"picked":"Mercenary","floor":31},{"not_picked":["Steam+1","Leap+1","Cold Snap"],"picked":"SKIP","floor":31},{"not_picked":["GreedKing","ShyLook"],"picked":"HappyTeddy","floor":33},{"not_picked":["Amplify+1","Seek+1"],"picked":"Creative AI","floor":33},{"not_picked":["Alriune","LittleHelper"],"picked":"MeltingLove","floor":36},{"not_picked":["Sunder+1","Streamline+1"],"picked":"Turbo+1","floor":36},{"not_picked":["Scorched","Woodsman"],"picked":"HappyTeddy","floor":38},{"not_picked":["Hologram+1","Reprogram+1"],"picked":"Steam+1","floor":40},{"not_picked":["QueenBee","Variant"],"picked":"Rudolta","floor":44},{"not_picked":["Beam Cell+1","Stack+1"],"picked":"Coolheaded+1","floor":44},{"not_picked":["SnowQueen","Scorched"],"picked":"VoidDream","floor":45},{"not_picked":["Rebound+1","Hologram+1"],"picked":"Defragment+1","floor":45},{"not_picked":["BlackSwan","LittleHelper"],"picked":"OSAHOGD","floor":46},{"not_picked":["Reinforced Body+1","Beam Cell+1"],"picked":"FTL+1","floor":46}],"player_experience":339266,"relics_obtained":[{"floor":6.0,"key":"MealTicket"},{"floor":8,"key":"Orichalcum"},{"floor":24,"key":"Tiny Chest"},{"floor":26,"key":"Toxic Egg 2"},{"floor":26,"key":"Happy Flower"},{"floor":38,"key":"WingedGreaves"},{"floor":39,"key":"Darkstone Periapt"},{"floor":39,"key":"Dream Catcher"},{"floor":43,"key":"Cables"},{"floor":44,"key":"AtMidnight"},{"floor":45,"key":"Turnip"},{"floor":48,"key":"War Paint"}],"event_choices":[{"damage_healed":0.0,"max_hp_gain":0.0,"max_hp_loss":0.0,"gold_gain":0.0,"event_name":"Golden Idol","player_choice":"Take Wound","floor":2.0,"gold_loss":0.0,"damage_taken":0.0,"relics_obtained":["Golden Idol"],"cards_obtained":["Injury"]},{"damage_healed":0.0,"max_hp_gain":0.0,"max_hp_loss":0.0,"gold_gain":0.0,"event_name":"Upgrade Shrine","player_choice":"Upgraded","floor":3.0,"gold_loss":0.0,"damage_taken":0.0,"cards_upgraded":["Zap"]},{"damage_healed":0,"gold_gain":0,"player_choice":"Ignored","damage_taken":0,"max_hp_gain":0,"max_hp_loss":0,"event_name":"Ghosts","floor":19,"gold_loss":0},{"cards_removed":["FairyFestival"],"damage_healed":0,"gold_gain":0,"player_choice":"Elegance","damage_taken":0,"max_hp_gain":0,"max_hp_loss":0,"event_name":"Back to Basics","floor":20,"gold_loss":0},{"damage_healed":0,"gold_gain":0,"player_choice":"Stole Relic","damage_taken":0,"relics_obtained":["Emotion Chip"],"max_hp_gain":0,"max_hp_loss":0,"event_name":"Addict","floor":28,"gold_loss":0,"cards_obtained":["Shame"]},{"damage_healed":0,"gold_gain":0,"player_choice":"Joined the Cult","damage_taken":6,"max_hp_gain":0,"max_hp_loss":0,"event_name":"Nest","floor":30,"gold_loss":0,"cards_obtained":["RitualDagger"]},{"damage_healed":0,"gold_gain":0,"player_choice":"Fight","damage_taken":0,"max_hp_gain":0,"max_hp_loss":0,"event_name":"Mysterious Sphere","floor":38,"gold_loss":0},{"cards_removed":["Apo_Slash"],"damage_healed":5,"gold_gain":0,"player_choice":"Offered Special","damage_taken":0,"max_hp_gain":0,"max_hp_loss":0,"event_name":"Bonfire Elementals","floor":42,"gold_loss":0},{"damage_healed":0,"gold_gain":0,"player_choice":"Fight","damage_taken":0,"max_hp_gain":0,"max_hp_loss":0,"event_name":"MindBloom","floor":45,"gold_loss":0}],"is_beta":false,"boss_relics":[{"not_picked":["Runic Pyramid","SacredBark"],"picked":"Pandora\u0027s Box"},{"not_picked":["SlaversCollar","Empty Cage"],"picked":"Philosopher\u0027s Stone"}],"items_purged_floors":[14,21,37,41],"is_endless":false,"potions_floor_spawned":[4,8,11,16,25,31,45,46],"killed_by":"Time Eater","ascension_level":8}}