{"host":"cmyud3of70k6t1eo","time":1609711409,"event":{"mods":["BaseMod","Colored Map","Conspire","Disable Question Mark Monsters","Energized Spire","Evolution","GungeonMod","Minty Spire (QoL Compilation)","Replay The Spire","SCP261 Mod","Shop Mod","StSLib","UnlockEverythingMod"],"gold_per_floor":[111,138,138,154,2,2,29,29,82,82,82,99,119,138,138,242,292,305,305,321,12,12,12,28,42,67,77,77,77,77,26,26,26,26],"floor_reached":33,"playtime":1568,"items_purged":[],"score":320,"play_id":"c228db5f-1914-44d7-a3f7-d68bcf52e675","local_time":"20210103170329","is_ascension_mode":false,"campfire_choices":[{"data":"Collect","floor":6.0,"key":"SMITH"},{"floor":15,"key":"REST"},{"data":"Blasphemy","floor":23,"key":"SMITH"},{"floor":28,"key":"REST"},{"data":"ForeignInfluence","floor":30,"key":"SMITH"},{"data":"BattleHymn","floor":32,"key":"SMITH"}],"circlet_count":0,"master_deck":["BowlingBash","BowlingBash","BowlingBash","Defend_P","Defend_P","Defend_P","Eruption+1","Vigilance","Consecrate","Blasphemy+1","Consecrate","FearNoEvil","Collect+1","FlurryOfBlows","ForeignInfluence+1","Steam","Indignation","FlurryOfBlows","Wallop","ConjureBlade","ReachHeaven","ThirdEye","FlurryOfBlows","FlurryOfBlows","Replay:LoomingThreat","Devotion","ClearTheMind","ReachHeaven","BattleHymn+1","BattleHymn"],"relics":["PureWater","EVO:Axolotl","Eternal Feather","DemoMod:MeltedRock","Toy Ornithopter","Tiny House","Bag of Marbles","Ancient Tea Set"],"acts_visited":["Exordium","TheCity"],"potions_floor_usage":[13,16,16,24,33,33],"damage_taken":[{"damage":0.0,"enemies":"Jaw Worm","floor":1.0,"turns":3.0},{"damage":24.0,"enemies":"conspire:MimicChest","floor":2.0,"turns":4.0},{"damage":0.0,"enemies":"2 Louse","floor":4.0,"turns":1.0},{"damage":23.0,"enemies":"Lagavulin","floor":7.0,"turns":5.0},{"damage":12.0,"enemies":"conspire:RoseBush","floor":12.0,"turns":2.0},{"damage":0,"enemies":"Looter","floor":13,"turns":1},{"damage":3,"enemies":"Blue Slaver","floor":14,"turns":2},{"damage":0,"enemies":"Slime Boss","floor":16,"turns":4},{"damage":11,"enemies":"Shell Parasite","floor":18,"turns":2},{"damage":0,"enemies":"3 Byrds","floor":20,"turns":3},{"damage":28,"enemies":"Snecko","floor":24,"turns":5},{"damage":18,"enemies":"Centurion and Healer","floor":25,"turns":5},{"damage":0,"enemies":"conspire:HollyBat","floor":27,"turns":5},{"damage":100027,"enemies":"Champ","floor":33,"turns":6}],"seed_played":"-4678080980470182271","potions_obtained":[{"floor":1.0,"key":"SCP261:ThunderBarPotion"},{"floor":7.0,"key":"SCP261:SweetSwarmPotion"},{"floor":13,"key":"SkillPotion"},{"floor":14,"key":"StancePotion"},{"floor":16,"key":"SkillPotion"},{"floor":17,"key":"Block Potion"},{"floor":18,"key":"StancePotion"},{"floor":27,"key":"SpeedPotion"}],"is_trial":false,"path_per_floor":["M","?","?","M","$","R","E","$","T","?","?","M","M","M","R","B",null,"M","?","M","$","?","R","M","M","T","M","R","?","R","$","R","B"],"character_chosen":"WATCHER","items_purchased":["FearNoEvil","Collect","Bag of Marbles","Replay:LoomingThreat","BattleHymn"],"campfire_rested":2,"item_purchase_floors":[5,5,21,21,31],"current_hp_per_floor":[79,55,55,55,55,64,41,41,41,41,41,29,34,31,63,73,84,73,73,73,73,73,84,61,43,43,43,83,83,84,84,84,0,0],"gold":26,"neow_bonus":"TEN_PERCENT_HP_BONUS","is_daily":false,"chose_seed":false,"campfire_upgraded":4,"win_rate":0.0,"timestamp":1609711409,"path_taken":["M","?","?","M","$","R","E","$","T","?","?","M","M","?","R","BOSS","M","?","M","$","?","R","M","M","T","M","R","?","R","$","R","BOSS"],"items_purchased_type":["Card","Card","Relic","Card","Card"],"build_version":"2020-12-22","purchased_purges":0,"victory":false,"max_hp_per_floor":[79,79,79,79,79,79,79,79,79,79,79,79,79,79,79,79,84,84,84,84,84,84,84,84,84,84,84,84,84,84,84,84,84,84],"card_choices":[{"not_picked":["Conclude","PathToVictory"],"picked":"Consecrate","floor":1.0},{"not_picked":["Fasting2","Crescendo"],"picked":"Blasphemy","floor":2.0},{"not_picked":["Protect","Replay:ManipulateFuture"],"picked":"Consecrate","floor":4.0},{"not_picked":["EmptyMind","Replay:ManipulateFuture"],"picked":"FlurryOfBlows","floor":7.0},{"not_picked":["Wireheading","Replay:Cycle"],"picked":"Indignation","floor":12.0},{"not_picked":["WindmillStrike","Sanctity"],"picked":"FlurryOfBlows","floor":13},{"not_picked":["Prostrate","Weave"],"picked":"Wallop","floor":14},{"not_picked":["Brilliance","DeusExMachina"],"picked":"ConjureBlade","floor":16},{"not_picked":["FlyingSleeves","Replay:BluntJabs"],"picked":"ReachHeaven","floor":17},{"not_picked":["SignatureMove","CutThroughFate+1"],"picked":"ThirdEye","floor":18},{"not_picked":["Conclude","Halt"],"picked":"FlurryOfBlows","floor":20},{"not_picked":["CrushJoints","SashWhip"],"picked":"Devotion","floor":24},{"not_picked":["Replay:BluntJabs","WheelKick"],"picked":"ClearTheMind","floor":25},{"not_picked":["Tantrum+1","FlyingSleeves"],"picked":"ReachHeaven","floor":27}],"player_experience":151054,"relics_obtained":[{"floor":2.0,"key":"Eternal Feather"},{"floor":7.0,"key":"DemoMod:MeltedRock"},{"floor":9.0,"key":"Toy Ornithopter"},{"floor":26,"key":"Ancient Tea Set"}],"event_choices":[{"damage_healed":0.0,"max_hp_gain":0.0,"max_hp_loss":0.0,"gold_gain":0.0,"event_name":"Golden Wing","player_choice":"Ignored","floor":3.0,"gold_loss":0.0,"damage_taken":0.0},{"damage_healed":0,"gold_gain":0,"player_choice":"Read","damage_taken":0,"max_hp_gain":0,"max_hp_loss":0,"event_name":"The Library","floor":19,"gold_loss":0,"cards_obtained":["FlurryOfBlows"]},{"damage_healed":0,"gold_gain":0,"player_choice":"Ignored","damage_taken":0,"max_hp_gain":0,"max_hp_loss":0,"event_name":"Ghosts","floor":22,"gold_loss":0},{"damage_healed":0,"gold_gain":0,"player_choice":"Ignored","damage_taken":0,"max_hp_gain":0,"max_hp_loss":0,"event_name":"The Mausoleum","floor":29,"gold_loss":0}],"is_beta":false,"boss_relics":[{"not_picked":["Replay:Wanted Poster","Cursed Key"],"picked":"Tiny House"}],"items_purged_floors":[],"is_endless":false,"potions_floor_spawned":[1,7,13,14,16,18,27],"killed_by":"Champ","ascension_level":0}}