{"host":"og6lam4kt3nibbw0","time":1609697355,"event":{"mods":["AchievementEnabler","BaseMod","Colored Map","DeckTracker","Highlight Path","Keyboard Shortcuts","Minty Spire (QoL Compilation)","Permanent Neow","Quick Restart","StSLib","SuperFastMode"],"gold_per_floor":[109,122,135,135,135,135,169,169,219,233,149,160,192,211,211,282,282,292,324,340,150,166,199,213,213,240,269,287,287,304,317,317,390,390,400,69,82,82,100,134,134,166,166,191,191,225,236,253,253,253,253,253,253,93,125,125,125],"floor_reached":56,"playtime":3575,"items_purged":[],"score":2182,"play_id":"b109ae79-a44c-4f6e-bbe7-51f5ed846fb4","local_time":"20210104030915","is_ascension_mode":true,"campfire_choices":[{"data":"Blizzard","floor":6.0,"key":"SMITH"},{"data":"Defragment","floor":8.0,"key":"SMITH"},{"data":"Defragment","floor":15.0,"key":"SMITH"},{"data":"Loop","floor":25.0,"key":"SMITH"},{"data":"Turbo","floor":29.0,"key":"SMITH"},{"data":"Biased Cognition","floor":32.0,"key":"SMITH"},{"data":"Coolheaded","floor":41.0,"key":"SMITH"},{"data":"Capacitor","floor":45.0,"key":"SMITH"},{"floor":49.0,"key":"RECALL"},{"data":"Glacier","floor":53.0,"key":"SMITH"}],"circlet_count":0,"master_deck":["Defragment+1","Blizzard+1","Chill","Glacier+1","Capacitor","Barrage","Dualcast","Coolheaded+1","Capacitor+1","Leap","Hologram","Static Discharge","Self Repair","Defragment+1","Biased Cognition+1","Auto Shields","Loop+1","Master of Strategy","Turbo+1","Coolheaded+1","Redo+1","Meteor Strike","Core Surge","Doom and Gloom","Parasite","Undo+1","Blizzard"],"relics":["Cracked Core","Centennial Puzzle","Art of War","Boot","Red Mask","Lantern","MealTicket","TungstenRod","Sozu","Ancient Tea Set","Bird Faced Urn","Bottled Lightning","CaptainsWheel","Omamori","Medical Kit","Bottled Tornado"],"acts_visited":["Exordium","TheCity","TheBeyond","TheEnding"],"potions_floor_usage":[],"damage_taken":[{"damage":0.0,"enemies":"Cultist","floor":1.0,"turns":5.0},{"damage":9.0,"enemies":"Jaw Worm","floor":2.0,"turns":5.0},{"damage":1.0,"enemies":"2 Louse","floor":3.0,"turns":3.0},{"damage":6.0,"enemies":"Gremlin Nob","floor":7.0,"turns":4.0},{"damage":1.0,"enemies":"2 Fungi Beasts","floor":10.0,"turns":5.0},{"damage":0.0,"enemies":"Looter","floor":12.0,"turns":3.0},{"damage":0.0,"enemies":"Lagavulin","floor":13.0,"turns":7.0},{"damage":14.0,"enemies":"Red Slaver","floor":14.0,"turns":3.0},{"damage":13.0,"enemies":"The Guardian","floor":16.0,"turns":10.0},{"damage":0.0,"enemies":"Chosen","floor":18.0,"turns":7.0},{"damage":9.0,"enemies":"Masked Bandits","floor":19.0,"turns":6.0},{"damage":5.0,"enemies":"2 Thieves","floor":20.0,"turns":4.0},{"damage":0.0,"enemies":"3 Cultists","floor":22.0,"turns":6.0},{"damage":14.0,"enemies":"Book of Stabbing","floor":23.0,"turns":6.0},{"damage":4.0,"enemies":"Chosen and Byrds","floor":24.0,"turns":8.0},{"damage":7.0,"enemies":"Gremlin Leader","floor":27.0,"turns":8.0},{"damage":2.0,"enemies":"Centurion and Healer","floor":28.0,"turns":6.0},{"damage":0.0,"enemies":"Cultist and Chosen","floor":30.0,"turns":6.0},{"damage":0.0,"enemies":"Snake Plant","floor":31.0,"turns":5.0},{"damage":12.0,"enemies":"Champ","floor":33.0,"turns":11.0},{"damage":4.0,"enemies":"3 Shapes","floor":35.0,"turns":7.0},{"damage":15.0,"enemies":"3 Darklings","floor":37.0,"turns":7.0},{"damage":24.0,"enemies":"Writhing Mass","floor":39.0,"turns":6.0},{"damage":23.0,"enemies":"Nemesis","floor":40.0,"turns":12.0},{"damage":0.0,"enemies":"Giant Head","floor":42.0,"turns":10.0},{"damage":29.0,"enemies":"Mind Bloom Boss Battle","floor":44.0,"turns":5.0},{"damage":56.0,"enemies":"Reptomancer","floor":46.0,"turns":11.0},{"damage":11.0,"enemies":"Transient","floor":47.0,"turns":6.0},{"damage":4.0,"enemies":"3 Darklings","floor":48.0,"turns":6.0},{"damage":48.0,"enemies":"Time Eater","floor":50.0,"turns":13.0},{"damage":0.0,"enemies":"Donu and Deca","floor":51.0,"turns":1.0},{"damage":52.0,"enemies":"Shield and Spear","floor":55.0,"turns":4.0},{"damage":4,"enemies":"The Heart","floor":56,"turns":2}],"seed_played":"2467196321533957651","potions_obtained":[{"floor":1.0,"key":"Block Potion"},{"floor":2.0,"key":"LiquidBronze"},{"floor":3.0,"key":"FairyPotion"},{"floor":22.0,"key":"DistilledChaos"},{"floor":30.0,"key":"PowerPotion"}],"is_trial":false,"path_per_floor":["M","M","M","$","?","R","E","R","T","M","$","M","E","M","R","B",null,"M","?","M","$","M","E","M","R","T","E","M","R","M","M","R","B",null,"M","$","M","?","M","E","R","E","T","?","R","E","M","M","R","B","B",null,"R","$","E","B"],"character_chosen":"DEFECT","items_purchased":["Self Repair","Master of Strategy","Core Surge","Ancient Tea Set","Medical Kit"],"campfire_rested":0,"item_purchase_floors":[11,21,36,36,54],"current_hp_per_floor":[60,51,50,50,50,50,44,44,44,43,43,43,50,43,43,37,73,80,78,80,80,85,78,81,81,81,81,79,79,79,85,85,80,84,85,85,77,77,60,44,44,67,67,59,59,26,38,57,57,32,32,69,69,81,42,42,42],"gold":125,"neow_bonus":"TWENTY_PERCENT_HP_BONUS","is_daily":false,"chose_seed":false,"campfire_upgraded":9,"win_rate":0.0,"timestamp":1609697355,"path_taken":["M","M","M","$","?","R","E","R","T","?","$","M","E","M","R","BOSS","M","?","M","$","M","E","M","R","T","E","M","R","M","M","R","BOSS","M","$","M","?","M","E","R","E","T","?","R","E","M","M","R","BOSS","BOSS","R","$","E","BOSS"],"items_purchased_type":["Card","Card","Card","Relic","Relic"],"build_version":"2020-12-22","purchased_purges":0,"victory":false,"max_hp_per_floor":[85,85,85,85,85,85,85,85,85,85,85,85,85,85,85,85,85,85,85,85,85,85,85,85,85,85,85,85,85,85,85,85,85,85,85,85,85,81,81,81,81,81,81,81,81,81,81,81,81,81,81,81,81,81,81,81,81],"card_choices":[{"not_picked":["Heatsinks","Hologram","Sweeping Beam"],"picked":"SKIP","floor":1.0},{"not_picked":["Stack","Double Energy"],"picked":"Capacitor","floor":2.0},{"not_picked":["Ball Lightning","Recycle"],"picked":"Leap","floor":3.0},{"not_picked":["Recycle","Rebound"],"picked":"Hologram","floor":7.0},{"not_picked":["Melter","Streamline"],"picked":"Static Discharge","floor":10.0},{"not_picked":["Capacitor","Steam","Streamline"],"picked":"SKIP","floor":12.0},{"not_picked":["Compile Driver","Stack","Static Discharge"],"picked":"SKIP","floor":13.0},{"not_picked":["Turbo","Fusion"],"picked":"Defragment","floor":14.0},{"not_picked":["Multi-Cast","Amplify"],"picked":"Biased Cognition","floor":16.0},{"not_picked":["Ball Lightning","Barrage","Hologram"],"picked":"SKIP","floor":18.0},{"not_picked":["Ball Lightning","Cold Snap"],"picked":"Auto Shields","floor":19.0},{"not_picked":["Hologram+1","Conserve Battery"],"picked":"Loop","floor":20.0},{"not_picked":["Compile Driver","Barrage"],"picked":"Turbo","floor":22.0},{"not_picked":["Fission","Turbo","Barrage"],"picked":"SKIP","floor":23.0},{"not_picked":["Turbo","Compile Driver","Auto Shields"],"picked":"SKIP","floor":24.0},{"not_picked":["Gash","Compile Driver"],"picked":"Coolheaded+1","floor":27.0},{"not_picked":["Aggregate","Hologram","Ball Lightning"],"picked":"SKIP","floor":28.0},{"not_picked":["Go for the Eyes","Compile Driver","Beam Cell"],"picked":"SKIP","floor":30.0},{"not_picked":["Streamline","Consume"],"picked":"Redo+1","floor":31.0},{"not_picked":["Amplify","Echo Form"],"picked":"Meteor Strike","floor":33.0},{"not_picked":["Darkness","Consume","Steam"],"picked":"SKIP","floor":35.0},{"not_picked":["Conserve Battery","Barrage"],"picked":"Doom and Gloom","floor":37.0},{"not_picked":["Double Energy","Conserve Battery","Leap"],"picked":"SKIP","floor":39.0},{"not_picked":["Genetic Algorithm","Gash+1","Leap"],"picked":"SKIP","floor":40.0},{"not_picked":["Ball Lightning","Genetic Algorithm"],"picked":"Undo+1","floor":42.0},{"not_picked":["Steam","Barrage"],"picked":"Blizzard","floor":46.0},{"not_picked":["Leap","Defragment","Streamline+1"],"picked":"SKIP","floor":47.0},{"not_picked":["Steam","Fusion","Coolheaded"],"picked":"SKIP","floor":48.0},{"not_picked":["Steam","Consume","Hyperbeam"],"picked":"SKIP","floor":55.0}],"player_experience":807471,"relics_obtained":[{"floor":7.0,"key":"Centennial Puzzle"},{"floor":9.0,"key":"Art of War"},{"floor":13.0,"key":"Boot"},{"floor":19.0,"key":"Red Mask"},{"floor":23.0,"key":"Lantern"},{"floor":26.0,"key":"MealTicket"},{"floor":27.0,"key":"TungstenRod"},{"floor":40.0,"key":"Bird Faced Urn"},{"floor":42.0,"key":"Bottled Lightning"},{"floor":44.0,"key":"CaptainsWheel"},{"floor":46.0,"key":"Omamori"},{"floor":55.0,"key":"Bottled Tornado"}],"event_choices":[{"damage_healed":0.0,"max_hp_gain":0.0,"max_hp_loss":0.0,"gold_gain":0.0,"event_name":"Purifier","player_choice":"Ignored","floor":5.0,"gold_loss":0.0,"damage_taken":0.0},{"damage_healed":0.0,"max_hp_gain":0.0,"max_hp_loss":0.0,"gold_gain":0.0,"event_name":"Masked Bandits","player_choice":"Fought Bandits","floor":19.0,"gold_loss":0.0,"damage_taken":0.0},{"damage_healed":0.0,"max_hp_gain":0.0,"max_hp_loss":4.0,"gold_gain":0.0,"event_name":"Winding Halls","player_choice":"Max HP","floor":38.0,"gold_loss":0.0,"damage_taken":0.0},{"damage_healed":0.0,"max_hp_gain":0.0,"max_hp_loss":0.0,"gold_gain":0.0,"event_name":"MindBloom","player_choice":"Fight","floor":44.0,"gold_loss":0.0,"damage_taken":0.0}],"is_beta":false,"boss_relics":[{"not_picked":["Tiny House","Ectoplasm"],"picked":"Calling Bell"},{"not_picked":["Empty Cage","Velvet Choker"],"picked":"Sozu"}],"items_purged_floors":[],"is_endless":false,"potions_floor_spawned":[1,2,3,12,13,19,22,27,30,39,42,44],"killed_by":"The Heart","ascension_level":20}}