{"host":"dlskvfecb6rtl9z1","time":1609704077,"event":{"mods":["2.2 Compatiblity","AchievementEnabler","Aspiration","BaseMod","Better Third Choice","Colored Map","Colored Powertips","Downfall","Duelist Mod","Hermit","Hubris","Infinite Spire","KinomotoSakuraMod(????)","Koishi","Marisa????????","Minty Spire (QoL Compilation)","Remilia??????","Replay The Spire","Shop Mod","StSLib","Td1madao Mod","The Administrix","The Bug Knight","The Construct","The Cursed","The Disciple","The Hierophant","The Jungle","The Mystic","The Necromancer","The Runesmith","The Senshi","The Servant 0.9.4"],"gold_per_floor":[113,124,124,124,124,124,158,158,212,240,260,7,7,38,105,200,200,216,233,233,233,233,233,265,265,291,291,306,306,119,132,132,132,132,231,231,242,261,326,157,169,194,194,228,254,254,270,303,303,320,320,320],"floor_reached":53,"playtime":3312,"items_purged":["Strike_R","Strike_R","Strike_R","Parasite"],"score":770,"play_id":"4b2f29ef-3085-4789-b964-1bbb96765069","local_time":"20210103220117","is_ascension_mode":true,"campfire_choices":[{"data":"Bash","floor":6.0,"key":"SMITH"},{"floor":8.0,"key":"REST"},{"floor":13.0,"key":"REST"},{"data":"Juggernaut","floor":25.0,"key":"SMITH"},{"floor":34.0,"key":"REST"},{"data":"Battle Trance","floor":43,"key":"SMITH"},{"data":"hubris:Fate","floor":51,"key":"SMITH"}],"circlet_count":0,"master_deck":["Strike_R+1","Defend_R+1","Defend_R+1","Defend_R+1","Defend_R+1","Bash+1","Sword Boomerang","True Grit+1","Wild Strike+1","ReplayTheSpireMod:Stacked+1","Juggernaut+1","Cleave+1","Body Slam+1","Battle Trance+1","Shrug It Off+1","Sword Boomerang+1","hubris:Fate+1","Battle Trance+1"],"relics":["Burning Blood","Molten Egg 2","Centennial Puzzle","Happy Flower","Gremlin Food","Singing Bowl","Red Skull","hubris:ScarierMask","hubris:Towel","Busted Crown","Replay:Bottled Eggs","aspiration:RitualStick","aspiration:Lifesprig","Anchor","Bottled Tornado","Membership Card","aspiration:RitualDagger","Blue Candle","Medical Kit","Potion Belt","infinitespire:Broken Mirror","War Paint","Pantograph"],"acts_visited":["Exordium","TheCity","TheBeyond"],"potions_floor_usage":[],"damage_taken":[{"damage":12.0,"enemies":"Jaw Worm","floor":1.0,"turns":2.0},{"damage":2.0,"enemies":"2 Louse","floor":2.0,"turns":2.0},{"damage":61.0,"enemies":"3 Sentries","floor":7.0,"turns":10.0},{"damage":15.0,"enemies":"Lagavulin","floor":10.0,"turns":3.0},{"damage":0.0,"enemies":"Cultist","floor":11.0,"turns":2.0},{"damage":9.0,"enemies":"3 Sentries","floor":14.0,"turns":9.0},{"damage":78.0,"enemies":"Fading Forest","floor":16.0,"turns":11.0},{"damage":3.0,"enemies":"3 Byrds","floor":18.0,"turns":5.0},{"damage":8.0,"enemies":"Spheric Guardian","floor":19.0,"turns":4.0},{"damage":32.0,"enemies":"Book of Stabbing","floor":24.0,"turns":5.0},{"damage":3.0,"enemies":"Centurion and Healer","floor":28.0,"turns":3.0},{"damage":0.0,"enemies":"Chosen and Byrds","floor":31.0,"turns":3.0},{"damage":44.0,"enemies":"Collector","floor":35.0,"turns":8.0},{"damage":11,"enemies":"3 Darklings","floor":37,"turns":3},{"damage":18,"enemies":"Orb Walker","floor":38,"turns":3},{"damage":71,"enemies":"Writhing Mass","floor":41,"turns":5},{"damage":25,"enemies":"Giant Head","floor":42,"turns":6},{"damage":73,"enemies":"R_Hoarder","floor":44,"turns":6},{"damage":6,"enemies":"Sphere and 2 Shapes","floor":47,"turns":2},{"damage":28,"enemies":"Reptomancer","floor":48,"turns":4},{"damage":15,"enemies":"Transient","floor":50,"turns":5},{"damage":6,"enemies":"Replay:Hell Engine","floor":52,"turns":2}],"seed_played":"8065727845921441302","potions_obtained":[{"floor":1.0,"key":"LiquidMemories"},{"floor":7.0,"key":"DistilledChaos"},{"floor":14.0,"key":"LiquidBronze"},{"floor":16.0,"key":"PowerPotion"},{"floor":18.0,"key":"GamblersBrew"},{"floor":28.0,"key":"SpeedPotion"},{"floor":37,"key":"SkillPotion"},{"floor":38,"key":"DistilledChaos"},{"floor":47,"key":"sneckomod:MuddlingPotion"}],"is_trial":false,"path_per_floor":["M","M","?","?","?","R","E","R","T","E","M","$","R","E","R_BF","B",null,"M","M","?","?","AVR","?","E","R","T","$","M","?","$","M","PTL","PTL","R","B",null,"M","M","?","$","M","E","R","E","T","AVR","M","E","?","M","R","B",null],"character_chosen":"IRONCLAD","items_purchased":["Singing Bowl","Bottled Tornado","Membership Card","Medical Kit","Battle Trance"],"campfire_rested":3,"item_purchase_floors":[12,27,30,40,40],"current_hp_per_floor":[82,86,86,86,86,86,31,57,57,48,54,54,80,79,79,15,90,90,90,90,90,90,72,48,48,48,32,37,37,37,45,45,45,74,38,100,97,87,89,89,24,108,108,78,78,78,84,91,91,113,113,113],"gold":320,"neow_bonus":"TEN_PERCENT_HP_BONUS","is_daily":false,"chose_seed":false,"campfire_upgraded":4,"win_rate":0.0,"timestamp":1609704077,"path_taken":["M","M","?","?","?","R","E","R","T","E","M","$","R","E","R_BF","BOSS","M","M","?","?","AVR","?","E","R","T","?","M","?","$","M","PTL","PTL","R","BOSS","M","M","?","$","M","E","R","E","T","AVR","M","E","?","M","R","BOSS"],"items_purchased_type":["Relic","Relic","Relic","Relic","Card"],"build_version":"2020-12-22","purchased_purges":4,"victory":true,"max_hp_per_floor":[88,88,88,88,88,88,88,88,88,88,88,88,88,90,90,90,90,90,92,92,92,92,92,94,94,94,94,96,96,96,98,98,98,98,100,100,102,104,106,106,106,108,108,112,112,109,109,111,111,113,113,113],"card_choices":[{"not_picked":["Armaments","Headbutt"],"picked":"Sword Boomerang","floor":1.0},{"not_picked":["Run Through","Replay:Undeath\u0027s Touch"],"picked":"True Grit","floor":2.0},{"not_picked":["Sentinel","Juggernaut"],"picked":"Wild Strike+1","floor":7.0},{"not_picked":["Second Wind","Shockwave","Pommel Strike+1"],"picked":"SKIP","floor":10.0},{"not_picked":["Twin Strike+1","Combust"],"picked":"ReplayTheSpireMod:Stacked","floor":11.0},{"not_picked":["Hemogenesis+1","Disarm","Clash+1"],"picked":"Singing Bowl","floor":14.0},{"not_picked":["Hemogenesis+1","Brutality"],"picked":"Juggernaut","floor":16.0},{"not_picked":["Clash+1","Iron Wave+1"],"picked":"Cleave+1","floor":18.0},{"not_picked":["Reckless Charge+1","Heavy Blade+1","Anger+1"],"picked":"Singing Bowl","floor":19.0},{"not_picked":["Second Wind"],"picked":"Singing Bowl","floor":24.0},{"not_picked":["Infernal Blade"],"picked":"Singing Bowl","floor":28.0},{"not_picked":["Life Link"],"picked":"Singing Bowl","floor":31.0},{"not_picked":["Corruption"],"picked":"Singing Bowl","floor":35.0},{"not_picked":["Massacre+1"],"picked":"Singing Bowl","floor":37},{"not_picked":["Second Wind"],"picked":"Singing Bowl","floor":38},{"not_picked":["Heavy Blade+1"],"picked":"Singing Bowl","floor":39},{"not_picked":[],"picked":"Shrug It Off+1","floor":41},{"not_picked":["Perfected Strike+1"],"picked":"Singing Bowl","floor":42},{"not_picked":[],"picked":"Sword Boomerang+1","floor":44},{"not_picked":[],"picked":"Battle Trance+1","floor":47},{"not_picked":["Perfected Strike+1"],"picked":"Singing Bowl","floor":48},{"not_picked":["Thunderclap+1"],"picked":"Singing Bowl","floor":50}],"player_experience":121403,"relics_obtained":[{"floor":7.0,"key":"Centennial Puzzle"},{"floor":9.0,"key":"Happy Flower"},{"floor":10.0,"key":"Gremlin Food"},{"floor":14.0,"key":"Red Skull"},{"floor":24.0,"key":"aspiration:Lifesprig"},{"floor":26.0,"key":"Anchor"},{"floor":39,"key":"Blue Candle"},{"floor":42,"key":"Potion Belt"},{"floor":44,"key":"infinitespire:Broken Mirror"},{"floor":45,"key":"War Paint"},{"floor":48,"key":"Pantograph"}],"event_choices":[{"cards_removed":["Injury"],"damage_healed":0.0,"max_hp_gain":0.0,"max_hp_loss":0.0,"gold_gain":0.0,"event_name":"Purifier","player_choice":"Purged","floor":5.0,"gold_loss":0.0,"damage_taken":0.0},{"damage_healed":0.0,"max_hp_gain":0.0,"max_hp_loss":0.0,"gold_gain":0.0,"event_name":"The Library","player_choice":"Read","floor":20.0,"gold_loss":0.0,"damage_taken":0.0,"cards_obtained":["Body Slam"]},{"cards_removed":["Strike_R"],"damage_healed":0.0,"max_hp_gain":0.0,"max_hp_loss":0.0,"gold_gain":0.0,"event_name":"Purifier","player_choice":"Purged","floor":29.0,"gold_loss":0.0,"damage_taken":0.0}],"is_beta":false,"boss_relics":[{"not_picked":["infinitespire:Cupcake","Snecko Eye"],"picked":"hubris:ScarierMask"},{"not_picked":["Replay:Wanted Poster","Honey Jar"],"picked":"aspiration:RitualDagger"}],"items_purged_floors":[22,30,40,46],"is_endless":false,"potions_floor_spawned":[1,7,14,16,18,28,31,37,38,47],"ascension_level":4}}