{"host":"ln76an1o32p2wxtf","time":1609666051,"event":{"mods":["AchievementEnabler","Act Like it!","BaseMod","BetterRewards","Colored Powertips","Energized Spire","GifTheSpireLib","Infinite Spire","Minty Spire (QoL Compilation)","Shop Mod","StSLib"],"gold_per_floor":[115,44,44,44,55,81,96,130,130,142,142,142,157,190,190,292,292,304,304,229,247,263,263,297,297,323,357,357,374,374,392,392,490,490,508,508,519,519,519,547,547,579,579,589,589,589],"floor_reached":45,"playtime":2798,"items_purged":[],"score":609,"play_id":"6788621e-e773-48fa-98a8-32887efec5cd","local_time":"20210103172731","is_ascension_mode":true,"campfire_choices":[{"data":"Strike_P","floor":11.0,"key":"PURGE"},{"floor":15.0,"key":"REST"},{"data":"Strike_P","floor":23.0,"key":"PURGE"},{"data":"Strike_P","floor":25.0,"key":"PURGE"},{"data":"Defend_P","floor":30.0,"key":"PURGE"},{"data":"Strike_P","floor":32.0,"key":"PURGE"},{"floor":41,"key":"RECALL"}],"circlet_count":0,"master_deck":["Defend_P+1","Defend_P","Eruption","Vigilance+1","Worship","Consecrate","infinitespire:Gouge","Ragnarok","Devotion","Study","Prostrate","Alpha","Consecrate+1","Chrysalis"],"relics":["PureWater","NeowsBlessing","Mercury Hourglass","Peace Pipe","Bag of Preparation","energizedSpire:DeadBattery","Mango","Art of War","Meat on the Bone","energizedSpire:BlackCloud","Toy Ornithopter","Du-Vu Doll","Kunai"],"acts_visited":["Exordium","TheCity","TheBeyond"],"potions_floor_usage":[40,42,44,45],"damage_taken":[{"damage":0.0,"enemies":"Jaw Worm","floor":1.0,"turns":1.0},{"damage":0.0,"enemies":"Small Slimes","floor":5.0,"turns":2.0},{"damage":0.0,"enemies":"3 Sentries","floor":6.0,"turns":2.0},{"damage":0.0,"enemies":"2 Louse","floor":7.0,"turns":2.0},{"damage":6.0,"enemies":"Gremlin Nob","floor":8.0,"turns":3.0},{"damage":0.0,"enemies":"Looter","floor":10.0,"turns":3.0},{"damage":0.0,"enemies":"3 Louse","floor":13.0,"turns":1.0},{"damage":1.0,"enemies":"Lagavulin","floor":14.0,"turns":4.0},{"damage":10.0,"enemies":"Hexaghost","floor":16.0,"turns":6.0},{"damage":5.0,"enemies":"Spheric Guardian","floor":18.0,"turns":4.0},{"damage":8.0,"enemies":"Shell Parasite","floor":21.0,"turns":4.0},{"damage":0.0,"enemies":"Chosen and Byrds","floor":22.0,"turns":4.0},{"damage":22.0,"enemies":"Slavers","floor":24.0,"turns":3.0},{"damage":14.0,"enemies":"Book of Stabbing","floor":27.0,"turns":8.0},{"damage":0.0,"enemies":"Snake Plant","floor":29.0,"turns":2.0},{"damage":4.0,"enemies":"Shelled Parasite and Fungi","floor":31.0,"turns":4.0},{"damage":27.0,"enemies":"Automaton","floor":33.0,"turns":7.0},{"damage":9.0,"enemies":"3 Shapes","floor":35.0,"turns":4.0},{"damage":47,"enemies":"3 Darklings","floor":37,"turns":4},{"damage":8,"enemies":"Reptomancer","floor":40,"turns":4},{"damage":44,"enemies":"Nemesis","floor":42,"turns":5},{"damage":13,"enemies":"Writhing Mass","floor":44,"turns":5},{"damage":35,"enemies":"Nightmare","floor":45,"turns":4}],"seed_played":"4134498037333213265","potions_obtained":[{"floor":5.0,"key":"Ancient Potion"},{"floor":7.0,"key":"FearPotion"},{"floor":8.0,"key":"Explosive Potion"},{"floor":14.0,"key":"Explosive Potion"},{"floor":22.0,"key":"GamblersBrew"},{"floor":24.0,"key":"BlessingOfTheForge"},{"floor":33.0,"key":"infinitespire:BlackPotion"},{"floor":40,"key":"AttackPotion"},{"floor":42,"key":"FearPotion"},{"floor":44,"key":"StancePotion"}],"is_trial":false,"path_per_floor":["M","$","?","?","M","E","M","E","T","M","R","?","M","E","R","B",null,"M","?","?","M","M","R","E","R","T","E","?","M","R","M","R","B",null,"M","?","M","?","?","E","R","E","T","M","NM"],"character_chosen":"WATCHER","items_purchased":["Worship"],"campfire_rested":1,"item_purchase_floors":[2],"current_hp_per_floor":[72,72,58,58,58,58,58,52,52,52,52,35,35,34,55,45,72,67,67,67,59,59,59,51,51,51,37,20,32,32,40,40,25,91,82,82,47,47,47,51,51,24,24,28,0,0],"gold":589,"neow_bonus":"THREE_ENEMY_KILL","is_daily":false,"chose_seed":false,"campfire_upgraded":0,"win_rate":0.0,"timestamp":1609666051,"path_taken":["M","$","?","?","M","E","M","E","T","M","R","?","?","E","R","BOSS","M","?","?","M","M","R","E","R","T","E","?","M","R","M","R","BOSS","M","?","M","?","?","E","R","E","T","?","NM"],"items_purchased_type":["Card"],"build_version":"2020-12-22","purchased_purges":0,"victory":false,"max_hp_per_floor":[72,72,72,72,72,72,72,72,72,72,72,72,72,72,72,72,72,72,72,72,72,72,72,86,86,86,86,91,91,91,91,91,91,91,91,91,91,91,91,91,91,91,91,91,91,91],"card_choices":[{"not_picked":["ThirdEye","Indignation","CrushJoints"],"picked":"SKIP","floor":1.0},{"not_picked":["WheelKick","FollowUp","ThirdEye"],"picked":"SKIP","floor":5.0},{"not_picked":["Swivel","ReachHeaven"],"picked":"Consecrate","floor":6.0},{"not_picked":["SashWhip","Conclude","EmptyFist"],"picked":"SKIP","floor":7.0},{"not_picked":["SashWhip","Crescendo","EmptyMind"],"picked":"SKIP","floor":8.0},{"not_picked":["EmptyBody","FlurryOfBlows","ForeignInfluence"],"picked":"SKIP","floor":10.0},{"not_picked":["infinitespire:SealOfDarkness+","infinitespire:FinalStrike"],"picked":"infinitespire:Gouge","floor":12.0},{"not_picked":["SignatureMove","Protect"],"picked":"Ragnarok","floor":13.0},{"not_picked":["Swivel","ClearTheMind","ThirdEye"],"picked":"SKIP","floor":14.0},{"not_picked":["ConjureBlade","Brilliance"],"picked":"Devotion","floor":16.0},{"not_picked":["WindmillStrike","Nirvana","EmptyBody"],"picked":"SKIP","floor":18.0},{"not_picked":["EmptyBody","FlurryOfBlows+1","FlyingSleeves"],"picked":"SKIP","floor":21.0},{"not_picked":["FlurryOfBlows","ForeignInfluence"],"picked":"Prostrate","floor":22.0},{"not_picked":["BowlingBash","CrushJoints","ConjureBlade"],"picked":"SKIP","floor":24.0},{"not_picked":["PathToVictory+1","FearNoEvil","LikeWater+1"],"picked":"SKIP","floor":27.0},{"not_picked":["Adaptation","JustLucky+1","PathToVictory"],"picked":"SKIP","floor":29.0},{"not_picked":["LikeWater","DeceiveReality","ForeignInfluence"],"picked":"SKIP","floor":31.0},{"not_picked":["LessonLearned","Scrawl"],"picked":"Alpha","floor":33.0},{"not_picked":["JustLucky","SashWhip","FollowUp"],"picked":"SKIP","floor":35.0},{"not_picked":["ThirdEye+1","FlyingSleeves+1"],"picked":"Consecrate+1","floor":37},{"not_picked":["Dramatic Entrance","Good Instincts"],"picked":"Chrysalis","floor":38},{"not_picked":["SandsOfTime","ClearTheMind","Perseverance+1"],"picked":"SKIP","floor":40},{"not_picked":["Judgement","JustLucky","Wireheading+1"],"picked":"SKIP","floor":42},{"not_picked":["FearNoEvil","PathToVictory","JustLucky"],"picked":"SKIP","floor":44}],"player_experience":676613,"relics_obtained":[{"floor":6.0,"key":"Mercury Hourglass"},{"floor":8.0,"key":"Peace Pipe"},{"floor":14.0,"key":"Bag of Preparation"},{"floor":24.0,"key":"Mango"},{"floor":26.0,"key":"Art of War"},{"floor":27.0,"key":"Meat on the Bone"},{"floor":40,"key":"Toy Ornithopter"},{"floor":42,"key":"Du-Vu Doll"},{"floor":43,"key":"Kunai"}],"event_choices":[{"damage_healed":0.0,"max_hp_gain":0.0,"max_hp_loss":0.0,"gold_gain":0.0,"event_name":"Shining Light","player_choice":"Entered Light","floor":3.0,"gold_loss":0.0,"damage_taken":14.0,"cards_upgraded":["Defend_P","Vigilance"]},{"damage_healed":0.0,"max_hp_gain":0.0,"max_hp_loss":0.0,"gold_gain":0.0,"event_name":"Liars Game","player_choice":"Ignored","floor":4.0,"gold_loss":0.0,"damage_taken":0.0},{"damage_healed":0.0,"max_hp_gain":0.0,"max_hp_loss":0.0,"gold_gain":0.0,"event_name":"The Library","player_choice":"Read","floor":19.0,"gold_loss":0.0,"damage_taken":0.0,"cards_obtained":["Study"]},{"cards_removed":["Defend_P"],"damage_healed":0.0,"max_hp_gain":0.0,"max_hp_loss":0.0,"gold_gain":0.0,"event_name":"Beggar","player_choice":"Gave Gold","floor":20.0,"gold_loss":75.0,"damage_taken":0.0},{"damage_healed":0.0,"max_hp_gain":5.0,"max_hp_loss":0.0,"gold_gain":0.0,"event_name":"Forgotten Altar","player_choice":"Shed Blood","floor":28.0,"gold_loss":0.0,"damage_taken":22.0},{"damage_healed":0,"gold_gain":0,"player_choice":"Ignored","damage_taken":0,"max_hp_gain":0,"max_hp_loss":0,"event_name":"Mysterious Sphere","floor":36,"gold_loss":0},{"damage_healed":0,"gold_gain":0,"player_choice":"Memory 1","damage_taken":0,"max_hp_gain":0,"max_hp_loss":0,"event_name":"SensoryStone","floor":38,"gold_loss":0},{"damage_healed":0,"gold_gain":0,"player_choice":"Ignored","damage_taken":0,"max_hp_gain":0,"max_hp_loss":0,"event_name":"Tomb of Lord Red Mask","floor":39,"gold_loss":0}],"is_beta":false,"boss_relics":[{"not_picked":["energizedSpire:StickyHand","Tiny House"],"picked":"energizedSpire:DeadBattery"},{"not_picked":["Astrolabe","infinitespire:Cupcake"],"picked":"energizedSpire:BlackCloud"}],"items_purged_floors":[],"is_endless":false,"potions_floor_spawned":[5,7,8,14,22,24,33,40,42,44],"killed_by":"Nightmare","ascension_level":1}}