{"host":"k61zkrqx5zdi0yzo","time":1609644692,"event":{"mods":["AchievementEnabler","BaseMod","Colored Map","Highlight Path","Minty Spire (QoL Compilation)","Permanent Neow","Quick Restart","Rare Cards Sparkle","StSLib","SuperFastMode"],"gold_per_floor":[109,126,139,64,77,104,119,132,202,202,217,231,248,248,248,379,379,393,468,489,514,82,82,98,98,98],"floor_reached":25,"playtime":1093,"items_purged":["Defend_G"],"score":243,"play_id":"47e231ec-de58-4f51-9f82-fec11a235341","local_time":"20210103123132","is_ascension_mode":true,"campfire_choices":[{"data":"Noxious Fumes","floor":10,"key":"SMITH"},{"floor":15,"key":"REST"},{"data":"Terror","floor":23,"key":"SMITH"}],"circlet_count":0,"master_deck":["Strike_G","Strike_G","Strike_G","Strike_G","Strike_G","Defend_G","Defend_G","Defend_G","Survivor","Neutralize","Unload","Flying Knee","Terror+1","PiercingWail","Predator","Poisoned Stab","Noxious Fumes+1","Flying Knee","Backflip","Backflip","Adrenaline","CurseOfTheBell","Poisoned Stab","Dodge and Roll+1","Glass Knife","Slice","Slice"],"relics":["Ring of the Snake","PreservedInsect","Shuriken","Golden Idol","Calling Bell","Vajra","Pantograph","StoneCalendar","Matryoshka"],"acts_visited":["Exordium","TheCity"],"potions_floor_usage":[8,16,16,25],"damage_taken":[{"damage":0,"enemies":"Cultist","floor":1,"turns":4},{"damage":8,"enemies":"Small Slimes","floor":2,"turns":4},{"damage":0,"enemies":"2 Louse","floor":3,"turns":2},{"damage":3,"enemies":"Red Slaver","floor":5,"turns":3},{"damage":12,"enemies":"Gremlin Nob","floor":6,"turns":3},{"damage":5,"enemies":"2 Fungi Beasts","floor":7,"turns":3},{"damage":0,"enemies":"3 Louse","floor":8,"turns":3},{"damage":4,"enemies":"Exordium Thugs","floor":11,"turns":3},{"damage":0,"enemies":"Looter","floor":12,"turns":3},{"damage":14,"enemies":"Red Slaver","floor":13,"turns":2},{"damage":11,"enemies":"Slime Boss","floor":16,"turns":6},{"damage":10,"enemies":"3 Byrds","floor":18,"turns":5},{"damage":3,"enemies":"Chosen","floor":20,"turns":3},{"damage":15,"enemies":"Centurion and Healer","floor":21,"turns":6},{"damage":5,"enemies":"Cultist and Chosen","floor":24,"turns":5},{"damage":29,"enemies":"Snecko","floor":25,"turns":4}],"seed_played":"6017915225980133033","potions_obtained":[{"floor":5,"key":"BlessingOfTheForge"},{"floor":6,"key":"DistilledChaos"},{"floor":7,"key":"Swift Potion"},{"floor":8,"key":"SkillPotion"},{"floor":11,"key":"PowerPotion"},{"floor":18,"key":"ColorlessPotion"},{"floor":21,"key":"Explosive Potion"}],"is_trial":false,"path_per_floor":["M","M","M","$","M","E","M","M","T","R","M","M","M","?","R","B",null,"M","?","M","M","$","R","M","M"],"character_chosen":"THE_SILENT","items_purchased":["Matryoshka","Glass Knife","Slice"],"campfire_rested":1,"item_purchase_floors":[22,22,22],"current_hp_per_floor":[70,62,62,62,59,47,42,42,42,42,38,38,24,24,43,32,65,55,49,46,31,31,31,26,0,0],"gold":98,"neow_bonus":"TRANSFORM_CARD","is_daily":false,"chose_seed":false,"campfire_upgraded":2,"win_rate":0.0,"timestamp":1609644692,"path_taken":["M","M","M","$","M","E","M","?","T","R","M","M","M","?","R","BOSS","M","?","M","M","$","R","M","?"],"items_purchased_type":["Relic","Card","Card"],"build_version":"2020-12-22","purchased_purges":1,"victory":false,"max_hp_per_floor":[70,70,70,70,70,70,70,70,70,70,70,70,70,65,65,65,65,65,65,65,65,65,65,65,65,65],"card_choices":[{"not_picked":["Quick Slash","Deflect"],"picked":"Flying Knee","floor":1},{"not_picked":["Deadly Poison","Expertise"],"picked":"Terror","floor":2},{"not_picked":["Distraction","Bane"],"picked":"PiercingWail","floor":3},{"not_picked":["Reflex","Slice"],"picked":"Predator","floor":5},{"not_picked":["Skewer","Eviscerate","Riddle With Holes"],"picked":"SKIP","floor":6},{"not_picked":["Slice","Infinite Blades"],"picked":"Poisoned Stab","floor":7},{"not_picked":["Underhanded Strike","Acrobatics"],"picked":"Noxious Fumes","floor":8},{"not_picked":["Accuracy","Caltrops"],"picked":"Flying Knee","floor":11},{"not_picked":["Slice","Burst"],"picked":"Backflip","floor":12},{"not_picked":["Cloak And Dagger","Deadly Poison"],"picked":"Backflip","floor":13},{"not_picked":["Unload","Doppelganger"],"picked":"Adrenaline","floor":16},{"not_picked":["Outmaneuver","Escape Plan","Dodge and Roll"],"picked":"SKIP","floor":18},{"not_picked":["All Out Attack","Slice"],"picked":"Poisoned Stab","floor":20},{"not_picked":["Distraction+1","Footwork"],"picked":"Dodge and Roll+1","floor":21},{"not_picked":["Outmaneuver","Poisoned Stab"],"picked":"Slice","floor":24}],"player_experience":16221,"relics_obtained":[{"floor":6,"key":"PreservedInsect"},{"floor":9,"key":"Shuriken"},{"floor":17,"key":"Vajra"},{"floor":17,"key":"Pantograph"},{"floor":17,"key":"StoneCalendar"}],"event_choices":[{"damage_healed":0,"gold_gain":0,"player_choice":"Lose Max HP","damage_taken":0,"relics_obtained":["Golden Idol"],"max_hp_gain":0,"max_hp_loss":5,"event_name":"Golden Idol","floor":14,"gold_loss":0},{"damage_healed":0,"gold_gain":75,"player_choice":"Touch","damage_taken":6,"max_hp_gain":0,"max_hp_loss":0,"event_name":"FaceTrader","floor":19,"gold_loss":0}],"is_beta":false,"boss_relics":[{"not_picked":["WristBlade","Astrolabe"],"picked":"Calling Bell"}],"items_purged_floors":[4],"is_endless":false,"potions_floor_spawned":[5,6,7,8,11,18,21,24],"killed_by":"Snecko","ascension_level":3}}