{"host":"z9grmtg2w0nmz8n1","time":1609692636,"event":{"mods":["Aspiration","Bard","BaseMod","Beaked The Cultist","Better Altar","Better Match","Better Note","Better Sensory Stone","Better Skull","Better Third Choice","BetterRewards","CCEM","Colored Map","Conspire","Downfall","GifTheSpireLib","Googly Eyes","Halation","Hermit","Highlight Path","Hubris","Hunter ??","Jedi Mod","Jorbs\u0027s Wanderer Trilogy","Mad Scientist","Marisa????????","Minty Spire (QoL Compilation)","Permanent Neow","Replay The Spire","Shade Mod","Shop Mod","Spicy Shops","StSLib","Stuff the Spire","The Bug Knight","The Construct","The Necromancer","The Runesmith","The Witch"],"gold_per_floor":[118,131,306,324,221,255,255,273,273,273,306,306,325,350,350,454,454,469,469,163,179,13,46,46,56,56,86,86,86,86,111,126,26,26,130,130,149,165,180,180,180,207,219,256,268,305,340,366,388,416,428,440,440],"floor_reached":52,"playtime":3028,"items_purged":["Strike_B","Doubt","Strike_B","Strike_B","Defend_B","Defend_B"],"score":1227,"play_id":"bd69a4d3-206f-46e8-bb36-6b4041c27b27","local_time":"20210103145036","is_ascension_mode":true,"campfire_choices":[{"floor":10,"key":"RECALL"},{"floor":12,"key":"REST"},{"floor":15,"key":"REST"},{"data":"StuffTheSpire:Synthwave","floor":24,"key":"SMITH"},{"data":"Zap","floor":34,"key":"SMITH"},{"data":"Streamline","floor":43,"key":"SMITH"},{"floor":51,"key":"DIG"}],"circlet_count":0,"master_deck":["Defend_B+1","Defend_B+1","Zap+1","Dualcast","Trip","Leap","Core Surge","FTL","Leap+1","Streamline+1","Leap","Beam Cell","jedi:meditation","Sweeping Beam","StuffTheSpire:Synthwave+1","hubris:Ukulele+1","Ball Lightning","hubris:Ukulele+1","FTL+1","Conserve Battery+1","Dramatic Entrance+1","Thunder Strike","jedi:locknload+1","hubris:Ukulele+1","Amnesia","FTL+1","Tempest","Barrage+1"],"relics":["Cracked Core","Membership Card","hubris:BottledRain","jedi:archwizardhat","CCEMRelics:SpiritsEdge","jedi:crownofsimplicity","construct:ClawGrip","Simple Rune","Runic Capacitor","Replay:Accelerometer","CCEMRelics:GrapeVine","StuffTheSpire:Experiment12","CCEMRelics:FestiveHat","aspiration:Stabinomicon","construct:WeddingRing","Ring of Fury","MawBank","CCEMRelics:JestersCrown","Solar Panel","Vajra","PreservedInsect","conspire:Flyswatter"],"acts_visited":["Exordium","TheCity","TheBeyond"],"potions_floor_usage":[11,11,16,44,44,44],"damage_taken":[{"damage":1,"enemies":"Cultist","floor":1,"turns":3},{"damage":6,"enemies":"2 Louse","floor":2,"turns":2},{"damage":5,"enemies":"Small Slimes","floor":4,"turns":4},{"damage":17,"enemies":"3 Sentries","floor":6,"turns":10},{"damage":10,"enemies":"Gremlin Gang","floor":8,"turns":5},{"damage":14,"enemies":"Gremlin Nob","floor":11,"turns":3},{"damage":8,"enemies":"Lots of Slimes","floor":13,"turns":4},{"damage":5,"enemies":"3 Sentries","floor":14,"turns":10},{"damage":3,"enemies":"Hexaghost","floor":16,"turns":9},{"damage":0,"enemies":"Spheric Guardian","floor":18,"turns":4},{"damage":0,"enemies":"Chosen","floor":21,"turns":3},{"damage":0,"enemies":"conspire:SneckoGhost","floor":23,"turns":5},{"damage":0,"enemies":"Centurion and Healer","floor":25,"turns":3},{"damage":9,"enemies":"Slavers","floor":27,"turns":5},{"damage":3,"enemies":"Book of Stabbing","floor":31,"turns":4},{"damage":0,"enemies":"Cultist and Chosen","floor":32,"turns":3},{"damage":0,"enemies":"Pondfish","floor":35,"turns":6},{"damage":0,"enemies":"3 Shapes","floor":37,"turns":3},{"damage":0,"enemies":"Orb Walker","floor":38,"turns":1},{"damage":0,"enemies":"Maw","floor":39,"turns":4},{"damage":0,"enemies":"Nemesis","floor":42,"turns":2},{"damage":12,"enemies":"Reptomancer","floor":44,"turns":3},{"damage":0,"enemies":"Giant Head","floor":46,"turns":5},{"damage":0,"enemies":"Spire Growth","floor":48,"turns":1},{"damage":0,"enemies":"Transient","floor":49,"turns":5},{"damage":0,"enemies":"Sphere and 2 Shapes","floor":50,"turns":1},{"damage":109,"enemies":"conspire:OrnateMirror","floor":52,"turns":4}],"seed_played":"-1619427887799582905","potions_obtained":[{"floor":4,"key":"FocusPotion"},{"floor":6,"key":"Swift Potion"},{"floor":11,"key":"Dexterity Potion"},{"floor":14,"key":"Death Potion"},{"floor":21,"key":"GamblersBrew"},{"floor":23,"key":"Block Potion"},{"floor":32,"key":"GamblersBrew"},{"floor":46,"key":"Strength Potion"}],"is_trial":false,"path_per_floor":["M","M","?","M","$","E","?","M","T","R","E","R","M","E","R","B",null,"M","?","$","M","$","E","R","M","T","E","PTL","PTL","?","E","M","$","R","B",null,"M","M","M","?","?","E","R","E","T","E","T","M","M","M","R_BF","B"],"character_chosen":"DEFECT","items_purchased":["Membership Card","FTL","Leap+1","StuffTheSpire:Synthwave","hubris:Ukulele+1","Simple Rune","Runic Capacitor"],"campfire_rested":2,"item_purchase_floors":[0,5,5,20,20,20,22],"current_hp_per_floor":[67,61,61,56,56,39,39,29,29,29,15,37,29,24,46,43,75,75,75,75,75,75,75,75,75,75,66,66,66,66,63,63,63,63,63,75,75,75,75,75,71,71,71,59,59,69,69,71,71,71,71,0,0],"gold":440,"neow_bonus":"","is_daily":false,"chose_seed":false,"campfire_upgraded":3,"win_rate":0.0,"timestamp":1609692636,"path_taken":["M","M","?","M","$","E","?","M","T","R","E","R","M","E","R","BOSS","M","?","$","M","$","E","R","?","T","E","PTL","PTL","?","E","?","$","R","BOSS","M","M","M","?","?","E","R","E","T","E","?","M","M","M","R_BF","BOSS"],"items_purchased_type":["Relic","Card","Card","Card","Card","Relic","Relic"],"build_version":"2020-12-22","purchased_purges":6,"victory":false,"max_hp_per_floor":[75,75,75,75,75,75,75,75,75,75,75,75,75,75,75,75,75,75,75,75,75,75,75,75,75,75,75,75,75,75,75,75,75,75,75,75,75,75,75,75,71,71,71,71,71,71,71,71,71,71,71,71,71],"card_choices":[{"not_picked":["Compile Driver","jedi:BurstLightning","Hologram"],"picked":"SKIP","floor":1},{"not_picked":["ReplayTheSpireMod:GoodbyeWorld","BootSequence"],"picked":"Leap","floor":2},{"not_picked":["StuffTheSpire:LoadUp","jedi:BurstLightning"],"picked":"Core Surge","floor":4},{"not_picked":["Sweeping Beam","Meteor Strike","jedi:blockon"],"picked":"SKIP","floor":6},{"not_picked":["conspire:SharedLibrary","Scrape"],"picked":"Streamline","floor":8},{"not_picked":["StuffTheSpire:GlassShard","Redo"],"picked":"Leap","floor":11},{"not_picked":["Glacier","Leap"],"picked":"Beam Cell","floor":13},{"not_picked":["StuffTheSpire:LoadUp","Coolheaded","jedi:locknload"],"picked":"SKIP","floor":14},{"not_picked":["Multi-Cast","hubris:Prefetch"],"picked":"jedi:meditation","floor":16},{"not_picked":["Redo","Compile Driver"],"picked":"Sweeping Beam","floor":18},{"not_picked":["Turbo","Redo"],"picked":"Ball Lightning","floor":21},{"not_picked":["jedi:sharpshooter","aspiration:Polymerization+1"],"picked":"hubris:Ukulele+1","floor":23},{"not_picked":["jedi:bruteforce","jedi:blockon+1"],"picked":"FTL+1","floor":25},{"not_picked":["jedi:markofdeath","Go for the Eyes","Steam+1"],"picked":"SKIP","floor":27},{"not_picked":["jedi:spotbugs","Leap"],"picked":"Conserve Battery+1","floor":31},{"not_picked":["Jack Of All Trades+1","Sadistic Nature+1","expansioncontent:QuickStudy+1"],"picked":"SKIP","floor":31},{"not_picked":["expansioncontent:QuickStudy+1","expansioncontent:AwakenDeath+1","Replay:Parry+1"],"picked":"SKIP","floor":32},{"not_picked":["BasicCrystalCard+1","Consume","Rebound"],"picked":"SKIP","floor":32},{"not_picked":["expansioncontent:DashGenerateEvil+1","Metamorphosis+1"],"picked":"Dramatic Entrance+1","floor":35},{"not_picked":["jedi:BurstDark","Biased Cognition"],"picked":"Thunder Strike","floor":35},{"not_picked":["Turbo+1","Go for the Eyes+1","Coolheaded+1"],"picked":"SKIP","floor":37},{"not_picked":["jedi:BurstFrost","jedi:blockon+1"],"picked":"jedi:locknload+1","floor":38},{"not_picked":["StuffTheSpire:GlassShard+1","Barrage+1"],"picked":"hubris:Ukulele+1","floor":39},{"not_picked":["Stack","Coolheaded"],"picked":"FTL+1","floor":42},{"not_picked":["Fusion","Panic Button+1","Melter"],"picked":"SKIP","floor":44},{"not_picked":["ReplaySolidLightProjector","jedi:overflow"],"picked":"Tempest","floor":46},{"not_picked":["Hologram+1","Conserve Battery"],"picked":"Barrage+1","floor":48},{"not_picked":["jedi:BurstFrost+1","Force Field","StuffTheSpire:SnapShoot"],"picked":"SKIP","floor":49},{"not_picked":["Compile Driver","ReplayTheSpireMod:Dual Polarity","Steam"],"picked":"SKIP","floor":50}],"player_experience":762512,"relics_obtained":[{"floor":6,"key":"jedi:archwizardhat"},{"floor":11,"key":"CCEMRelics:SpiritsEdge"},{"floor":14,"key":"jedi:crownofsimplicity"},{"floor":23,"key":"Replay:Accelerometer"},{"floor":26,"key":"CCEMRelics:GrapeVine"},{"floor":27,"key":"StuffTheSpire:Experiment12"},{"floor":31,"key":"aspiration:Stabinomicon"},{"floor":40,"key":"Ring of Fury"},{"floor":42,"key":"MawBank"},{"floor":44,"key":"CCEMRelics:JestersCrown"},{"floor":45,"key":"Solar Panel"},{"floor":46,"key":"Vajra"},{"floor":47,"key":"PreservedInsect"},{"floor":51,"key":"conspire:Flyswatter"}],"event_choices":[{"damage_healed":0,"gold_gain":175,"player_choice":"AGREE","damage_taken":131,"max_hp_gain":0,"max_hp_loss":0,"event_name":"betterThird:BetterSerpent","floor":3,"gold_loss":0},{"cards_removed":["Strike_B"],"damage_healed":0,"gold_gain":0,"player_choice":"Forget","damage_taken":0,"max_hp_gain":0,"max_hp_loss":0,"event_name":"Living Wall","floor":7,"gold_loss":0},{"cards_removed":["Strike_B"],"damage_healed":0,"gold_gain":0,"player_choice":"Give","damage_taken":0,"max_hp_gain":0,"max_hp_loss":0,"event_name":"betterNote:BetterNote","floor":19,"gold_loss":0,"cards_obtained":["Strike_B"]},{"damage_healed":0,"gold_gain":0,"player_choice":"Gave Potion","damage_taken":0,"relics_obtained":["CCEMRelics:FestiveHat"],"max_hp_gain":0,"max_hp_loss":0,"event_name":"WeMeetAgain","floor":30,"gold_loss":0},{"damage_healed":0,"gold_gain":0,"player_choice":"Max HP","damage_taken":0,"max_hp_gain":0,"max_hp_loss":4,"event_name":"Winding Halls","floor":41,"gold_loss":0}],"is_beta":false,"boss_relics":[{"not_picked":["beaked:MawFillet","StuffTheSpire:ModemDavis"],"picked":"construct:ClawGrip"},{"not_picked":["aspiration:MobileForge","Ring of Chaos"],"picked":"construct:WeddingRing"}],"items_purged_floors":[0,5,20,20,22,33],"is_endless":false,"potions_floor_spawned":[4,6,11,14,21,23,32,35,38,46],"killed_by":"conspire:OrnateMirror","ascension_level":1}}