{"host":"yecadp3kwkksam5a","time":1609651752,"event":{"mods":["BaseMod","Minty Spire (QoL Compilation)","StSLib"],"gold_per_floor":[109,121,137,137,151,176,176,208,208,208,57,82,82,102,102,205,205,218,218,8,24,39,65,65,97,97,132,132,132,132],"floor_reached":29,"playtime":2271,"items_purged":[],"score":509,"play_id":"77422bec-b9cb-4f62-8458-5e191159a6a0","local_time":"20210103142912","is_ascension_mode":true,"campfire_choices":[{"data":"Apotheosis","floor":7,"key":"SMITH"},{"floor":10,"key":"REST"},{"floor":13,"key":"RECALL"},{"data":"Well Laid Plans","floor":15,"key":"SMITH"},{"data":"Storm","floor":28,"key":"SMITH"}],"circlet_count":0,"master_deck":["Zap","Dualcast","Apotheosis+1","Beam Cell","Compile Driver","Auto Shields","Coolheaded","Coolheaded","Ball Lightning","Well Laid Plans+1","Master of Strategy","Storm+1","Ball Lightning+1","Redo","Steam Power","Heatsinks","Tempest","Ball Lightning+1","Force Field","Capacitor","Blizzard+1","Evaluate","Aggregate+1","Defragment+1","Acrobatics","Hologram"],"relics":["Cracked Core","Art of War","Regal Pillow","Molten Egg 2","PrismaticShard","Incense Burner","Pandora\u0027s Box","Membership Card","Blood Vial","Smiling Mask","Turnip","Bag of Preparation"],"acts_visited":["Exordium","TheCity"],"potions_floor_usage":[18,21,22,22,23],"damage_taken":[{"damage":0,"enemies":"2 Louse","floor":1,"turns":3},{"damage":0,"enemies":"Small Slimes","floor":2,"turns":3},{"damage":4,"enemies":"Jaw Worm","floor":3,"turns":2},{"damage":7,"enemies":"2 Fungi Beasts","floor":5,"turns":4},{"damage":0,"enemies":"Gremlin Nob","floor":6,"turns":3},{"damage":1,"enemies":"3 Sentries","floor":8,"turns":8},{"damage":0,"enemies":"Lagavulin","floor":12,"turns":5},{"damage":5,"enemies":"Exordium Wildlife","floor":14,"turns":2},{"damage":28,"enemies":"The Guardian","floor":16,"turns":9},{"damage":2,"enemies":"2 Thieves","floor":18,"turns":2},{"damage":12,"enemies":"Shell Parasite","floor":21,"turns":4},{"damage":11,"enemies":"Centurion and Healer","floor":22,"turns":5},{"damage":22,"enemies":"Slavers","floor":23,"turns":6},{"damage":16,"enemies":"Book of Stabbing","floor":25,"turns":5},{"damage":28,"enemies":"Gremlin Leader","floor":27,"turns":6},{"damage":12,"enemies":"Cultist and Chosen","floor":29,"turns":2}],"seed_played":"1341242365241311662","potions_obtained":[{"floor":1,"key":"EntropicBrew"},{"floor":2,"key":"Energy Potion"},{"floor":12,"key":"Fire Potion"},{"floor":21,"key":"DistilledChaos"},{"floor":25,"key":"DistilledChaos"}],"is_trial":false,"path_per_floor":["M","M","M","?","M","E","R","E","T","R","$","E","R","M","R","B",null,"M","?","$","M","M","E","?","E","T","E","R","M"],"character_chosen":"DEFECT","items_purchased":["PrismaticShard","Membership Card","Capacitor","Blizzard+1"],"campfire_rested":1,"item_purchase_floors":[11,20,20,20],"current_hp_per_floor":[50,50,46,46,39,39,39,38,38,75,75,75,75,70,70,42,67,65,65,65,53,42,20,20,6,6,45,45,35,35],"gold":132,"neow_bonus":"RANDOM_COLORLESS_2","is_daily":false,"chose_seed":false,"campfire_upgraded":3,"win_rate":0.0,"timestamp":1609651752,"path_taken":["M","M","M","?","M","E","R","E","T","R","$","E","R","M","R","BOSS","M","?","$","M","M","E","?","E","T","E","R","M"],"items_purchased_type":["Relic","Relic","Card","Card"],"build_version":"2020-12-22","purchased_purges":0,"victory":false,"max_hp_per_floor":[75,75,75,75,75,75,75,75,75,75,75,75,75,75,75,75,75,75,75,75,75,75,75,75,75,75,75,75,75,75],"card_choices":[{"not_picked":["Violence","Mayhem"],"picked":"Apotheosis","floor":0},{"not_picked":["Loop","Steam"],"picked":"Beam Cell","floor":1},{"not_picked":["Hello World","Leap"],"picked":"Compile Driver","floor":2},{"not_picked":["Redo","Compile Driver","Barrage"],"picked":"SKIP","floor":3},{"not_picked":["Steam Power","Skim"],"picked":"Coolheaded","floor":5},{"not_picked":["Thunder Strike","Barrage"],"picked":"Coolheaded","floor":6},{"not_picked":["Turbo","Loop"],"picked":"Ball Lightning","floor":8},{"not_picked":["Prostrate","FlyingSleeves+1","Reckless Charge+1"],"picked":"SKIP","floor":12},{"not_picked":["EmptyFist+1","Anger+1"],"picked":"Well Laid Plans","floor":14},{"not_picked":["Offering","Metamorphosis"],"picked":"Master of Strategy","floor":16},{"not_picked":["Slice+1","Prostrate"],"picked":"Force Field","floor":18},{"not_picked":["ThirdEye","Crippling Poison"],"picked":"Evaluate","floor":21},{"not_picked":["Warcry","Bane+1"],"picked":"Aggregate+1","floor":22},{"not_picked":["Slice+1","Heavy Blade+1","Coolheaded"],"picked":"SKIP","floor":23},{"not_picked":["Wallop+1","Predator+1"],"picked":"Acrobatics","floor":25},{"not_picked":["Twin Strike+1","Dagger Spray+1"],"picked":"Hologram","floor":27}],"player_experience":310826,"relics_obtained":[{"floor":6,"key":"Art of War"},{"floor":8,"key":"Regal Pillow"},{"floor":9,"key":"Molten Egg 2"},{"floor":12,"key":"Incense Burner"},{"floor":23,"key":"Blood Vial"},{"floor":25,"key":"Smiling Mask"},{"floor":26,"key":"Turnip"},{"floor":27,"key":"Bag of Preparation"}],"event_choices":[{"damage_healed":0,"gold_gain":0,"cards_transformed":["Strike_B"],"player_choice":"Change","damage_taken":0,"max_hp_gain":0,"max_hp_loss":0,"event_name":"Living Wall","floor":4,"gold_loss":0,"cards_obtained":["Auto Shields"]},{"damage_healed":0,"gold_gain":0,"player_choice":"Ignored","damage_taken":0,"max_hp_gain":0,"max_hp_loss":0,"event_name":"Ghosts","floor":19,"gold_loss":0}],"is_beta":false,"boss_relics":[{"not_picked":["Velvet Choker","Empty Cage"],"picked":"Pandora\u0027s Box"}],"items_purged_floors":[],"is_endless":false,"potions_floor_spawned":[1,2,12,21,25],"killed_by":"Cultist and Chosen","ascension_level":9}}