{"host":"6ld56ls1xbe0aj21","time":1609672310,"event":{"mods":["AchievementEnabler","BaseMod","Colored Powertips","Minty Spire (QoL Compilation)","Quick Restart","Rare Cards Sparkle","StSLib","SuperFastMode","everything is the same but u backflip on backflip","slay the spire mod where everything is the same but ironclad has a cowboy hat"],"gold_per_floor":[114,127,302,2,2,2,2,28,28,48,48,48,91,109,109,238,238,261,43,43,43,43,72,92,92,173,173,208,238,238,257,257,355,355,370,49,49,23,23,53,53,66,66,97,115,115,148,148,148,148,148,148,24,51,51,51],"floor_reached":55,"playtime":1540,"items_purged":["Strike_G","Defend_G"],"score":1056,"play_id":"90d1502c-182a-4aa0-983c-330aee5b76e7","local_time":"20210103221150","is_ascension_mode":true,"campfire_choices":[{"data":"Poisoned Stab","floor":6.0,"key":"SMITH"},{"data":"Catalyst","floor":11.0,"key":"SMITH"},{"data":"Deadly Poison","floor":15.0,"key":"SMITH"},{"data":"Wraith Form v2","floor":25.0,"key":"SMITH"},{"data":"Neutralize","floor":27.0,"key":"SMITH"},{"data":"Bane","floor":30.0,"key":"SMITH"},{"data":"Deadly Poison","floor":32.0,"key":"SMITH"},{"data":"Venomology","floor":46.0,"key":"SMITH"},{"floor":49.0,"key":"RECALL"},{"data":"Dash","floor":52.0,"key":"SMITH"}],"circlet_count":0,"master_deck":["Strike_G","Strike_G","Strike_G","Defend_G","Defend_G","Survivor","Neutralize+1","Poisoned Stab+1","Flying Knee","Catalyst+1","Dagger Spray","Deadly Poison+1","Wraith Form v2+1","Dash+1","Phantasmal Killer+1","Flying Knee+1","Bane+1","PiercingWail+1","Deadly Poison+1","Caltrops+1","Envenom+1","Well Laid Plans+1","Noxious Fumes+1","Dash+1","Venomology+1","Noxious Fumes+1"],"relics":["Coffee Dripper","TwistedFunnel","Juzu Bracelet","Omamori","Nunchaku","HornCleat","Bloody Idol","Akabeko","Astrolabe","Orichalcum","Eternal Feather","The Courier","Frozen Egg 2","Snake Skull","Red Mask","Velvet Choker","OrangePellets","Ginger","Potion Belt","Turnip","Dream Catcher","Lantern","Bronze Scales","Blood Vial"],"acts_visited":["Exordium","TheCity","TheBeyond","TheEnding"],"potions_floor_usage":[55,55],"damage_taken":[{"damage":7.0,"enemies":"Jaw Worm","floor":1.0,"turns":4.0},{"damage":0.0,"enemies":"Small Slimes","floor":2.0,"turns":3.0},{"damage":22.0,"enemies":"3 Sentries","floor":8.0,"turns":10.0},{"damage":0.0,"enemies":"2 Louse","floor":10.0,"turns":3.0},{"damage":0.0,"enemies":"Gremlin Nob","floor":13.0,"turns":3.0},{"damage":0.0,"enemies":"2 Fungi Beasts","floor":14.0,"turns":2.0},{"damage":7.0,"enemies":"Hexaghost","floor":16.0,"turns":5.0},{"damage":1.0,"enemies":"3 Byrds","floor":18.0,"turns":3.0},{"damage":2.0,"enemies":"Book of Stabbing","floor":23.0,"turns":4.0},{"damage":3.0,"enemies":"2 Thieves","floor":24.0,"turns":3.0},{"damage":1.0,"enemies":"Slavers","floor":28.0,"turns":6.0},{"damage":0.0,"enemies":"Masked Bandits","floor":29.0,"turns":3.0},{"damage":0.0,"enemies":"Snake Plant","floor":31.0,"turns":3.0},{"damage":42.0,"enemies":"Champ","floor":33.0,"turns":10.0},{"damage":2.0,"enemies":"Orb Walker","floor":35.0,"turns":2.0},{"damage":0.0,"enemies":"Reptomancer","floor":40.0,"turns":4.0},{"damage":7.0,"enemies":"3 Darklings","floor":42.0,"turns":5.0},{"damage":0.0,"enemies":"Giant Head","floor":44.0,"turns":6.0},{"damage":0.0,"enemies":"Writhing Mass","floor":45.0,"turns":4.0},{"damage":9.0,"enemies":"Nemesis","floor":47.0,"turns":5.0},{"damage":52.0,"enemies":"Time Eater","floor":50.0,"turns":9.0},{"damage":45.0,"enemies":"Shield and Spear","floor":54.0,"turns":5.0},{"damage":58,"enemies":"The Heart","floor":55,"turns":3}],"seed_played":"-2144875900631247467","potions_obtained":[{"floor":13.0,"key":"LiquidBronze"},{"floor":14.0,"key":"Energy Potion"},{"floor":23.0,"key":"Swift Potion"},{"floor":24.0,"key":"Block Potion"},{"floor":31.0,"key":"Poison Potion"},{"floor":42.0,"key":"SpeedPotion"},{"floor":45.0,"key":"FearPotion"},{"floor":47.0,"key":"Energy Potion"},{"floor":48.0,"key":"DuplicationPotion"},{"floor":48.0,"key":"Regen Potion"},{"floor":48.0,"key":"CultistPotion"}],"is_trial":false,"path_per_floor":["M","M","?","$","?","R","?","E","T","M","R","?","E","M","R","B",null,"M","$","?","?","?","E","M","R","T","R","E","?","R","M","R","B",null,"M","$","?","$","?","E","T","M","T","E","M","R","E","?","R","B",null,"R","$","E","B"],"character_chosen":"THE_SILENT","items_purchased":["TwistedFunnel","Juzu Bracelet","Orichalcum","OrangePellets","Well Laid Plans+1","Noxious Fumes+1","Dash","Bronze Scales"],"campfire_rested":0,"item_purchase_floors":[4,4,19,36,36,36,38,53],"current_hp_per_floor":[63,63,63,63,56,56,49,27,27,27,27,27,27,27,27,20,58,57,57,57,57,57,60,67,70,70,70,70,70,70,70,70,33,61,64,64,64,64,64,69,69,67,67,70,70,70,66,66,70,18,57,70,70,30,0,0],"gold":51,"neow_bonus":"BOSS_RELIC","is_daily":false,"chose_seed":false,"campfire_upgraded":9,"win_rate":0.0,"timestamp":1609672310,"path_taken":["M","M","?","$","?","R","?","E","T","M","R","?","E","M","R","BOSS","M","$","?","?","?","E","M","R","T","R","E","?","R","M","R","BOSS","M","$","?","$","?","E","?","M","T","E","M","R","E","?","R","BOSS","R","$","E","BOSS"],"items_purchased_type":["Relic","Relic","Relic","Relic","Card","Card","Card","Relic"],"build_version":"2020-12-22","purchased_purges":2,"victory":false,"max_hp_per_floor":[70,70,70,70,70,70,70,70,70,70,70,70,70,70,70,70,70,70,70,70,70,70,70,70,70,70,70,70,70,70,70,70,70,70,70,70,70,70,70,70,70,70,70,70,70,70,70,70,70,70,70,70,70,70,70,70],"card_choices":[{"not_picked":["Bane","Deflect"],"picked":"Poisoned Stab","floor":1.0},{"not_picked":["Sucker Punch","Eviscerate"],"picked":"Flying Knee","floor":2.0},{"not_picked":["Storm of Steel","Expertise"],"picked":"Catalyst","floor":8.0},{"not_picked":["Sucker Punch","Tactician"],"picked":"Dagger Spray","floor":10.0},{"not_picked":["Reflex","Tactician","Outmaneuver"],"picked":"SKIP","floor":13.0},{"not_picked":["Backflip","Sucker Punch"],"picked":"Deadly Poison","floor":14.0},{"not_picked":["A Thousand Cuts","Burst"],"picked":"Wraith Form v2","floor":16.0},{"not_picked":["Acrobatics+1","Blur","Heel Hook"],"picked":"SKIP","floor":18.0},{"not_picked":["Dodge and Roll","Cloak And Dagger+1"],"picked":"PiercingWail+1","floor":23.0},{"not_picked":["Escape Plan","Dagger Spray+1","Expertise"],"picked":"SKIP","floor":24.0},{"not_picked":["Calculated Gamble","Slice"],"picked":"Deadly Poison","floor":28.0},{"not_picked":["Dodge and Roll+1","Eviscerate"],"picked":"Caltrops+1","floor":29.0},{"not_picked":["Dagger Throw+1","Underhanded Strike","Blade Dance"],"picked":"SKIP","floor":31.0},{"not_picked":["Bullet Time","Doppelganger"],"picked":"Envenom+1","floor":33.0},{"not_picked":["Dodge and Roll+1","Blade Dance","Deflect+1"],"picked":"SKIP","floor":35.0},{"not_picked":["Concentrate","Expertise+1","Leg Sweep"],"picked":"SKIP","floor":40.0},{"not_picked":["Tactician+1","Heel Hook","Deflect"],"picked":"SKIP","floor":42.0},{"not_picked":["Setup","Deadly Poison"],"picked":"Venomology","floor":44.0},{"not_picked":["Blur+1","Setup+1","Deflect+1"],"picked":"SKIP","floor":45.0},{"not_picked":["Acrobatics+1","Dagger Spray"],"picked":"Noxious Fumes+1","floor":47.0},{"not_picked":["Slice","Quick Slash+1","Reflex"],"picked":"SKIP","floor":54.0}],"player_experience":278439,"relics_obtained":[{"floor":8.0,"key":"Nunchaku"},{"floor":9.0,"key":"HornCleat"},{"floor":13.0,"key":"Akabeko"},{"floor":23.0,"key":"The Courier"},{"floor":26.0,"key":"Frozen Egg 2"},{"floor":28.0,"key":"Snake Skull"},{"floor":29.0,"key":"Red Mask"},{"floor":40.0,"key":"Potion Belt"},{"floor":43.0,"key":"Turnip"},{"floor":44.0,"key":"Dream Catcher"},{"floor":47.0,"key":"Lantern"},{"floor":54.0,"key":"Blood Vial"}],"event_choices":[{"damage_healed":0.0,"max_hp_gain":0.0,"max_hp_loss":0.0,"gold_gain":175.0,"event_name":"Liars Game","player_choice":"AGREE","floor":3.0,"gold_loss":0.0,"damage_taken":0.0,"cards_obtained":["Doubt"]},{"cards_removed":["Doubt"],"damage_healed":0.0,"max_hp_gain":0.0,"max_hp_loss":0.0,"gold_gain":0.0,"event_name":"Golden Wing","player_choice":"Card Removal","floor":5.0,"gold_loss":0.0,"damage_taken":7.0},{"damage_healed":0.0,"max_hp_gain":0.0,"max_hp_loss":0.0,"gold_gain":0.0,"event_name":"Scrap Ooze","player_choice":"Success","floor":7.0,"gold_loss":0.0,"damage_taken":7.0,"relics_obtained":["Omamori"]},{"damage_healed":0.0,"max_hp_gain":0.0,"max_hp_loss":0.0,"gold_gain":0.0,"event_name":"Golden Idol","player_choice":"Take Wound","floor":12.0,"gold_loss":0.0,"damage_taken":0.0,"relics_obtained":["Golden Idol"],"cards_obtained":["Injury"]},{"damage_healed":0.0,"max_hp_gain":0.0,"max_hp_loss":0.0,"gold_gain":0.0,"event_name":"The Mausoleum","player_choice":"Opened","floor":20.0,"gold_loss":0.0,"damage_taken":0.0,"relics_obtained":["Eternal Feather"]},{"damage_healed":0.0,"max_hp_gain":0.0,"max_hp_loss":0.0,"gold_gain":0.0,"event_name":"The Library","player_choice":"Read","floor":21.0,"gold_loss":0.0,"damage_taken":0.0,"cards_obtained":["Bane"]},{"damage_healed":0.0,"max_hp_gain":0.0,"max_hp_loss":0.0,"gold_gain":0.0,"event_name":"Forgotten Altar","player_choice":"Gave Idol","floor":22.0,"relics_lost":["Golden Idol"],"gold_loss":0.0,"damage_taken":0.0,"relics_obtained":["Bloody Idol"]},{"damage_healed":0.0,"max_hp_gain":0.0,"max_hp_loss":0.0,"gold_gain":0.0,"event_name":"Masked Bandits","player_choice":"Fought Bandits","floor":29.0,"gold_loss":0.0,"damage_taken":0.0},{"damage_healed":0.0,"max_hp_gain":0.0,"max_hp_loss":0.0,"gold_gain":0.0,"event_name":"SecretPortal","player_choice":"Ignored","floor":37.0,"gold_loss":0.0,"damage_taken":0.0},{"damage_healed":0.0,"max_hp_gain":0.0,"max_hp_loss":0.0,"gold_gain":0.0,"event_name":"WeMeetAgain","player_choice":"Gave Potion","floor":39.0,"gold_loss":0.0,"damage_taken":0.0,"relics_obtained":["Ginger"]},{"damage_healed":0.0,"max_hp_gain":0.0,"max_hp_loss":0.0,"gold_gain":0.0,"event_name":"Lab","player_choice":"Got Potions","floor":48.0,"gold_loss":0.0,"damage_taken":0.0}],"is_beta":false,"boss_relics":[{"not_picked":["SacredBark","WristBlade"],"picked":"Astrolabe"},{"not_picked":["Empty Cage","Sozu"],"picked":"Velvet Choker"}],"items_purged_floors":[19,36],"is_endless":false,"potions_floor_spawned":[13,14,23,24,28,31,42,45,47],"killed_by":"The Heart","ascension_level":5}}