{"host":"7rmsgc3rayi00cdt","time":1609668981,"event":{"mods":["BaseMod","Minty Spire (QoL Compilation)"],"gold_per_floor":[111,111,111,261,261,261,288,288,288,301,301,215,248,264,264,343,343,353,533,545,557,573,573,600,600,679,714,714,748,123,143,143,220,220,236,236,251,151,151,151,151,177,177,209,43,43,56,0,0,0],"floor_reached":51,"playtime":2210,"items_purged":["Pain","Strike_G"],"score":1473,"play_id":"482d62a8-367a-4d23-a680-f1f8c6be9c18","local_time":"20210103101621","is_ascension_mode":true,"campfire_choices":[{"floor":6,"key":"REST"},{"floor":8,"key":"REST"},{"data":"Neutralize","floor":11,"key":"SMITH"},{"floor":15,"key":"REST"},{"floor":23,"key":"REST"},{"floor":25,"key":"REST"},{"floor":28,"key":"REST"},{"floor":32,"key":"REST"},{"floor":40,"key":"REST"},{"data":"Survivor","floor":46,"key":"SMITH"},{"data":"Backflip","floor":49,"key":"SMITH"}],"circlet_count":0,"master_deck":["AscendersBane","Strike_G","Strike_G","Strike_G+1","Defend_G","Defend_G","Defend_G+1","Defend_G","Defend_G","Survivor+1","Neutralize+1","Dagger Throw","Blade Dance","Blade Dance","Underhanded Strike","Acrobatics","Masterful Stab","Terror","Envenom","Infinite Blades+1","Dagger Throw+1","Backflip+1","Backstab+1","Masterful Stab+1","Adrenaline","Blade Dance","Prepared","Accuracy+1","Blade Dance+1","Die Die Die","Acrobatics","Dagger Spray+1","Impatience","Normality","All Out Attack+1","Reflex"],"relics":["SlaversCollar","Vajra","Lizard Tail","Tingsha","Art of War","Cursed Key","StrikeDummy","Darkstone Periapt","White Beast Statue","Frozen Egg 2","Kunai","Nunchaku","Meat on the Bone","Molten Egg 2","Calipers","Lee\u0027s Waffle","Red Mask"],"acts_visited":["Exordium","TheCity","TheBeyond"],"potions_floor_usage":[20,22,27,29,33,37,42,42,50,50],"damage_taken":[{"damage":3,"enemies":"Small Slimes","floor":1,"turns":5},{"damage":24,"enemies":"3 Sentries","floor":7,"turns":10},{"damage":0,"enemies":"2 Louse","floor":10,"turns":2},{"damage":6,"enemies":"Gremlin Nob","floor":13,"turns":3},{"damage":0,"enemies":"Cultist","floor":14,"turns":2},{"damage":25,"enemies":"Hexaghost","floor":16,"turns":7},{"damage":0,"enemies":"Chosen","floor":18,"turns":3},{"damage":8,"enemies":"3 Byrds","floor":20,"turns":4},{"damage":28,"enemies":"Sentry and Sphere","floor":21,"turns":4},{"damage":6,"enemies":"3 Cultists","floor":22,"turns":4},{"damage":25,"enemies":"Gremlin Leader","floor":24,"turns":4},{"damage":21,"enemies":"Slavers","floor":27,"turns":6},{"damage":12,"enemies":"Gremlin Leader","floor":29,"turns":5},{"damage":2,"enemies":"Cultist and Chosen","floor":31,"turns":3},{"damage":26,"enemies":"Champ","floor":33,"turns":7},{"damage":24,"enemies":"3 Darklings","floor":35,"turns":3},{"damage":0,"enemies":"3 Shapes","floor":37,"turns":11},{"damage":0,"enemies":"Giant Head","floor":42,"turns":4},{"damage":9,"enemies":"Reptomancer","floor":44,"turns":3},{"damage":0,"enemies":"Spire Growth","floor":47,"turns":2},{"damage":50,"enemies":"Awakened One","floor":50,"turns":11}],"seed_played":"3705336152583166962","potions_obtained":[{"floor":7,"key":"DuplicationPotion"},{"floor":13,"key":"Fire Potion"},{"floor":21,"key":"Poison Potion"},{"floor":24,"key":"Swift Potion"},{"floor":27,"key":"SteroidPotion"},{"floor":29,"key":"PowerPotion"},{"floor":31,"key":"LiquidMemories"},{"floor":33,"key":"Strength Potion"},{"floor":37,"key":"PowerPotion"},{"floor":42,"key":"Block Potion"},{"floor":44,"key":"Strength Potion"}],"is_trial":false,"path_per_floor":["M","?","?","?","?","R","E","R","T","M","R","$","E","M","R","B",null,"M","?","M","M","M","R","E","R","T","E","R","E","$","M","R","B",null,"M","?","M","$","?","R","?","E","T","E","$","R","M","?","R","B",null],"character_chosen":"THE_SILENT","items_purchased":["Underhanded Strike","Acrobatics","Kunai","Nunchaku","Prepared","Accuracy+1","Lee\u0027s Waffle"],"campfire_rested":8,"item_purchase_floors":[12,12,30,30,30,30,45],"current_hp_per_floor":[56,45,25,25,25,44,20,39,39,39,39,39,33,33,52,27,56,56,37,29,1,32,51,26,45,45,24,43,31,31,29,48,22,55,31,31,31,31,31,50,50,50,56,47,76,76,76,76,76,38],"gold":0,"neow_bonus":"BOSS_RELIC","is_daily":false,"chose_seed":false,"campfire_upgraded":3,"win_rate":0.0,"timestamp":1609668981,"path_taken":["M","?","?","?","?","R","E","R","T","M","R","$","E","M","R","BOSS","M","?","?","M","?","R","E","R","T","E","R","E","$","M","R","BOSS","M","?","M","$","?","R","?","E","T","E","?","R","?","?","R","BOSS"],"items_purchased_type":["Card","Card","Relic","Relic","Card","Card","Relic"],"build_version":"2020-12-22","purchased_purges":2,"victory":true,"max_hp_per_floor":[66,66,66,66,66,66,66,66,66,66,66,66,66,66,66,66,66,66,66,66,66,66,66,66,66,66,66,66,66,66,66,66,66,66,66,66,66,66,66,66,63,63,69,69,76,76,76,76,76,76],"card_choices":[{"not_picked":["Acrobatics","Backflip"],"picked":"Dagger Throw","floor":1},{"not_picked":["Backflip","Adrenaline"],"picked":"Blade Dance","floor":7},{"not_picked":["Sucker Punch","Deadly Poison"],"picked":"Blade Dance","floor":10},{"not_picked":["Deflect","Sucker Punch"],"picked":"Masterful Stab","floor":13},{"not_picked":["Bouncing Flask","Distraction"],"picked":"Terror","floor":14},{"not_picked":["Die Die Die","A Thousand Cuts"],"picked":"Envenom","floor":16},{"not_picked":["Accuracy","Quick Slash+1"],"picked":"Infinite Blades+1","floor":18},{"not_picked":["Setup","Eviscerate"],"picked":"Dagger Throw+1","floor":20},{"not_picked":["Poisoned Stab","Dodge and Roll+1"],"picked":"Backflip","floor":21},{"not_picked":["Poisoned Stab","Underhanded Strike"],"picked":"Backstab+1","floor":22},{"not_picked":["Slice","Blur+1"],"picked":"Masterful Stab+1","floor":24},{"not_picked":["Sucker Punch","Outmaneuver+1"],"picked":"Adrenaline","floor":27},{"not_picked":["Skewer+1","Backflip"],"picked":"Blade Dance","floor":29},{"not_picked":["Sucker Punch","Dodge and Roll+1"],"picked":"Blade Dance+1","floor":31},{"not_picked":["Storm of Steel","Wraith Form v2+1"],"picked":"Die Die Die","floor":33},{"not_picked":["Blade Dance","Blur"],"picked":"Acrobatics","floor":35},{"not_picked":["Concentrate","PiercingWail"],"picked":"Dagger Spray+1","floor":37},{"not_picked":["Forethought","Good Instincts"],"picked":"Impatience","floor":39},{"not_picked":["A Thousand Cuts+1","Well Laid Plans+1","Eviscerate+1"],"picked":"SKIP","floor":42},{"not_picked":["Skewer+1","Blur+1"],"picked":"All Out Attack+1","floor":44},{"not_picked":["Dodge and Roll","Well Laid Plans+1"],"picked":"Reflex","floor":47}],"player_experience":739399,"relics_obtained":[{"floor":7,"key":"Lizard Tail"},{"floor":9,"key":"Tingsha"},{"floor":13,"key":"Art of War"},{"floor":24,"key":"StrikeDummy"},{"floor":26,"key":"Darkstone Periapt"},{"floor":27,"key":"White Beast Statue"},{"floor":29,"key":"Frozen Egg 2"},{"floor":42,"key":"Meat on the Bone"},{"floor":43,"key":"Molten Egg 2"},{"floor":44,"key":"Calipers"}],"event_choices":[{"damage_healed":0,"gold_gain":0,"player_choice":"Success","damage_taken":11,"relics_obtained":["Vajra"],"max_hp_gain":0,"max_hp_loss":0,"event_name":"Scrap Ooze","floor":2,"gold_loss":0},{"damage_healed":0,"gold_gain":0,"player_choice":"Entered Light","damage_taken":20,"max_hp_gain":0,"max_hp_loss":0,"event_name":"Shining Light","floor":3,"gold_loss":0,"cards_upgraded":["Strike_G","Defend_G"]},{"damage_healed":0,"gold_gain":150,"player_choice":"AGREE","damage_taken":0,"max_hp_gain":0,"max_hp_loss":0,"event_name":"Liars Game","floor":4,"gold_loss":0,"cards_obtained":["Doubt"]},{"cards_removed":["Doubt"],"damage_healed":0,"gold_gain":0,"player_choice":"Forget","damage_taken":0,"max_hp_gain":0,"max_hp_loss":0,"event_name":"Living Wall","floor":5,"gold_loss":0},{"damage_healed":0,"gold_gain":180,"player_choice":"GOLD GOLD ","damage_taken":19,"max_hp_gain":0,"max_hp_loss":0,"event_name":"Knowing Skull","floor":19,"potions_obtained":[],"gold_loss":0,"cards_obtained":[]},{"cards_removed":["Strike_G"],"damage_healed":0,"gold_gain":0,"player_choice":"Removed Attack","damage_taken":0,"max_hp_gain":0,"max_hp_loss":0,"event_name":"Falling","floor":36,"gold_loss":0},{"damage_healed":0,"gold_gain":0,"player_choice":"Memory 1","damage_taken":0,"max_hp_gain":0,"max_hp_loss":0,"event_name":"SensoryStone","floor":39,"gold_loss":0},{"damage_healed":0,"gold_gain":0,"player_choice":"Max HP","damage_taken":0,"max_hp_gain":0,"max_hp_loss":3,"event_name":"Winding Halls","floor":41,"gold_loss":0},{"damage_healed":0,"gold_gain":0,"player_choice":"Paid","damage_taken":0,"relics_obtained":["Red Mask"],"max_hp_gain":0,"max_hp_loss":0,"event_name":"Tomb of Lord Red Mask","floor":48,"gold_loss":56}],"is_beta":false,"boss_relics":[{"not_picked":["Empty Cage","Philosopher\u0027s Stone"],"picked":"Cursed Key"},{"not_picked":["Velvet Choker","Sozu","Astrolabe"]}],"items_purged_floors":[30,38],"is_endless":false,"potions_floor_spawned":[7,13,16,21,24,27,29,31,33,35,37,42,44,47],"ascension_level":17}}