{"host":"6ve8qn5s1am4lo6s","time":1609640162,"event":{"mods":["AchievementEnabler","BaseMod","Better Altar","Better Match","Better Note","Better Vampires","BetterRewards","CapriCore","Displayed Cursed Tome","Evolution","Minty Spire (QoL Compilation)","Permanent Neow","Relic Stats","StSLib","The Animator"],"gold_per_floor":[115,30,47,74,91,126,126,170,249,303,332,374,13,33,33,139,139,156,169,197,215,234,270,270,303,303,337,369,391,425,756,756,856,856,872,884,900,781,808,847,898,929,1009,162,192,231,117,152,152,152],"floor_reached":51,"playtime":6944,"items_purged":["animator:SuzuneAmano"],"score":1735,"play_id":"a17375d5-5105-4241-8bde-b096645e7ba4","local_time":"20210102211602","daily_mods":["Draft","Vintage","Heirloom","Time Dilation","Flight","DeadlyEvents","Cursed Run","Elite Swarm"],"is_ascension_mode":false,"campfire_choices":[{"data":"animator:Evileye","floor":7.0,"key":"SMITH"},{"data":"animator:SuzuneAmano","floor":15.0,"key":"SMITH"},{"data":"animator:Emilia","floor":24,"key":"SMITH"},{"data":"animator:MisaKurobane","floor":32,"key":"SMITH"},{"floor":49,"key":"DIG"}],"circlet_count":0,"master_deck":["animator:Sebas+1","animator:YachiyoNanami","animator:PandorasActor","animator:Evileye","animator:Priestess","animator:PandorasActor","animator:Shuna","animator:GuildGirl","animator:Evileye+1","animator:Entoma+9","animator:DwarfShaman","animator:GuildGirl","animator:Aisha+1","animator:SuzuneAmano+1","animator:MisaKurobane+1","animator:GoblinSlayer","animator:Eve","Parasite","animator:Kyubey","animator:GoblinSlayer","animator:Eve","animator:Emilia+1","animator:TanyaDegurechaff","animator:Cirno","Injury","animator:MadokaKaname","animator:GoblinSlayer+1","Decay","animator:Kyubey+1","Clumsy","animator:Kyubey","animator:HomuraAkemi","animator:GoblinSlayer+1","Parasite","animator:Zero","animator:HomuraAkemi","Shame"],"relics":["Cursed Key","Darkstone Periapt","Du-Vu Doll","EVO:Axolotl","animator:HeavyHalberd","HornCleat","The Courier","Shuriken","Smiling Mask","FossilizedHelix","Unceasing Top","Paper Crane","Blood Vial","MealTicket","Art of War","Bag of Preparation","Black Star","Shovel","Bag of Marbles","Bottled Lightning","White Beast Statue","Meat on the Bone","Molten Egg 2","Ornamental Fan","animator:EngravedStaff","Whetstone","Mummified Hand","Ancient Tea Set","Letter Opener","Centennial Puzzle","Sundial","Nunchaku","Prayer Wheel","Old Coin","Paper Frog","Philosopher\u0027s Stone","PreservedInsect","Red Skull","Potion Belt","Bronze Scales","Oddly Smooth Stone","StoneCalendar","Calipers","Thread and Needle","Bottled Flame","War Paint","Pocketwatch","Pear","Medical Kit","Vajra","animator:Buoy","Mango","animator:ShionDessert","Charon\u0027s Ashes","Boot","MawBank","Frozen Egg 2","Lantern","TungstenRod","Blue Candle","Toy Ornithopter"],"acts_visited":["TheCity","TheBeyond"],"potions_floor_usage":[],"damage_taken":[{"damage":0.0,"enemies":"Cultist","floor":1.0,"turns":4.0},{"damage":0.0,"enemies":"2 Louse","floor":3.0,"turns":2.0},{"damage":0.0,"enemies":"Small Slimes","floor":4.0,"turns":3.0},{"damage":0.0,"enemies":"2 Fungi Beasts","floor":5.0,"turns":3.0},{"damage":0.0,"enemies":"Gremlin Nob","floor":6.0,"turns":3.0},{"damage":3.0,"enemies":"Lagavulin","floor":8.0,"turns":6.0},{"damage":0.0,"enemies":"3 Sentries","floor":10.0,"turns":5.0},{"damage":0.0,"enemies":"Lagavulin","floor":11.0,"turns":4.0},{"damage":0.0,"enemies":"3 Sentries","floor":12.0,"turns":3.0},{"damage":0.0,"enemies":"Large Slime","floor":14.0,"turns":2.0},{"damage":7.0,"enemies":"Hexaghost","floor":16.0,"turns":6.0},{"damage":0.0,"enemies":"Shell Parasite","floor":18.0,"turns":3.0},{"damage":0.0,"enemies":"Chosen","floor":19.0,"turns":4.0},{"damage":0.0,"enemies":"3 Cultists","floor":20.0,"turns":5.0},{"damage":0.0,"enemies":"Centurion and Healer","floor":21.0,"turns":5.0},{"damage":0.0,"enemies":"Cultist and Chosen","floor":22.0,"turns":4.0},{"damage":0.0,"enemies":"Gremlin Leader","floor":23.0,"turns":5.0},{"damage":0,"enemies":"animator:HornedBat","floor":25,"turns":2},{"damage":0,"enemies":"Gremlin Leader","floor":27,"turns":3},{"damage":0,"enemies":"Book of Stabbing","floor":28,"turns":3},{"damage":0,"enemies":"Shelled Parasite and Fungi","floor":29,"turns":2},{"damage":0,"enemies":"Gremlin Leader","floor":30,"turns":3},{"damage":0,"enemies":"Slavers","floor":31,"turns":3},{"damage":0,"enemies":"Champ","floor":33,"turns":4},{"damage":0,"enemies":"Orb Walker","floor":35,"turns":1},{"damage":0,"enemies":"3 Shapes","floor":36,"turns":1},{"damage":0,"enemies":"Writhing Mass","floor":37,"turns":2},{"damage":0,"enemies":"4 Shapes","floor":39,"turns":3},{"damage":0,"enemies":"Giant Head","floor":40,"turns":3},{"damage":0,"enemies":"Nemesis","floor":41,"turns":3},{"damage":0,"enemies":"Reptomancer","floor":42,"turns":2},{"damage":0,"enemies":"Giant Head","floor":45,"turns":3},{"damage":0,"enemies":"Nemesis","floor":46,"turns":1},{"damage":0,"enemies":"Reptomancer","floor":48,"turns":1},{"damage":0,"enemies":"Time Eater","floor":50,"turns":1}],"seed_played":"-8888877818916626039","potions_obtained":[{"floor":3.0,"key":"animator:GrowthPotion"},{"floor":5.0,"key":"Weak Potion"},{"floor":6.0,"key":"EssenceOfSteel"},{"floor":19.0,"key":"PowerPotion"},{"floor":22.0,"key":"FairyPotion"},{"floor":37,"key":"SkillPotion"},{"floor":39,"key":"Block Potion"}],"is_trial":true,"path_per_floor":["M","$","M","M","M","E","R","E","T","E","E","E","$","M","R","B",null,"M","M","M","M","M","E","R","E","T","E","E","M","E","E","R","B",null,"M","M","M","$","M","E","E","E","T","$","E","E","$","E","R","B",null],"character_chosen":"THE_ANIMATOR","items_purchased":["animator:MisaKurobane","animator:Emilia","animator:TanyaDegurechaff","animator:Cirno","Bronze Scales","Medical Kit","Vajra","animator:Buoy","Mango","animator:ShionDessert","animator:Zero","Lantern"],"campfire_rested":0,"item_purchase_floors":[2,13,13,13,38,44,44,44,44,44,44,47],"current_hp_per_floor":[69,69,69,69,69,69,69,66,72,74,78,79,79,79,79,78,85,85,85,87,87,87,90,90,90,96,98,98,98,98,98,98,104,104,104,104,104,104,106,106,106,108,124,138,138,138,138,140,140,146],"gold":152,"neow_bonus":"","is_daily":false,"chose_seed":false,"campfire_upgraded":4,"win_rate":0.0,"timestamp":1609640162,"path_taken":["M","$","M","M","M","E","R","E","T","E","E","E","$","M","R","BOSS","M","M","M","M","M","E","R","E","T","E","E","M","E","E","R","BOSS","M","M","M","$","M","E","E","E","T","$","E","E","$","E","R","BOSS"],"items_purchased_type":["Card","Card","Card","Card","Relic","Relic","Relic","Relic","Relic","Relic","Card","Relic"],"build_version":"2020-12-22","purchased_purges":1,"victory":true,"max_hp_per_floor":[69,69,69,69,69,69,69,69,75,77,79,79,79,79,79,85,85,85,85,87,87,87,90,90,90,96,98,98,98,98,98,98,104,104,104,104,104,104,106,106,106,108,124,138,138,138,138,140,140,146],"relic_stats":{"Darkstone Periapt":36,"StoneCalendar":[0],"Bag of Preparation":[50],"Whetstone":["animator:Entoma","animator:Aisha"],"Cursed Key":3,"Smiling Mask":10,"Boot":[0],"Blood Vial":3,"Centennial Puzzle":[0],"Nunchaku":[6],"Shovel":1,"Mummified Hand":[56],"Sundial":[0],"MealTicket":0,"Prayer Wheel":0,"counters":[35,105],"Blue Candle":[0],"PreservedInsect":461,"Charon\u0027s Ashes":[89],"Letter Opener":[118],"War Paint":["animator:Kyubey","animator:Sebas"],"Medical Kit":[1],"MawBank":12,"Shuriken":[18],"Ornamental Fan":[52],"Bronze Scales":[16],"Art of War":[8],"Black Star":12,"obtain_stats":[{"Calipers":40,"Vajra":44,"EVO:Axolotl":0,"Whetstone":25,"Boot":45,"Old Coin":31,"Blood Vial":10,"Centennial Puzzle":28,"HornCleat":1,"Sundial":28,"MealTicket":11,"Prayer Wheel":30,"Philosopher\u0027s Stone":34,"Pear":43,"Blue Candle":48,"Oddly Smooth Stone":39,"Charon\u0027s Ashes":45,"Letter Opener":27,"Paper Crane":9,"War Paint":42,"Du-Vu Doll":0,"Bottled Flame":41,"Shuriken":4,"Bronze Scales":38,"Molten Egg 2":23,"Black Star":17,"animator:HeavyHalberd":0,"Unceasing Top":8,"Meat on the Bone":22,"Pocketwatch":42,"Darkstone Periapt":0,"animator:ShionDessert":44,"Lantern":47,"StoneCalendar":40,"Mango":44,"Bag of Preparation":14,"Cursed Key":0,"Smiling Mask":5,"Ancient Tea Set":27,"Nunchaku":29,"Shovel":18,"Mummified Hand":26,"Red Skull":36,"Paper Frog":31,"Potion Belt":37,"animator:Buoy":44,"Thread and Needle":41,"The Courier":3,"PreservedInsect":35,"Frozen Egg 2":46,"Medical Kit":44,"MawBank":46,"White Beast Statue":21,"Ornamental Fan":23,"animator:EngravedStaff":25,"Art of War":12,"Bag of Marbles":19,"Bottled Lightning":20,"FossilizedHelix":6,"TungstenRod":48,"Toy Ornithopter":49},{"Calipers":29,"Vajra":31,"EVO:Axolotl":0,"Whetstone":18,"Boot":32,"Old Coin":23,"Blood Vial":7,"Centennial Puzzle":20,"HornCleat":1,"Sundial":20,"MealTicket":8,"Prayer Wheel":22,"Philosopher\u0027s Stone":24,"Pear":31,"Blue Candle":34,"Oddly Smooth Stone":28,"Charon\u0027s Ashes":32,"Letter Opener":19,"Paper Crane":6,"War Paint":31,"Du-Vu Doll":0,"Bottled Flame":30,"Shuriken":3,"Bronze Scales":27,"Molten Egg 2":17,"Black Star":11,"animator:HeavyHalberd":0,"Unceasing Top":6,"Meat on the Bone":16,"Pocketwatch":31,"Darkstone Periapt":0,"animator:ShionDessert":31,"Lantern":33,"StoneCalendar":29,"Mango":31,"Bag of Preparation":10,"Cursed Key":0,"Smiling Mask":4,"Ancient Tea Set":19,"Nunchaku":21,"Shovel":12,"Mummified Hand":18,"Red Skull":26,"Paper Frog":23,"Potion Belt":27,"animator:Buoy":31,"Thread and Needle":30,"The Courier":2,"PreservedInsect":25,"Frozen Egg 2":33,"Medical Kit":31,"MawBank":33,"White Beast Statue":15,"Ornamental Fan":17,"animator:EngravedStaff":18,"Art of War":9,"Bag of Marbles":13,"Bottled Lightning":14,"FossilizedHelix":5,"TungstenRod":34,"Toy Ornithopter":34},{"Calipers":94,"Vajra":99,"EVO:Axolotl":0,"Whetstone":66,"Boot":102,"Old Coin":80,"Blood Vial":24,"Centennial Puzzle":72,"HornCleat":3,"Sundial":72,"MealTicket":28,"Prayer Wheel":77,"Philosopher\u0027s Stone":84,"Pear":99,"Blue Candle":104,"Oddly Smooth Stone":91,"Charon\u0027s Ashes":102,"Letter Opener":69,"Paper Crane":19,"War Paint":99,"Du-Vu Doll":0,"Bottled Flame":97,"Shuriken":8,"Bronze Scales":88,"Molten Egg 2":64,"Black Star":39,"animator:HeavyHalberd":0,"Unceasing Top":19,"Meat on the Bone":59,"Pocketwatch":99,"Darkstone Periapt":0,"animator:ShionDessert":99,"Lantern":103,"StoneCalendar":94,"Mango":99,"Bag of Preparation":33,"Cursed Key":0,"Smiling Mask":11,"Ancient Tea Set":69,"Nunchaku":74,"Shovel":41,"Mummified Hand":66,"Red Skull":86,"Paper Frog":80,"Potion Belt":88,"animator:Buoy":99,"Thread and Needle":97,"The Courier":5,"PreservedInsect":85,"Frozen Egg 2":103,"Medical Kit":99,"MawBank":103,"White Beast Statue":55,"Ornamental Fan":64,"animator:EngravedStaff":66,"Art of War":31,"Bag of Marbles":45,"Bottled Lightning":50,"FossilizedHelix":14,"TungstenRod":104,"Toy Ornithopter":104}],"Unceasing Top":[41],"TungstenRod":0,"Toy Ornithopter":0,"Meat on the Bone":0,"Pocketwatch":[0]},"card_choices":[{"not_picked":["animator:RoryMercury","animator:ChaikaBohdan"],"picked":"animator:Sebas","floor":0.0},{"not_picked":["animator:Shion","animator:Bozes"],"picked":"animator:YachiyoNanami","floor":0.0},{"not_picked":["animator:Ciel","animator:Add"],"picked":"animator:PandorasActor","floor":0.0},{"not_picked":["animator:CowGirl","animator:HighElfArcher"],"picked":"animator:Evileye","floor":0.0},{"not_picked":["animator:Arpeggio","animator:Lu"],"picked":"animator:Priestess","floor":0.0},{"not_picked":["animator:Spearman","animator:Guy"],"picked":"animator:PandorasActor","floor":0.0},{"not_picked":["animator:Guy","animator:Millim"],"picked":"animator:Shuna","floor":0.0},{"not_picked":["animator:Kaijin","animator:Entoma"],"picked":"animator:GuildGirl","floor":0.0},{"not_picked":["animator:Raven","animator:Bozes"],"picked":"animator:Evileye","floor":0.0},{"not_picked":["animator:Guy","animator:Demiurge"],"picked":"animator:Entoma","floor":0.0},{"not_picked":["animator:Tyuule","animator:YaoHaDucy"],"picked":"animator:DwarfShaman","floor":0.0},{"not_picked":["animator:Shalltear","animator:Elsword"],"picked":"animator:SuzuneAmano","floor":0.0},{"not_picked":["animator:Kaijin","animator:YaoHaDucy"],"picked":"animator:GuildGirl","floor":0.0},{"not_picked":["animator:Elsword","animator:Gillette"],"picked":"animator:Aisha","floor":0.0},{"not_picked":["animator:ChaikaBohdan","animator:Millim"],"picked":"animator:SuzuneAmano","floor":0.0},{"not_picked":["animator:Shizu","animator:ItamiYouji"],"picked":"animator:GoblinSlayer","floor":6.0},{"not_picked":["animator:Ainz","animator:Albedo"],"picked":"animator:Eve","floor":8.0},{"not_picked":["animator:Shizu","animator:PinaCoLada"],"picked":"animator:Kyubey","floor":10.0},{"not_picked":["animator:SwordMaiden","animator:Rimuru"],"picked":"animator:GoblinSlayer","floor":11.0},{"not_picked":["animator:Rimuru","animator:Ainz"],"picked":"animator:Eve","floor":12.0},{"not_picked":["animator:Elesis+1","animator:Kyubey"],"picked":"animator:MadokaKaname","floor":23.0},{"not_picked":["animator:Rimuru","animator:Elesis+1"],"picked":"animator:GoblinSlayer+1","floor":25},{"not_picked":["animator:Elesis+1","animator:Ainz"],"picked":"animator:Kyubey","floor":27},{"not_picked":["animator:MadokaKaname","animator:Elesis+1","animator:Shizu+1"],"picked":"SKIP","floor":28},{"not_picked":["animator:Shizu+1","animator:Elesis+1","animator:ItamiYouji+1"],"picked":"SKIP","floor":30},{"not_picked":["animator:PinaCoLada","animator:ItamiYouji+1","animator:MadokaKaname"],"picked":"SKIP","floor":31},{"not_picked":["animator:ItamiYouji+1","animator:Shizu+1"],"picked":"animator:Kyubey","floor":40},{"not_picked":["animator:GoblinSlayer+1","animator:Rimuru"],"picked":"animator:HomuraAkemi","floor":41},{"not_picked":["animator:PinaCoLada","animator:Elesis+1"],"picked":"animator:GoblinSlayer+1","floor":42},{"not_picked":["animator:SwordMaiden","animator:Albedo+1","animator:Rimuru"],"picked":"SKIP","floor":45},{"not_picked":["animator:ChaikaTrabant+1","animator:Shizu+1"],"picked":"animator:HomuraAkemi","floor":46},{"not_picked":["animator:Ainz+1","animator:AcuraShin+1","animator:Elesis+1"],"picked":"SKIP","floor":48}],"player_experience":400712,"relics_obtained":[{"floor":1.0,"key":"HornCleat"},{"floor":3.0,"key":"The Courier"},{"floor":4.0,"key":"Shuriken"},{"floor":5.0,"key":"Smiling Mask"},{"floor":6.0,"key":"FossilizedHelix"},{"floor":8.0,"key":"Unceasing Top"},{"floor":9.0,"key":"Paper Crane"},{"floor":10.0,"key":"Blood Vial"},{"floor":11.0,"key":"MealTicket"},{"floor":12.0,"key":"Art of War"},{"floor":14.0,"key":"Bag of Preparation"},{"floor":18.0,"key":"Shovel"},{"floor":19.0,"key":"Bag of Marbles"},{"floor":20.0,"key":"Bottled Lightning"},{"floor":21.0,"key":"White Beast Statue"},{"floor":22.0,"key":"Meat on the Bone"},{"floor":23.0,"key":"Molten Egg 2"},{"floor":23.0,"key":"Ornamental Fan"},{"floor":25,"key":"animator:EngravedStaff"},{"floor":25,"key":"Whetstone"},{"floor":26,"key":"Mummified Hand"},{"floor":27,"key":"Ancient Tea Set"},{"floor":27,"key":"Letter Opener"},{"floor":28,"key":"Centennial Puzzle"},{"floor":28,"key":"Sundial"},{"floor":29,"key":"Nunchaku"},{"floor":30,"key":"Prayer Wheel"},{"floor":31,"key":"Old Coin"},{"floor":31,"key":"Paper Frog"},{"floor":35,"key":"PreservedInsect"},{"floor":36,"key":"Red Skull"},{"floor":37,"key":"Potion Belt"},{"floor":39,"key":"Oddly Smooth Stone"},{"floor":40,"key":"StoneCalendar"},{"floor":40,"key":"Calipers"},{"floor":41,"key":"Thread and Needle"},{"floor":41,"key":"Bottled Flame"},{"floor":42,"key":"War Paint"},{"floor":42,"key":"Pocketwatch"},{"floor":43,"key":"Pear"},{"floor":45,"key":"Charon\u0027s Ashes"},{"floor":45,"key":"Boot"},{"floor":46,"key":"MawBank"},{"floor":46,"key":"Frozen Egg 2"},{"floor":48,"key":"TungstenRod"},{"floor":48,"key":"Blue Candle"},{"floor":49,"key":"Toy Ornithopter"}],"event_choices":[],"is_beta":false,"boss_relics":[{"not_picked":["Runic Dome","SlaversCollar"],"picked":"Black Star"},{"not_picked":["Velvet Choker","Empty Cage"],"picked":"Philosopher\u0027s Stone"}],"items_purged_floors":[44],"is_endless":false,"potions_floor_spawned":[3,5,6,10,11,16,19,22,23,25,27,28,29,30,31,33,35,36,37,39,40,41,42,45,46,48],"ascension_level":0}}