{"host":"5fpb1gzflhq9886n","time":1609666726,"event":{"mods":["AchievementEnabler","BaseMod","Colored Map","Colored Powertips","Minty Spire (QoL Compilation)","Permanent Neow"],"gold_per_floor":[117,117,132,151,163,197,215,215,215,115,128,159,259,50,50,150,150,150,150,3,3,3,3,3,3,3,3,3,3,3,3,3,3,3,3,3,3,3,3,3,3,3,3,3,3,3,3,3,3,3,3,3,3,3,3],"floor_reached":56,"playtime":5368,"items_purged":["Strike_P","Decay"],"score":1408,"play_id":"d4e53460-d189-41c5-af88-c3ad4816959f","local_time":"20210103043846","is_ascension_mode":true,"campfire_choices":[{"floor":8.0,"key":"REST"},{"floor":15.0,"key":"REST"},{"floor":24.0,"key":"REST"},{"floor":27.0,"key":"RECALL"},{"data":"Ragnarok","floor":32.0,"key":"SMITH"},{"floor":40.0,"key":"REST"},{"floor":42.0,"key":"REST"},{"data":"Blasphemy","floor":49.0,"key":"SMITH"},{"data":"Fasting2","floor":52.0,"key":"SMITH"}],"circlet_count":0,"master_deck":["Strike_P","Strike_P","Defend_P","Defend_P","Defend_P","Defend_P","Eruption","Vigilance","CrushJoints","BowlingBash","Tantrum","TalkToTheHand","Blasphemy+1","FlyingSleeves","Protect","Ragnarok+1","EmptyBody+1","WheelKick","SpiritShield+1","BowlingBash+1","FollowUp","EmptyBody+1","Necronomicurse","Fasting2+1","SashWhip","Wallop","TalkToTheHand+1","DeusExMachina+1","Consecrate","SandsOfTime","Ragnarok+1","Vengeance+1","Swivel+1"],"relics":["Black Star","Sundial","Blood Vial","Pear","Toxic Egg 2","Orichalcum","Ectoplasm","Necronomicon","Bag of Preparation","Lantern","Letter Opener","Bronze Scales","Anchor","Boot","Gremlin Horn","Nunchaku","Oddly Smooth Stone","Bag of Marbles","CeramicFish","Juzu Bracelet","Art of War","PreservedInsect","Gambling Chip","InkBottle"],"acts_visited":["Exordium","TheCity","TheBeyond","TheEnding"],"potions_floor_usage":[55,55],"damage_taken":[{"damage":0.0,"enemies":"Small Slimes","floor":1.0,"turns":3.0},{"damage":0.0,"enemies":"Cultist","floor":3.0,"turns":4.0},{"damage":9.0,"enemies":"2 Louse","floor":4.0,"turns":2.0},{"damage":26.0,"enemies":"Exordium Thugs","floor":5.0,"turns":3.0},{"damage":32.0,"enemies":"3 Sentries","floor":6.0,"turns":10.0},{"damage":6.0,"enemies":"Looter","floor":7.0,"turns":3.0},{"damage":0.0,"enemies":"Exordium Wildlife","floor":11.0,"turns":2.0},{"damage":4.0,"enemies":"Gremlin Nob","floor":12.0,"turns":3.0},{"damage":34.0,"enemies":"The Guardian","floor":16.0,"turns":7.0},{"damage":0.0,"enemies":"Chosen","floor":18.0,"turns":5.0},{"damage":0.0,"enemies":"3 Byrds","floor":21.0,"turns":4.0},{"damage":28.0,"enemies":"Slavers","floor":23.0,"turns":3.0},{"damage":0.0,"enemies":"Book of Stabbing","floor":25.0,"turns":1.0},{"damage":7.0,"enemies":"Snecko","floor":28.0,"turns":3.0},{"damage":8.0,"enemies":"Gremlin Leader","floor":29.0,"turns":3.0},{"damage":1.0,"enemies":"Shelled Parasite and Fungi","floor":30.0,"turns":3.0},{"damage":0.0,"enemies":"Centurion and Healer","floor":31.0,"turns":2.0},{"damage":19.0,"enemies":"Collector","floor":33.0,"turns":5.0},{"damage":0.0,"enemies":"Orb Walker","floor":35.0,"turns":2.0},{"damage":11.0,"enemies":"3 Darklings","floor":36.0,"turns":3.0},{"damage":0.0,"enemies":"Maw","floor":37.0,"turns":5.0},{"damage":34.0,"enemies":"4 Shapes","floor":39.0,"turns":3.0},{"damage":19.0,"enemies":"Reptomancer","floor":41.0,"turns":4.0},{"damage":17.0,"enemies":"Giant Head","floor":44.0,"turns":6.0},{"damage":2.0,"enemies":"Nemesis","floor":46.0,"turns":5.0},{"damage":0.0,"enemies":"Sphere and 2 Shapes","floor":48.0,"turns":1.0},{"damage":7.0,"enemies":"Awakened One","floor":50.0,"turns":5.0},{"damage":11.0,"enemies":"Shield and Spear","floor":54.0,"turns":3.0},{"damage":24,"enemies":"The Heart","floor":55,"turns":8}],"seed_played":"-1937512352724407650","potions_obtained":[{"floor":3.0,"key":"Dexterity Potion"},{"floor":7.0,"key":"PowerPotion"},{"floor":11.0,"key":"SkillPotion"},{"floor":12.0,"key":"Energy Potion"},{"floor":16.0,"key":"Dexterity Potion"},{"floor":18.0,"key":"EntropicBrew"},{"floor":21.0,"key":"SteroidPotion"},{"floor":36.0,"key":"PowerPotion"},{"floor":37.0,"key":"Weak Potion"},{"floor":44.0,"key":"Dexterity Potion"}],"is_trial":false,"path_per_floor":["M","?","M","M","M","E","M","R","T","?","M","E","?","$","R","B",null,"M","?","$","M","?","E","R","E","T","R","M","E","M","M","R","B",null,"M","M","M","?","M","R","E","R","T","E","?","E","$","M","R","B",null,"R","$","E","B",null],"character_chosen":"WATCHER","items_purchased":["EmptyBody+1","WheelKick","FollowUp"],"campfire_rested":5,"item_purchase_floors":[14,14,20],"current_hp_per_floor":[72,72,72,63,37,5,1,22,22,32,34,32,32,32,56,24,82,82,82,82,82,66,40,64,66,66,66,61,55,56,58,58,50,82,82,71,73,73,41,65,48,72,72,57,57,57,57,59,59,54,78,78,78,67,45],"gold":3,"neow_bonus":"BOSS_RELIC","is_daily":false,"chose_seed":false,"campfire_upgraded":3,"win_rate":0.0,"timestamp":1609666726,"path_taken":["M","?","M","?","M","E","M","R","T","?","?","E","?","?","R","BOSS","M","?","$","M","?","E","R","E","T","R","M","E","M","M","R","BOSS","M","M","M","?","?","R","E","R","T","E","?","E","$","M","R","BOSS","R","$","E","BOSS"],"items_purchased_type":["Card","Card","Card"],"build_version":"2020-12-22","purchased_purges":2,"victory":true,"max_hp_per_floor":[72,72,72,72,72,72,72,72,72,82,82,82,82,82,82,82,82,82,82,82,82,82,82,82,82,82,82,82,82,82,82,82,82,82,82,82,82,82,82,82,82,82,82,82,78,78,78,78,78,78,78,78,78,78,78],"card_choices":[{"not_picked":["PathToVictory","Protect"],"picked":"CrushJoints","floor":1.0},{"not_picked":["DeceiveReality","Tantrum"],"picked":"BowlingBash","floor":3.0},{"not_picked":["WaveOfTheHand","EmptyFist"],"picked":"Tantrum","floor":4.0},{"not_picked":["Meditate","Prostrate"],"picked":"TalkToTheHand","floor":5.0},{"not_picked":["CrushJoints","ReachHeaven"],"picked":"Blasphemy","floor":6.0},{"not_picked":["CutThroughFate","ThirdEye"],"picked":"FlyingSleeves","floor":7.0},{"not_picked":["Prostrate","Crescendo"],"picked":"Protect","floor":11.0},{"not_picked":["Vault+1","PathToVictory+1"],"picked":"Ragnarok","floor":12.0},{"not_picked":["Vault+1","ConjureBlade+1"],"picked":"SpiritShield+1","floor":16.0},{"not_picked":["ReachHeaven","SignatureMove+1"],"picked":"BowlingBash+1","floor":18.0},{"not_picked":["FlurryOfBlows","WreathOfFlame+1"],"picked":"EmptyBody+1","floor":21.0},{"not_picked":["FlyingSleeves","WaveOfTheHand+1","FollowUp"],"picked":"SKIP","floor":23.0},{"not_picked":["FearNoEvil","Evaluate+1"],"picked":"Fasting2","floor":25.0},{"not_picked":["ClearTheMind+1","PathToVictory+1"],"picked":"SashWhip","floor":28.0},{"not_picked":["Crescendo+1","EmptyMind+1"],"picked":"Wallop","floor":29.0},{"not_picked":["FollowUp","ThirdEye+1"],"picked":"TalkToTheHand+1","floor":30.0},{"not_picked":["PathToVictory+1","EmptyBody+1","Swivel+1"],"picked":"SKIP","floor":31.0},{"not_picked":["Brilliance","Wish+1"],"picked":"DeusExMachina+1","floor":33.0},{"not_picked":["BowlingBash","EmptyBody+1"],"picked":"Consecrate","floor":35.0},{"not_picked":["EmptyBody+1","Fasting2","Wireheading"],"picked":"SKIP","floor":36.0},{"not_picked":["JustLucky","BowlingBash"],"picked":"SandsOfTime","floor":37.0},{"not_picked":["EmptyBody+1","ThirdEye+1"],"picked":"Vengeance+1","floor":39.0},{"not_picked":["ThirdEye+1","Worship+1","Protect+1"],"picked":"SKIP","floor":41.0},{"not_picked":["Study+1","SignatureMove+1","Protect+1"],"picked":"SKIP","floor":44.0},{"not_picked":["Worship+1","ConjureBlade+1","FearNoEvil"],"picked":"SKIP","floor":46.0},{"not_picked":["Wireheading+1","JustLucky","Protect+1"],"picked":"SKIP","floor":48.0},{"not_picked":["WheelKick+1","WreathOfFlame+1"],"picked":"Swivel+1","floor":54.0}],"player_experience":653391,"relics_obtained":[{"floor":6.0,"key":"Sundial"},{"floor":6.0,"key":"Blood Vial"},{"floor":12.0,"key":"Toxic Egg 2"},{"floor":12.0,"key":"Orichalcum"},{"floor":22.0,"key":"Necronomicon"},{"floor":23.0,"key":"Bag of Preparation"},{"floor":23.0,"key":"Lantern"},{"floor":25.0,"key":"Letter Opener"},{"floor":25.0,"key":"Bronze Scales"},{"floor":26.0,"key":"Anchor"},{"floor":29.0,"key":"Boot"},{"floor":29.0,"key":"Gremlin Horn"},{"floor":41.0,"key":"Nunchaku"},{"floor":41.0,"key":"Oddly Smooth Stone"},{"floor":43.0,"key":"Bag of Marbles"},{"floor":44.0,"key":"CeramicFish"},{"floor":44.0,"key":"Juzu Bracelet"},{"floor":46.0,"key":"Art of War"},{"floor":46.0,"key":"PreservedInsect"},{"floor":54.0,"key":"Gambling Chip"},{"floor":54.0,"key":"InkBottle"}],"event_choices":[{"cards_removed":["Strike_P"],"damage_healed":0.0,"max_hp_gain":0.0,"max_hp_loss":0.0,"gold_gain":0.0,"event_name":"Bonfire Elementals","player_choice":"Offered Basic","floor":2.0,"gold_loss":0.0,"damage_taken":0.0},{"damage_healed":0.0,"max_hp_gain":0.0,"max_hp_loss":0.0,"gold_gain":0.0,"event_name":"WeMeetAgain","player_choice":"Paid Gold","floor":10.0,"gold_loss":100.0,"damage_taken":0.0,"relics_obtained":["Pear"]},{"damage_healed":0.0,"max_hp_gain":0.0,"max_hp_loss":0.0,"gold_gain":100.0,"event_name":"Golden Shrine","player_choice":"Pray","floor":13.0,"gold_loss":0.0,"damage_taken":0.0},{"damage_healed":0.0,"max_hp_gain":0.0,"max_hp_loss":0.0,"gold_gain":0.0,"event_name":"Forgotten Altar","player_choice":"Smashed Altar","floor":19.0,"gold_loss":0.0,"damage_taken":0.0,"cards_obtained":["Decay"]},{"damage_healed":0.0,"max_hp_gain":0.0,"max_hp_loss":0.0,"gold_gain":0.0,"event_name":"Cursed Tome","player_choice":"Obtained Book","floor":22.0,"gold_loss":0.0,"damage_taken":16.0},{"damage_healed":0.0,"max_hp_gain":0.0,"max_hp_loss":0.0,"gold_gain":0.0,"event_name":"Duplicator","player_choice":"Copied","floor":38.0,"gold_loss":0.0,"damage_taken":0.0,"cards_obtained":["Ragnarok"]},{"damage_healed":0.0,"max_hp_gain":0.0,"max_hp_loss":4.0,"gold_gain":0.0,"event_name":"Winding Halls","player_choice":"Max HP","floor":45.0,"gold_loss":0.0,"damage_taken":0.0}],"is_beta":false,"boss_relics":[{"not_picked":["Velvet Choker","Tiny House"],"picked":"Ectoplasm"},{"not_picked":["Runic Dome","Pandora\u0027s Box","Coffee Dripper"]}],"items_purged_floors":[14,20],"is_endless":false,"potions_floor_spawned":[3,7,11,12,16,18,21,36,37,44,46,48],"ascension_level":3}}