{"host":"Sumable","time":1609717563,"event":{"mods":["AchievementEnabler","BaseMod","Better Note","BetterRewards","Googly Eyes","Hermit","Minty Spire (QoL Compilation)","Quick Restart","Shop Mod","StSLib","The Cursed","everything is the same but u backflip on backflip","slay the spire mod where everything is the same but ironclad has a cowboy hat"],"gold_per_floor":[110,110,285,309,327,371,371,226,226,240,16,16,16],"floor_reached":12,"playtime":3766,"items_purged":[],"score":129,"play_id":"bc7e35df-8d23-4d58-9ef0-22f16d46d5d0","local_time":"20210103164603","is_ascension_mode":true,"campfire_choices":[{"floor":7,"key":"REST"}],"circlet_count":0,"master_deck":["AscendersBane","Strike_R","Strike_R","Strike_R","Strike_R","Strike_R","Defend_R","Defend_R","Defend_R","Defend_R","Bash+1","Whirlwind","Injury","Doubt","Power Through","Reaper","Bloodletting","Shrug It Off","Twin Strike"],"relics":["Burning Blood","Golden Idol","Tiny Chest","Strawberry","Matryoshka","Vajra"],"acts_visited":["Exordium"],"potions_floor_usage":[4,10,10],"damage_taken":[{"damage":13,"enemies":"Jaw Worm","floor":1,"turns":4},{"damage":8,"enemies":"2 Louse","floor":4,"turns":3},{"damage":0,"enemies":"Small Slimes","floor":5,"turns":2},{"damage":61,"enemies":"Lagavulin","floor":6,"turns":10},{"damage":14,"enemies":"Exordium Wildlife","floor":10,"turns":8},{"damage":54,"enemies":"Gremlin Nob","floor":12,"turns":5}],"seed_played":"-2753163494779623708","potions_obtained":[{"floor":1,"key":"Weak Potion"},{"floor":5,"key":"SpeedPotion"},{"floor":6,"key":"SkillPotion"}],"is_trial":false,"path_per_floor":["M","?","?","M","M","E","R","$","T","M","$","E"],"character_chosen":"IRONCLAD","items_purchased":["Strawberry","Vajra","Shrug It Off","Twin Strike"],"campfire_rested":1,"item_purchase_floors":[8,11,11,11],"current_hp_per_floor":[65,65,65,63,69,14,38,45,45,43,43,0,0],"gold":16,"neow_bonus":"UPGRADE_CARD","is_daily":false,"chose_seed":false,"campfire_upgraded":0,"win_rate":0.0,"timestamp":1609717563,"path_taken":["M","?","?","M","M","E","R","$","T","M","$","E"],"items_purchased_type":["Relic","Relic","Card","Card"],"build_version":"2020-12-18","purchased_purges":0,"victory":false,"max_hp_per_floor":[80,80,80,80,80,80,80,87,87,87,87,87,87],"card_choices":[{"not_picked":["Iron Wave","Clothesline"],"picked":"Whirlwind","floor":1},{"not_picked":["Headbutt","Rampage"],"picked":"Power Through","floor":4},{"not_picked":["Battle Trance","Disarm","Clash"],"picked":"SKIP","floor":5},{"not_picked":["Hemokinesis","Cleave"],"picked":"Reaper","floor":6},{"not_picked":["Armaments","Heavy Blade"],"picked":"Bloodletting","floor":10}],"player_experience":1033451,"relics_obtained":[{"floor":6,"key":"Tiny Chest"},{"floor":9,"key":"Matryoshka"}],"event_choices":[{"damage_healed":0,"gold_gain":0,"player_choice":"Take Wound","damage_taken":0,"relics_obtained":["Golden Idol"],"max_hp_gain":0,"max_hp_loss":0,"event_name":"Golden Idol","floor":2,"gold_loss":0,"cards_obtained":["Injury"]},{"damage_healed":0,"gold_gain":175,"player_choice":"AGREE","damage_taken":0,"max_hp_gain":0,"max_hp_loss":0,"event_name":"Liars Game","floor":3,"gold_loss":0,"cards_obtained":["Doubt"]}],"is_beta":true,"boss_relics":[],"items_purged_floors":[],"is_endless":false,"potions_floor_spawned":[1,5,6],"killed_by":"Gremlin Nob","ascension_level":13}}