{"host":"0i8dz4ityulxi1rd","time":1609638410,"event":{"mods":["BaseMod","Colored Map","Colored Powertips","Custom Start","Highlight Path","Hubris","Keyboard Shortcuts","Minty Spire (QoL Compilation)","StSLib","SuperFastMode"],"gold_per_floor":[112,112,37,56,75,108,108,133,133,33,49,63,63,63,63,63,63],"floor_reached":16,"playtime":445,"items_purged":["Strike_R","Strike_R"],"score":220,"play_id":"d9e36b44-e332-4636-9ee8-3d6bfe0a8bc8","local_time":"20210103104650","is_ascension_mode":true,"campfire_choices":[{"data":"Fire Breathing","floor":7,"key":"SMITH"},{"floor":13,"key":"REST"},{"data":"Pommel Strike","floor":15,"key":"SMITH"}],"circlet_count":0,"master_deck":["AscendersBane","Strike_R","Strike_R","Defend_R","Defend_R","Defend_R","Bash","Injury","Fire Breathing+1","Flame Barrier","Spot Weakness","Cleave","Second Wind","Pommel Strike+1","Reaper"],"relics":["Burning Blood","Bag of Marbles","hubris:SphereOfDissonance","Mango"],"acts_visited":["Exordium"],"potions_floor_usage":[6,12,16],"damage_taken":[{"damage":0,"enemies":"Small Slimes","floor":1,"turns":4},{"damage":2,"enemies":"Cultist","floor":4,"turns":4},{"damage":2,"enemies":"2 Louse","floor":5,"turns":5},{"damage":58,"enemies":"Gremlin Nob","floor":6,"turns":5},{"damage":15,"enemies":"3 Sentries","floor":8,"turns":4},{"damage":9,"enemies":"Large Slime","floor":11,"turns":5},{"damage":20,"enemies":"Gremlin Gang","floor":12,"turns":4},{"damage":50,"enemies":"The Guardian","floor":16,"turns":10}],"seed_played":"978441612512183393","potions_obtained":[{"floor":5,"key":"BlessingOfTheForge"},{"floor":6,"key":"DistilledChaos"},{"floor":12,"key":"Block Potion"}],"is_trial":false,"path_per_floor":["M","?","$","M","M","E","R","E","T","$","M","M","R","$","R","B"],"character_chosen":"IRONCLAD","items_purchased":[],"campfire_rested":1,"item_purchase_floors":[],"current_hp_per_floor":[74,74,74,75,75,23,23,28,28,28,25,11,37,37,37,0,0],"gold":63,"neow_bonus":"TRANSFORM_TWO_CARDS","is_daily":false,"chose_seed":false,"campfire_upgraded":2,"win_rate":0.0,"timestamp":1609638410,"path_taken":["M","?","$","M","M","E","R","E","T","?","M","M","R","$","R","BOSS"],"items_purchased_type":[],"build_version":"2020-12-22","purchased_purges":2,"victory":false,"max_hp_per_floor":[75,75,75,75,75,75,75,89,89,89,89,89,89,89,89,89,89],"card_choices":[{"not_picked":["Combust","Armaments","Warcry"],"picked":"SKIP","floor":1},{"not_picked":["Clothesline","Evolve"],"picked":"Spot Weakness","floor":4},{"not_picked":["Havoc","Searing Blow"],"picked":"Cleave","floor":5},{"not_picked":["Corruption","Feel No Pain"],"picked":"Second Wind","floor":6},{"not_picked":["True Grit","Dropkick"],"picked":"Pommel Strike","floor":8},{"not_picked":["Sword Boomerang","Heavy Blade","Body Slam"],"picked":"SKIP","floor":11},{"not_picked":["hubris:CleavingFinish","Body Slam"],"picked":"Reaper","floor":12}],"player_experience":1306294,"relics_obtained":[{"floor":2,"key":"Bag of Marbles"},{"floor":6,"key":"hubris:SphereOfDissonance"},{"floor":8,"key":"Mango"}],"event_choices":[{"damage_healed":0,"gold_gain":0,"player_choice":"Relic","damage_taken":0,"max_hp_gain":0,"max_hp_loss":0,"event_name":"Wheel of Change","floor":2,"gold_loss":0}],"is_beta":false,"boss_relics":[],"items_purged_floors":[3,10],"is_endless":false,"potions_floor_spawned":[5,6,12],"killed_by":"The Guardian","ascension_level":20}}