{"host":"gc9rk8b4vlc0bstx","time":1609634234,"event":{"mods":["Ascension Unlocker","BaseMod","Minty Spire (QoL Compilation)","Permanent Neow","Relic Stats","StSLib"],"gold_per_floor":[116,130,140,152,170,170,199,213,513,513,513,513,544,556,556,632,632,647,604,19,36,54,80,80,96,96,131,147,147,72,72,72,144,144,157,167,167,167,181,181,213,213,287,300,319,335,362,9,9,9,9,9],"floor_reached":51,"playtime":7335,"items_purged":["Strike_B"],"score":1501,"play_id":"06a973cb-ffad-48ea-8fce-0dca50fdec11","local_time":"20210102163714","is_ascension_mode":true,"campfire_choices":[{"data":"Zap","floor":6.0,"key":"SMITH"},{"floor":10.0,"key":"REST"},{"data":"Dualcast","floor":12.0,"key":"SMITH"},{"data":"Creative AI","floor":15.0,"key":"SMITH"},{"data":"Biased Cognition","floor":24.0,"key":"SMITH"},{"data":"Storm","floor":32.0,"key":"SMITH"},{"data":"Consume","floor":40.0,"key":"SMITH"},{"data":"Loop","floor":42.0,"key":"SMITH"},{"data":"Storm","floor":49.0,"key":"SMITH"}],"circlet_count":0,"master_deck":["AscendersBane","Defend_B","Defend_B","Defend_B","Zap+1","Dualcast+1","Chill","Hologram","Coolheaded","All For One","Creative AI+1","Static Discharge","Conserve Battery","Consume+1","Glacier","Amplify","Loop+1","Leap+1","Biased Cognition+1","Capacitor","Storm+1","Electrodynamics","Force Field+1","Force Field+1","Hologram+1","Self Repair+1","Doom and Gloom+1","Storm+1","Steam Power+1","Amplify+1"],"relics":["Cracked Core","Blue Candle","Old Coin","Toy Ornithopter","Snecko Eye","Lee\u0027s Waffle","Gambling Chip","Pear","Bottled Lightning","Prayer Wheel","Bag of Preparation","Inserter","Bronze Scales","Toxic Egg 2","Smiling Mask","Membership Card","Bottled Tornado"],"acts_visited":["Exordium","TheCity","TheBeyond"],"potions_floor_usage":[],"damage_taken":[{"damage":7.0,"enemies":"Small Slimes","floor":1.0,"turns":3.0},{"damage":0.0,"enemies":"Cultist","floor":2.0,"turns":3.0},{"damage":0.0,"enemies":"Jaw Worm","floor":3.0,"turns":5.0},{"damage":3.0,"enemies":"2 Fungi Beasts","floor":4.0,"turns":6.0},{"damage":4.0,"enemies":"Looter","floor":5.0,"turns":4.0},{"damage":26.0,"enemies":"Lagavulin","floor":7.0,"turns":8.0},{"damage":12.0,"enemies":"Large Slime","floor":8.0,"turns":5.0},{"damage":14.0,"enemies":"3 Sentries","floor":13.0,"turns":5.0},{"damage":13.0,"enemies":"Gremlin Gang","floor":14.0,"turns":8.0},{"damage":21.0,"enemies":"The Guardian","floor":16.0,"turns":11.0},{"damage":0.0,"enemies":"Chosen","floor":18.0,"turns":6.0},{"damage":30.0,"enemies":"2 Thieves","floor":19.0,"turns":5.0},{"damage":32.0,"enemies":"Centurion and Healer","floor":21.0,"turns":6.0},{"damage":10.0,"enemies":"Shelled Parasite and Fungi","floor":22.0,"turns":8.0},{"damage":7.0,"enemies":"Book of Stabbing","floor":23.0,"turns":7.0},{"damage":8.0,"enemies":"Snake Plant","floor":25.0,"turns":7.0},{"damage":1.0,"enemies":"Slavers","floor":27.0,"turns":10.0},{"damage":6.0,"enemies":"3 Cultists","floor":28.0,"turns":6.0},{"damage":24.0,"enemies":"Champ","floor":33.0,"turns":6.0},{"damage":16.0,"enemies":"3 Darklings","floor":35.0,"turns":4.0},{"damage":0.0,"enemies":"3 Shapes","floor":36.0,"turns":3.0},{"damage":0.0,"enemies":"Writhing Mass","floor":39.0,"turns":3.0},{"damage":0.0,"enemies":"Nemesis","floor":41.0,"turns":5.0},{"damage":3.0,"enemies":"4 Shapes","floor":44.0,"turns":3.0},{"damage":8.0,"enemies":"Jaw Worm Horde","floor":45.0,"turns":4.0},{"damage":2.0,"enemies":"Spire Growth","floor":46.0,"turns":4.0},{"damage":15.0,"enemies":"Reptomancer","floor":47.0,"turns":5.0},{"damage":67.0,"enemies":"Awakened One","floor":50.0,"turns":11.0},{"damage":18,"enemies":"Donu and Deca","floor":51,"turns":2}],"seed_played":"1811102102355754845","potions_obtained":[{"floor":2.0,"key":"SkillPotion"},{"floor":5.0,"key":"Explosive Potion"},{"floor":7.0,"key":"Energy Potion"},{"floor":8.0,"key":"Regen Potion"},{"floor":14.0,"key":"FocusPotion"},{"floor":16.0,"key":"Ancient Potion"},{"floor":18.0,"key":"Swift Potion"},{"floor":21.0,"key":"Dexterity Potion"},{"floor":22.0,"key":"Block Potion"},{"floor":23.0,"key":"Energy Potion"},{"floor":25.0,"key":"Regen Potion"},{"floor":28.0,"key":"AttackPotion"},{"floor":39.0,"key":"Energy Potion"},{"floor":41.0,"key":"Weak Potion"},{"floor":44.0,"key":"PotionOfCapacity"}],"is_trial":false,"path_per_floor":["M","M","M","M","M","R","E","M","T","R","?","R","E","M","R","B",null,"M","M","$","M","M","E","R","M","T","E","M","?","?","?","R","B",null,"M","M","?","?","M","R","E","R","T","M","M","M","E","$","R","B","B"],"character_chosen":"DEFECT","items_purchased":["Lee\u0027s Waffle","Gambling Chip","Loop","Membership Card","Bottled Tornado"],"campfire_rested":1,"item_purchase_floors":[20,20,20,48,48],"current_hp_per_floor":[57,57,57,54,50,50,24,12,12,31,31,31,31,18,18,2,49,49,24,71,39,29,42,42,34,34,53,47,47,47,47,47,28,68,52,52,52,52,62,62,77,77,77,81,81,79,74,74,74,12,0,0],"gold":9,"neow_bonus":"REMOVE_TWO","is_daily":false,"chose_seed":false,"campfire_upgraded":8,"win_rate":0.0,"timestamp":1609634234,"path_taken":["M","M","M","M","M","R","E","M","T","R","?","R","E","?","R","BOSS","M","M","$","M","?","E","R","M","T","E","M","?","?","?","R","BOSS","M","M","?","?","M","R","E","R","T","?","M","M","E","$","R","BOSS","BOSS"],"items_purchased_type":["Relic","Relic","Card","Relic","Relic"],"build_version":"2020-12-22","purchased_purges":1,"victory":false,"max_hp_per_floor":[64,64,64,64,64,64,64,64,64,64,64,64,64,64,64,64,64,64,64,71,71,71,81,81,81,81,81,81,81,81,81,81,81,81,81,81,81,81,81,81,81,81,81,81,81,81,81,81,81,81,81,81],"relic_stats":{"Lee\u0027s Waffle":47,"Inserter":[22],"counters":[29,162],"Blue Candle":[0],"Gambling Chip":[91],"Bronze Scales":[91],"Snecko Eye":[222,216,194,209],"Prayer Wheel":7,"Bag of Preparation":[22],"Smiling Mask":-12,"obtain_stats":[{"Lee\u0027s Waffle":20,"Pear":23,"Inserter":34,"Blue Candle":7,"Bag of Preparation":29,"Bottled Tornado":48,"Smiling Mask":47,"Old Coin":9,"Gambling Chip":20,"Bronze Scales":41,"Snecko Eye":17,"Prayer Wheel":27,"Bottled Lightning":26,"Membership Card":48,"Toxic Egg 2":43,"Cracked Core":0,"Toy Ornithopter":13},{"Lee\u0027s Waffle":12,"Pear":15,"Inserter":19,"Blue Candle":6,"Bag of Preparation":18,"Bottled Tornado":27,"Smiling Mask":27,"Old Coin":7,"Gambling Chip":12,"Bronze Scales":23,"Snecko Eye":10,"Prayer Wheel":17,"Bottled Lightning":16,"Membership Card":27,"Toxic Egg 2":23,"Cracked Core":0,"Toy Ornithopter":8},{"Lee\u0027s Waffle":69,"Pear":90,"Inserter":118,"Blue Candle":29,"Bag of Preparation":112,"Bottled Tornado":149,"Smiling Mask":149,"Old Coin":34,"Gambling Chip":69,"Bronze Scales":133,"Snecko Eye":58,"Prayer Wheel":106,"Bottled Lightning":97,"Membership Card":149,"Toxic Egg 2":133,"Cracked Core":0,"Toy Ornithopter":39}],"Toy Ornithopter":40},"card_choices":[{"not_picked":["Beam Cell","Hologram"],"picked":"Chill","floor":1.0},{"not_picked":["Aggregate","Beam Cell"],"picked":"Hologram","floor":2.0},{"not_picked":["Stack","Reprogram"],"picked":"Coolheaded","floor":3.0},{"not_picked":["Stack","Fusion","Leap"],"picked":"SKIP","floor":4.0},{"not_picked":["Steam","Chill"],"picked":"All For One","floor":5.0},{"not_picked":["Conserve Battery","Hello World"],"picked":"Creative AI","floor":7.0},{"not_picked":["Barrage","Chaos"],"picked":"Static Discharge","floor":8.0},{"not_picked":["Beam Cell","Skim"],"picked":"Consume","floor":13.0},{"not_picked":["Coolheaded","Cold Snap"],"picked":"Glacier","floor":14.0},{"not_picked":["Machine Learning","Seek"],"picked":"Amplify","floor":16.0},{"not_picked":["Gash","Stack","Leap"],"picked":"SKIP","floor":18.0},{"not_picked":["Leap","Beam Cell","Aggregate"],"picked":"SKIP","floor":19.0},{"not_picked":["Compile Driver+1","Blizzard+1"],"picked":"Leap+1","floor":21.0},{"not_picked":["Static Discharge","Melter","Sweeping Beam"],"picked":"SKIP","floor":22.0},{"not_picked":["Fusion+1","Cold Snap+1"],"picked":"Biased Cognition","floor":23.0},{"not_picked":["Barrage","Stack","Double Energy"],"picked":"SKIP","floor":25.0},{"not_picked":["Streamline","Stack"],"picked":"Capacitor","floor":27.0},{"not_picked":["Steam Power","White Noise","FTL"],"picked":"SKIP","floor":28.0},{"not_picked":["Streamline","Compile Driver","Ball Lightning+1"],"picked":"SKIP","floor":28.0},{"not_picked":["Seek","Rainbow"],"picked":"Electrodynamics","floor":33.0},{"not_picked":["Coolheaded","Cold Snap"],"picked":"Force Field+1","floor":35.0},{"not_picked":["Barrage+1","Hologram"],"picked":"Force Field+1","floor":35.0},{"not_picked":["Streamline+1","Sweeping Beam+1"],"picked":"Hologram+1","floor":36.0},{"not_picked":["Leap","Force Field"],"picked":"Self Repair+1","floor":36.0},{"not_picked":["Sweeping Beam+1","Barrage","BootSequence"],"picked":"SKIP","floor":39.0},{"not_picked":["Go for the Eyes","Multi-Cast","White Noise"],"picked":"SKIP","floor":39.0},{"not_picked":["Sweeping Beam","Barrage"],"picked":"Doom and Gloom+1","floor":41.0},{"not_picked":["Gash","Barrage"],"picked":"Storm","floor":44.0},{"not_picked":["Beam Cell","Compile Driver","Go for the Eyes"],"picked":"SKIP","floor":44.0},{"not_picked":["Scrape","Doom and Gloom+1"],"picked":"Steam Power+1","floor":45.0},{"not_picked":["Barrage","Leap+1","Beam Cell"],"picked":"SKIP","floor":45.0},{"not_picked":["Gash","Heatsinks","Genetic Algorithm+1"],"picked":"SKIP","floor":46.0},{"not_picked":["Chaos+1","Gash+1","Heatsinks"],"picked":"SKIP","floor":46.0},{"not_picked":["Electrodynamics","Darkness+1"],"picked":"Amplify+1","floor":47.0}],"player_experience":842490,"relics_obtained":[{"floor":7.0,"key":"Blue Candle"},{"floor":9.0,"key":"Old Coin"},{"floor":13.0,"key":"Toy Ornithopter"},{"floor":23.0,"key":"Pear"},{"floor":26.0,"key":"Bottled Lightning"},{"floor":27.0,"key":"Prayer Wheel"},{"floor":41.0,"key":"Bronze Scales"},{"floor":43.0,"key":"Toxic Egg 2"},{"floor":47.0,"key":"Smiling Mask"}],"event_choices":[{"damage_healed":0.0,"max_hp_gain":0.0,"max_hp_loss":0.0,"gold_gain":0.0,"event_name":"Match and Keep!","player_choice":"1 cards matched","floor":11.0,"gold_loss":0.0,"damage_taken":0.0,"cards_obtained":["Conserve Battery"]},{"damage_healed":0.0,"max_hp_gain":0.0,"max_hp_loss":0.0,"gold_gain":0.0,"event_name":"The Mausoleum","player_choice":"Opened","floor":29.0,"gold_loss":0.0,"damage_taken":0.0,"relics_obtained":["Bag of Preparation"],"cards_obtained":["Writhe"]},{"cards_removed":["Writhe"],"damage_healed":0.0,"max_hp_gain":0.0,"max_hp_loss":0.0,"gold_gain":0.0,"event_name":"Beggar","player_choice":"Gave Gold","floor":30.0,"gold_loss":75.0,"damage_taken":0.0},{"damage_healed":0.0,"max_hp_gain":0.0,"max_hp_loss":0.0,"gold_gain":0.0,"event_name":"The Library","player_choice":"Read","floor":31.0,"gold_loss":0.0,"damage_taken":0.0,"cards_obtained":["Storm"]},{"cards_removed":["Strike_B"],"damage_healed":0.0,"max_hp_gain":0.0,"max_hp_loss":0.0,"gold_gain":0.0,"event_name":"Falling","player_choice":"Removed Attack","floor":37.0,"gold_loss":0.0,"damage_taken":0.0},{"cards_removed":["Strike_B"],"damage_healed":0.0,"max_hp_gain":0.0,"max_hp_loss":0.0,"gold_gain":0.0,"event_name":"Wheel of Change","player_choice":"Card Removal","floor":38.0,"gold_loss":0.0,"damage_taken":0.0}],"is_beta":false,"boss_relics":[{"not_picked":["SlaversCollar","SacredBark"],"picked":"Snecko Eye"},{"not_picked":["Runic Dome","Astrolabe"],"picked":"Inserter"}],"items_purged_floors":[48],"is_endless":false,"potions_floor_spawned":[2,5,7,8,14,16,18,21,22,23,25,28,39,41,44,47],"killed_by":"Donu and Deca","ascension_level":20}}