{"host":"jq8d8epkoknfq6em","time":1609646208,"event":{"mods":["AchievementEnabler","BaseMod","Colored Map","Colored Powertips","Highlight Path","Minty Spire (QoL Compilation)","Quick Restart","StSLib"],"gold_per_floor":[119,136,150,162,182,507,507,537,563,629,655,675,693,8,8,106,106,119,138,138,138,155,184,133,133,156,156,156,188,188,219,219,314,314,327,97,197,211,211,211],"floor_reached":39,"playtime":4091,"items_purged":[],"score":761,"play_id":"cb9ff1b9-bbcc-4982-afa9-9e606081cdf1","local_time":"20210103045648","is_ascension_mode":true,"campfire_choices":[{"data":"Havoc","floor":7,"key":"SMITH"},{"data":"1","floor":15,"key":"LIFT"},{"data":"2","floor":25,"key":"LIFT"},{"data":"3","floor":27,"key":"LIFT"},{"data":"Berserk","floor":30,"key":"SMITH"},{"floor":32,"key":"REST"}],"circlet_count":0,"master_deck":["AscendersBane","Defend_R","Defend_R","Defend_R","Defend_R","Bash","Havoc+1","Shrug It Off","Shockwave","Cleave","Wild Strike","Headbutt","Evolve","Cleave","Inflame","Limit Break+1","Uppercut","Impervious+1","Berserk+1","Thunderclap","Bite","Bite","Bite","Bite","Bite","Battle Trance","Shrug It Off","Corruption","Shockwave+1","Juggernaut","Pommel Strike+1","Dropkick","Panache"],"relics":["Burning Blood","Orichalcum","Old Coin","Girya","Whetstone","Tiny Chest","Champion Belt","Sozu","Happy Flower","Omamori","Pear","War Paint","Magic Flower","SlaversCollar"],"acts_visited":["Exordium","TheCity","TheBeyond"],"potions_floor_usage":[16,23,29],"damage_taken":[{"damage":2,"enemies":"2 Louse","floor":1,"turns":3},{"damage":7,"enemies":"Jaw Worm","floor":2,"turns":3},{"damage":8,"enemies":"Small Slimes","floor":3,"turns":3},{"damage":7,"enemies":"Blue Slaver","floor":4,"turns":4},{"damage":2,"enemies":"3 Louse","floor":5,"turns":3},{"damage":9,"enemies":"Gremlin Nob","floor":6,"turns":5},{"damage":27,"enemies":"Lagavulin","floor":8,"turns":6},{"damage":12,"enemies":"3 Sentries","floor":11,"turns":5},{"damage":2,"enemies":"Looter","floor":12,"turns":2},{"damage":2,"enemies":"Red Slaver","floor":13,"turns":4},{"damage":9,"enemies":"The Guardian","floor":16,"turns":11},{"damage":20,"enemies":"2 Thieves","floor":18,"turns":3},{"damage":0,"enemies":"Chosen","floor":19,"turns":3},{"damage":5,"enemies":"3 Cultists","floor":22,"turns":4},{"damage":38,"enemies":"Slavers","floor":23,"turns":6},{"damage":15,"enemies":"Gremlin Leader","floor":29,"turns":4},{"damage":14,"enemies":"Slavers","floor":31,"turns":4},{"damage":74,"enemies":"Collector","floor":33,"turns":9},{"damage":13,"enemies":"Orb Walker","floor":35,"turns":3},{"damage":39,"enemies":"3 Darklings","floor":38,"turns":5},{"damage":46,"enemies":"Jaw Worm Horde","floor":39,"turns":2}],"seed_played":"-5737671529995856828","potions_obtained":[{"floor":1,"key":"Weak Potion"},{"floor":4,"key":"Weak Potion"},{"floor":13,"key":"SneckoOil"},{"floor":16,"key":"SpeedPotion"}],"is_trial":false,"path_per_floor":["M","M","M","M","M","E","R","E","T","?","E","M","M","$","R","B",null,"M","M","?","?","M","E","$","R","T","R","T","E","R","E","R","B",null,"M","$","?","M","M"],"character_chosen":"IRONCLAD","items_purchased":["Champion Belt","Inflame","Limit Break","Uppercut","Impervious","Shrug It Off","Dropkick","Panache"],"campfire_rested":1,"item_purchase_floors":[14,14,14,14,14,24,36,36],"current_hp_per_floor":[76,75,73,72,76,73,73,52,52,52,46,50,54,54,54,51,73,59,65,65,56,56,32,32,32,32,32,42,41,41,41,60,22,55,60,60,60,42,0,0],"gold":211,"neow_bonus":"RANDOM_COMMON_RELIC","is_daily":false,"chose_seed":false,"campfire_upgraded":2,"win_rate":0.0,"timestamp":1609646208,"path_taken":["M","M","M","M","M","E","R","E","T","?","E","M","M","$","R","BOSS","M","M","?","?","M","E","?","R","T","R","?","E","R","E","R","BOSS","M","$","?","?","M"],"items_purchased_type":["Relic","Card","Card","Card","Card","Card","Card","Card"],"build_version":"2020-12-22","purchased_purges":0,"victory":false,"max_hp_per_floor":[80,80,80,80,80,80,80,80,80,80,80,80,80,80,80,80,80,80,80,80,56,56,56,56,56,56,56,66,66,66,66,66,66,66,66,66,66,66,66,66],"card_choices":[{"not_picked":["Seeing Red","Warcry","Perfected Strike"],"picked":"SKIP","floor":1},{"not_picked":["Seeing Red","Flex"],"picked":"Havoc","floor":2},{"not_picked":["Twin Strike","Seeing Red"],"picked":"Shrug It Off","floor":3},{"not_picked":["Wild Strike","Disarm"],"picked":"Shockwave","floor":4},{"not_picked":["Bloodletting","Wild Strike"],"picked":"Cleave","floor":5},{"not_picked":["Sword Boomerang","Anger"],"picked":"Wild Strike","floor":6},{"not_picked":["Sword Boomerang","Cleave"],"picked":"Headbutt","floor":8},{"not_picked":["Thunderclap","Inflame"],"picked":"Evolve","floor":11},{"not_picked":["Clash","Iron Wave"],"picked":"Cleave","floor":12},{"not_picked":["Iron Wave","Whirlwind","Headbutt"],"picked":"SKIP","floor":13},{"not_picked":["Limit Break","Reaper"],"picked":"Berserk","floor":16},{"not_picked":["True Grit+1","Rage"],"picked":"Thunderclap","floor":18},{"not_picked":["Thunderclap","Twin Strike","Armaments"],"picked":"SKIP","floor":19},{"not_picked":["Twin Strike","Limit Break","Entrench+1"],"picked":"SKIP","floor":22},{"not_picked":["Havoc","Body Slam"],"picked":"Battle Trance","floor":23},{"not_picked":["Anger","Dual Wield"],"picked":"Corruption","floor":29},{"not_picked":["Seeing Red","Cleave"],"picked":"Shockwave+1","floor":31},{"not_picked":["Limit Break","Offering"],"picked":"Juggernaut","floor":33},{"not_picked":["Dual Wield+1","Heavy Blade+1"],"picked":"Pommel Strike+1","floor":35},{"not_picked":["Havoc","Warcry+1","Flex+1"],"picked":"SKIP","floor":38}],"player_experience":903848,"relics_obtained":[{"floor":6,"key":"Old Coin"},{"floor":8,"key":"Girya"},{"floor":9,"key":"Whetstone"},{"floor":11,"key":"Tiny Chest"},{"floor":23,"key":"Happy Flower"},{"floor":26,"key":"Omamori"},{"floor":28,"key":"Pear"},{"floor":29,"key":"War Paint"},{"floor":31,"key":"Magic Flower"}],"event_choices":[{"damage_healed":0,"gold_gain":66,"player_choice":"Gained Gold","damage_taken":0,"max_hp_gain":0,"max_hp_loss":0,"event_name":"Golden Wing","floor":10,"gold_loss":0},{"damage_healed":0,"gold_gain":0,"player_choice":"Ignored","damage_taken":0,"max_hp_gain":0,"max_hp_loss":0,"event_name":"Ghosts","floor":20,"gold_loss":0},{"damage_healed":0,"gold_gain":0,"player_choice":"Became a vampire","damage_taken":0,"max_hp_gain":0,"max_hp_loss":24,"event_name":"Vampires","floor":21,"gold_loss":0,"cards_obtained":["Bite","Bite","Bite","Bite","Bite"]},{"damage_healed":0,"gold_gain":100,"player_choice":"Pray","damage_taken":0,"max_hp_gain":0,"max_hp_loss":0,"event_name":"Golden Shrine","floor":37,"gold_loss":0}],"is_beta":false,"boss_relics":[{"not_picked":["Runic Pyramid","Runic Cube"],"picked":"Sozu"},{"not_picked":["SacredBark","Philosopher\u0027s Stone"],"picked":"SlaversCollar"}],"items_purged_floors":[],"is_endless":false,"potions_floor_spawned":[1,4,12,13,16,19,31,35,38],"killed_by":"Jaw Worm Horde","ascension_level":11}}