{"host":"k85tjwrh7mjrrc9a","time":1609713773,"event":{"mods":["AchievementEnabler","BaseMod","Colored Powertips","Highlight Path","Minty Spire (QoL Compilation)","Rare Cards Sparkle","StSLib"],"gold_per_floor":[112,125,142,157,170,170,200,200,200,227,227,227,77,93,93,195,195,212,212,212,232,251,251,251],"floor_reached":23,"playtime":1752,"items_purged":[],"score":254,"play_id":"52b405c2-ed27-42ec-b902-e3c0065866d8","local_time":"20210103174253","is_ascension_mode":true,"campfire_choices":[{"data":"Bash","floor":6,"key":"SMITH"},{"floor":12,"key":"REST"},{"data":"Pommel Strike","floor":15,"key":"SMITH"}],"circlet_count":0,"master_deck":["Strike_R","Strike_R","Strike_R","Strike_R","Strike_R","Defend_R","Defend_R","Defend_R","Defend_R","Bash+1","True Grit+1","Iron Wave","Sword Boomerang","Double Tap","Evolve","Iron Wave","Whirlwind","Pommel Strike+1","Offering"],"relics":["Burning Blood","Omamori","Lantern","Mummified Hand","Pocketwatch","Velvet Choker"],"acts_visited":["Exordium","TheCity"],"potions_floor_usage":[10,10,16,16,23],"damage_taken":[{"damage":5,"enemies":"Jaw Worm","floor":1,"turns":5},{"damage":3,"enemies":"2 Louse","floor":2,"turns":3},{"damage":1,"enemies":"Cultist","floor":3,"turns":4},{"damage":30,"enemies":"Large Slime","floor":4,"turns":11},{"damage":5,"enemies":"2 Fungi Beasts","floor":5,"turns":4},{"damage":32,"enemies":"Gremlin Nob","floor":7,"turns":5},{"damage":22,"enemies":"3 Sentries","floor":10,"turns":9},{"damage":2,"enemies":"Exordium Thugs","floor":14,"turns":4},{"damage":35,"enemies":"The Guardian","floor":16,"turns":13},{"damage":10,"enemies":"Chosen","floor":18,"turns":5},{"damage":1,"enemies":"3 Byrds","floor":21,"turns":4},{"damage":43,"enemies":"Centurion and Healer","floor":22,"turns":8},{"damage":61,"enemies":"Book of Stabbing","floor":23,"turns":6}],"seed_played":"-1475563133691179967","potions_obtained":[{"floor":3,"key":"Block Potion"},{"floor":4,"key":"LiquidMemories"},{"floor":5,"key":"DistilledChaos"},{"floor":10,"key":"FearPotion"},{"floor":16,"key":"Block Potion"},{"floor":22,"key":"Dexterity Potion"}],"is_trial":false,"path_per_floor":["M","M","M","M","M","R","E","?","T","E","?","R","$","M","R","B",null,"M","?","?","M","M","E"],"character_chosen":"IRONCLAD","items_purchased":["Pommel Strike","FairyPotion"],"campfire_rested":1,"item_purchase_floors":[13,13],"current_hp_per_floor":[80,80,80,56,57,57,31,31,31,15,15,39,39,43,43,14,64,60,60,60,65,28,0,0],"gold":251,"neow_bonus":"RANDOM_COMMON_RELIC","is_daily":false,"chose_seed":false,"campfire_upgraded":2,"win_rate":0.0,"timestamp":1609713773,"path_taken":["M","M","M","M","M","R","E","?","T","E","?","R","$","M","R","BOSS","M","?","?","M","M","E"],"items_purchased_type":["Card","Potion"],"build_version":"2020-12-22","purchased_purges":0,"victory":false,"max_hp_per_floor":[80,80,80,80,80,80,80,80,80,80,80,80,80,80,80,80,80,80,80,80,80,80,80,80],"card_choices":[{"not_picked":["Sentinel","Reckless Charge"],"picked":"True Grit","floor":1},{"not_picked":["Clothesline","Anger"],"picked":"Iron Wave","floor":2},{"not_picked":["Rupture","Combust","Havoc"],"picked":"SKIP","floor":3},{"not_picked":["Spot Weakness","Hemokinesis"],"picked":"Sword Boomerang","floor":4},{"not_picked":["Spot Weakness","Rupture","Flex"],"picked":"SKIP","floor":5},{"not_picked":["Brutality","Pummel"],"picked":"Double Tap","floor":7},{"not_picked":["Reckless Charge","Metallicize"],"picked":"Evolve","floor":10},{"not_picked":["Iron Wave","Clash","Anger"],"picked":"SKIP","floor":14},{"not_picked":["Bludgeon","Immolate"],"picked":"Offering","floor":16},{"not_picked":["Perfected Strike","Havoc","Pummel"],"picked":"SKIP","floor":18},{"not_picked":["Reckless Charge","Pummel","Flex"],"picked":"SKIP","floor":21},{"not_picked":["Clothesline","Intimidate","Body Slam+1"],"picked":"SKIP","floor":22}],"player_experience":129835,"relics_obtained":[{"floor":7,"key":"Lantern"},{"floor":9,"key":"Mummified Hand"},{"floor":10,"key":"Pocketwatch"}],"event_choices":[{"damage_healed":0,"gold_gain":0,"player_choice":"Grow","damage_taken":0,"max_hp_gain":0,"max_hp_loss":0,"event_name":"Living Wall","floor":8,"gold_loss":0,"cards_upgraded":["True Grit"]},{"damage_healed":0,"gold_gain":0,"player_choice":"2 cards matched","damage_taken":0,"max_hp_gain":0,"max_hp_loss":0,"event_name":"Match and Keep!","floor":11,"gold_loss":0,"cards_obtained":["Iron Wave","Whirlwind"]},{"damage_healed":0,"gold_gain":0,"player_choice":"Ignored","damage_taken":0,"max_hp_gain":0,"max_hp_loss":0,"event_name":"Ghosts","floor":19,"gold_loss":0},{"damage_healed":0,"gold_gain":0,"player_choice":"Smashed Altar","damage_taken":0,"max_hp_gain":0,"max_hp_loss":0,"event_name":"Forgotten Altar","floor":20,"gold_loss":0,"cards_obtained":["Decay"]}],"is_beta":false,"boss_relics":[{"not_picked":["Tiny House","Empty Cage"],"picked":"Velvet Choker"}],"items_purged_floors":[],"is_endless":false,"potions_floor_spawned":[3,4,5,10,16,22],"killed_by":"Book of Stabbing","ascension_level":5}}