{"host":"dbga4p2yf89wcmt1","time":1609643487,"event":{"mods":["BaseMod","Colored Map","Googly Eyes","Minty Spire (QoL Compilation)","Relic Stats","StSLib"],"gold_per_floor":[112,131,147,165,240,240,250,250,250,250,77,97,97,43,43,147,447,462,462,305,305,220,220,238,238,238,264,277,277,277],"floor_reached":29,"playtime":1265,"items_purged":["Defend_P"],"score":263,"play_id":"bd0bceca-7fdf-4015-acb9-c50be3601f0f","local_time":"20210102221127","is_ascension_mode":false,"campfire_choices":[{"data":"Conclude","floor":6.0,"key":"SMITH"},{"floor":10.0,"key":"REST"},{"data":"FlurryOfBlows","floor":13.0,"key":"SMITH"},{"floor":15.0,"key":"REST"},{"floor":23.0,"key":"REST"},{"floor":25,"key":"REST"}],"circlet_count":0,"master_deck":["Strike_P","Strike_P","Strike_P","Strike_P","Defend_P+1","Defend_P","Defend_P","Eruption","Vigilance","PathToVictory","Conclude+1","FlurryOfBlows","SandsOfTime","Worship+1","FlurryOfBlows+1","BowlingBash","Prostrate","Judgement","CurseOfTheBell","Crescendo+1","SandsOfTime","PathToVictory+1","DeceiveReality"],"relics":["PureWater","Juzu Bracelet","War Paint","Centennial Puzzle","Calling Bell","Tiny Chest","Question Card","Old Coin","Kunai","Bag of Marbles"],"acts_visited":[],"potions_floor_usage":[29],"damage_taken":[{"damage":1.0,"enemies":"Jaw Worm","floor":1.0,"turns":3.0},{"damage":0.0,"enemies":"2 Louse","floor":2.0,"turns":1.0},{"damage":0.0,"enemies":"Cultist","floor":3.0,"turns":2.0},{"damage":12.0,"enemies":"Looter","floor":4.0,"turns":3.0},{"damage":2.0,"enemies":"Blue Slaver","floor":7.0,"turns":4.0},{"damage":7.0,"enemies":"Exordium Wildlife","floor":12.0,"turns":3.0},{"damage":0.0,"enemies":"Slime Boss","floor":16.0,"turns":5.0},{"damage":27.0,"enemies":"Spheric Guardian","floor":18.0,"turns":6.0},{"damage":28,"enemies":"2 Thieves","floor":24,"turns":3},{"damage":15,"enemies":"Snecko","floor":28,"turns":4},{"damage":44,"enemies":"Gremlin Leader","floor":29,"turns":2}],"seed_played":"-5731735111697706758","potions_obtained":[{"floor":2.0,"key":"Strength Potion"},{"floor":3.0,"key":"FearPotion"},{"floor":16.0,"key":"DuplicationPotion"}],"is_trial":false,"path_per_floor":["M","M","M","M","?","R","M","?","T","R","$","M","R","$","R","B",null,"M","?","$","?","?","R","M","R","T","T","M","E"],"character_chosen":"WATCHER","items_purchased":["FlurryOfBlows","Centennial Puzzle","Prostrate","SandsOfTime"],"campfire_rested":4,"item_purchase_floors":[11,11,14,20],"current_hp_per_floor":[71,71,71,59,48,48,46,39,39,60,60,53,53,53,72,72,72,45,45,45,45,45,66,38,59,59,59,44,0,0],"gold":277,"neow_bonus":"THREE_CARDS","is_daily":false,"chose_seed":false,"campfire_upgraded":2,"win_rate":0.0,"timestamp":1609643487,"path_taken":["M","M","M","M","?","R","M","?","T","R","$","M","R","$","R","BOSS","M","?","$","?","?","R","M","R","T","?","M","E"],"items_purchased_type":["Card","Relic","Card","Card"],"build_version":"2020-12-22","purchased_purges":1,"victory":false,"max_hp_per_floor":[72,72,72,72,72,72,72,72,72,72,72,72,72,72,72,72,72,72,72,72,72,72,72,72,72,72,72,72,72,72],"relic_stats":{"Centennial Puzzle":[15],"counters":[11,36],"Tiny Chest":1,"Juzu Bracelet":1,"Kunai":[2],"War Paint":["Worship","Defend_P"],"Question Card":3,"obtain_stats":[{"Calling Bell":17,"Centennial Puzzle":11,"Tiny Chest":17,"Juzu Bracelet":8,"Bag of Marbles":27,"Kunai":22,"PureWater":0,"War Paint":9,"Question Card":17,"Old Coin":17},{"Calling Bell":7,"Centennial Puzzle":5,"Tiny Chest":7,"Juzu Bracelet":5,"Bag of Marbles":9,"Kunai":8,"PureWater":0,"War Paint":5,"Question Card":7,"Old Coin":7},{"Calling Bell":21,"Centennial Puzzle":13,"Tiny Chest":21,"Juzu Bracelet":13,"Bag of Marbles":30,"Kunai":27,"PureWater":0,"War Paint":13,"Question Card":21,"Old Coin":21}]},"card_choices":[{"not_picked":["ThirdEye","EmptyFist"],"picked":"PathToVictory","floor":0.0},{"not_picked":["EmptyBody","EmptyMind"],"picked":"Conclude","floor":1.0},{"not_picked":["CrushJoints","InnerPeace"],"picked":"FlurryOfBlows","floor":2.0},{"not_picked":["Weave","Wireheading","SashWhip"],"picked":"SKIP","floor":3.0},{"not_picked":["FlyingSleeves","Study"],"picked":"SandsOfTime","floor":4.0},{"not_picked":["ClearTheMind","Protect"],"picked":"Worship","floor":7.0},{"not_picked":["Worship","SashWhip"],"picked":"BowlingBash","floor":12.0},{"not_picked":["Alpha","SpiritShield"],"picked":"Judgement","floor":16.0},{"not_picked":["Vengeance","CrushJoints","FollowUp+1"],"picked":"Crescendo+1","floor":18.0},{"not_picked":["CarveReality","Crescendo","Conclude"],"picked":"PathToVictory+1","floor":24},{"not_picked":["FollowUp","JustLucky","FearNoEvil"],"picked":"DeceiveReality","floor":28}],"player_experience":150650,"relics_obtained":[{"floor":9.0,"key":"War Paint"},{"floor":17.0,"key":"Tiny Chest"},{"floor":17.0,"key":"Question Card"},{"floor":17.0,"key":"Old Coin"},{"floor":27,"key":"Bag of Marbles"}],"event_choices":[{"damage_healed":0.0,"max_hp_gain":0.0,"max_hp_loss":0.0,"gold_gain":75.0,"event_name":"World of Goop","player_choice":"Gather Gold","floor":5.0,"gold_loss":0.0,"damage_taken":11.0},{"damage_healed":0.0,"max_hp_gain":0.0,"max_hp_loss":0.0,"gold_gain":0.0,"event_name":"Scrap Ooze","player_choice":"Success","floor":8.0,"gold_loss":0.0,"damage_taken":7.0,"relics_obtained":["Juzu Bracelet"]},{"damage_healed":0.0,"max_hp_gain":0.0,"max_hp_loss":0.0,"gold_gain":0.0,"event_name":"NoteForYourself","player_choice":"Ignored","floor":19.0,"gold_loss":0.0,"damage_taken":0.0},{"damage_healed":0.0,"max_hp_gain":0.0,"max_hp_loss":0.0,"gold_gain":0.0,"event_name":"Ghosts","player_choice":"Ignored","floor":21.0,"gold_loss":0.0,"damage_taken":0.0},{"damage_healed":0.0,"max_hp_gain":0.0,"max_hp_loss":0.0,"gold_gain":0.0,"event_name":"Addict","player_choice":"Obtained Relic","floor":22.0,"gold_loss":85.0,"damage_taken":0.0,"relics_obtained":["Kunai"]}],"is_beta":false,"boss_relics":[{"not_picked":["VioletLotus","Pandora\u0027s Box"],"picked":"Calling Bell"}],"items_purged_floors":[20],"is_endless":false,"potions_floor_spawned":[2,3,16,24],"killed_by":"Gremlin Leader","ascension_level":0}}