{"host":"c1ih99nde5rm1bm8","time":1609646641,"event":{"mods":["ATMod(∞¢Ë™Mod)","Act Like it!","BaseMod","Colored Powertips","FoggyMod","Gensokyo","Highlight Path","Marisa£®ÏF”Í°°ƒß¿Ì…≥£©","Minty Spire (QoL Compilation)","MostiFishMod","Quick Restart","Reimu£®≤©¿ˆ¡È√Œ£©","Remilia£®¿Ÿ√◊¿Ú—«£©","StSLib","The Servant 0.9.4","UnlockEverythingMod","Waifu the Spire","Yakumo Yukari mod","Youmu£®ªÍ∆«—˝√Œ£©","Yuri Mod","Yuyuko","noobMod","°æ“≈ŒÔø®≈∆°øREMEMod"],"gold_per_floor":[159,159,159,159,109,109,216,297,297,247,247,299,249,275,275,590,590,645,645,687,637,597,737,737,737,737,867,867,933,933,933,933,1315,1315,1395,1464,1464,1464,1464,1606,1674,1674,1720,2053,2065,2286,2286,2286,2286,2456,2456,2456,2456,2603,2590],"floor_reached":56,"playtime":1499,"items_purged":["yuri:GhostForm","ForeignInfluence","ClearTheMind","MostiFishMod:LegendTransform"],"score":1934,"play_id":"bf1d2372-e28d-48cd-9bac-8d420c8fc5fb","local_time":"20210103120401","daily_mods":["Draft","Shiny","Specialized","Vintage","ControlledChaos","Allstar","Colorless Cards","Heirloom","Time Dilation","Flight","Cursed Run","Elite Swarm","Lethality","Midas","Terminal","Binary"],"is_ascension_mode":false,"campfire_choices":[{"floor":6.0,"key":"RECALL"},{"floor":15,"key":"DIG"},{"floor":32,"key":"DIG"},{"floor":49,"key":"DIG"},{"floor":52,"key":"DIG"}],"circlet_count":0,"master_deck":["Demon Form+1","Wraith Form v2+1","Echo Form+1","DevaForm+1","BatForm+1","FlawlessForm+1","ForeignInfluence+1","ForeignInfluence+1","ForeignInfluence+1","ForeignInfluence+1","Tantrum+1","Prostrate+1","EmptyFist+1","MentalFortress+1","CrushJoints+1","FollowUp+1","MostiFishMod:FlowState+1","Meditate+1","CutThroughFate+1","Prostrate+1","MostiFishMod:LegendTransform+1","PathToVictory+1","AT_OneInchPunch+1","Prostrate+1","Berserk+1","Injury","MostiFishMod:Disappear+1","CarveReality+1","MostiFishMod:PathToVictory+1","REME_Repentance+1","Chrysalis+1","Impatience+1","MostiFishMod:StarHerder+1","MostiFishMod:BrokenBlackCloak+1","Shame","AT_EmpoweredMortalDraw+1","CrushJoints+1","DeceiveReality+1","Fasting2+1","Regret","FlurryOfBlows+1","Pray+1","REME_MusicOfDeath+1","REME_MagicPocketWatch+1","CarveReality+1","MostiFishMod:ElfcollectionBox+1","Decay","Decay","REME_HeartOfCthun+1","Transmutation+1","LessonLearned+1","CrushJoints+1","Meditate+1","Sadistic Nature+1","Gensokyo:AllTheWorldsEvil","Pain","MostiFishMod:StoryBook+1","SandsOfTime+1","MostiFishMod:Dust+1","TalkToTheHand+1","Crescendo+1","AT_EmpoweredMortalDraw+1","Normality","MostiFishMod:Moonprays+1","MostiFishMod:SephirahHod+1","AT_PowerWithin+1","SignatureMove+1","REME_HeartOfCthun+1","REME_FirmDetermination+1","MostiFishMod:StoryBook+1","AT_ChampionStep+1","Master of Strategy+1","MostiFishMod:PerfectForm+1","Flash of Steel","PathToVictory","Gensokyo:ImpossibleRequest","Injury","PathToVictory+1","FlurryOfBlows+1","Gensokyo:ImpossibleRequest","AT_EmpoweredMortalDraw+1","Ragnarok+1","SashWhip+1","Consecrate","AT_RealFormLess+1","Scrawl+1","Consecrate","TalkToTheHand","Enlightenment","REME_MawOfCthun+1","Regret","Poor:ReiMu","AT_IrregularMenstruation+1","Dramatic Entrance","MostiFishMod:StoryBook+1","AT_TearsDenial+1","REME_EmptyShield+1","Gensokyo:ImpossibleRequest"],"relics":["Cursed Key","Darkstone Periapt","Du-Vu Doll","Frozen Eye","Busted Crown","DaveBox","ice","REME_ComplimentaryCards","AT_ATBox","DiscerningMonocle","Peace Pipe","Letter Opener","SynthV:TestCard","Golden Idol","SentryEyes","PreservedInsect","Cauldron","Pear","Smiling Mask","Mummified Hand","Nunchaku","Blue Candle","HandDrill","Shovel","AT_TimeSand","Mastiff:ReiMu","StrikeDummy","BirthdayGift-Icosahedron","SynthV:C4","PatriotShield","Bag of Preparation","Art of War","REME_ArchaeologicalTools","Membership Card","InkBottle","ZunR:ReiMu","Turnip","Centennial Puzzle","Sundial","Shuriken","GoldenEye","CrazyTorch:ReiMu","Dodecahedron","AT_RedNoBalance","Tiny Chest","AT_PhaseBoots","Eternal Feather","Lee\u0027s Waffle","AT_ImmortalShieldbow","MostiFishMod:Hod","Bottled Lightning","Pen Nib","BrkXgEgg","AT_MibuBalloonWealth","AT_BellDemon","White Beast Statue","CombinedTypeHook","REME_OnlineShoppingPlatform","REME_IWantAll","Bottled Flame","Pantograph","MawBank","CatCart","Question Card","Juzu Bracelet","Anchor","DollysMirror","DaCapo","Akabeko","Meat on the Bone","Frozen Egg 2","Chemical X","Gambling Chip","Boot","TeardropLocket","Vajra","Melange","CloakClasp","Kunai","RuthlessExorcism:ReiMu"],"acts_visited":["Exordium","TheCity","TheBeyond","TheEnding"],"potions_floor_usage":[16,31,55,55,55,55],"damage_taken":[{"damage":9.0,"enemies":"Jaw Worm","floor":1.0,"turns":2.0},{"damage":0.0,"enemies":"3 Sentries","floor":7.0,"turns":1.0},{"damage":0,"enemies":"Lagavulin","floor":8,"turns":1},{"damage":0,"enemies":"Small Slimes","floor":12,"turns":1},{"damage":0,"enemies":"The Guardian","floor":16,"turns":1},{"damage":3,"enemies":"Shell Parasite","floor":18,"turns":1},{"damage":0,"enemies":"2 Thieves","floor":20,"turns":1},{"damage":0,"enemies":"Slavers","floor":23,"turns":1},{"damage":0,"enemies":"Book of Stabbing","floor":27,"turns":1},{"damage":21,"enemies":"Shelled Parasite and Fungi","floor":29,"turns":1},{"damage":4,"enemies":"Automaton","floor":33,"turns":2},{"damage":0,"enemies":"Orb Walker","floor":35,"turns":1},{"damage":8,"enemies":"3 Darklings","floor":36,"turns":1},{"damage":0,"enemies":"Giant Head","floor":40,"turns":2},{"damage":0,"enemies":"Giant Head","floor":41,"turns":1},{"damage":2,"enemies":"Orin","floor":44,"turns":2},{"damage":0,"enemies":"2 Orb Walkers","floor":46,"turns":2},{"damage":0,"enemies":"Awakened One","floor":50,"turns":2},{"damage":0,"enemies":"Shield and Spear","floor":54,"turns":1},{"damage":74,"enemies":"The Heart","floor":55,"turns":3}],"seed_played":"-7960797731432350467","potions_obtained":[{"floor":4.0,"key":"AttackPotion"},{"floor":4.0,"key":"Fire Potion"},{"floor":4.0,"key":"EntropicBrew"},{"floor":7.0,"key":"DuplicationPotion"}],"is_trial":true,"path_per_floor":["M","?","?","$","?","R","E","E","T","$","?","M","$","T","R","B",null,"M","?","M","$","?","E","?","T","T","E","?","M","$","$","R","B",null,"M","M","?","$","$","E","?","T","T","?","$","?","$","T","R","B",null,"R","$","E","B",null],"character_chosen":"WATCHER","items_purchased":["SentryEyes","PreservedInsect","Cauldron","Fruit Juice","SkillPotion","MostiFishMod:Disappear","CarveReality","MostiFishMod:LegendTransform","MostiFishMod:PathToVictory","REME_Repentance","Chrysalis","Impatience","Nunchaku","Blue Candle","HandDrill","AT_EmpoweredMortalDraw","CrushJoints","DeceiveReality","Fasting2","AttackPotion","Mastiff:ReiMu","StrikeDummy","BirthdayGift-Icosahedron","FlurryOfBlows","Pray","REME_MusicOfDeath","REME_MagicPocketWatch","CarveReality","MostiFishMod:ElfcollectionBox","REME_ArchaeologicalTools","Membership Card","InkBottle","Transmutation","LessonLearned","CrushJoints","Meditate","Energy Potion","Dodecahedron","AT_SilverBalance","Tiny Chest","SandsOfTime","MostiFishMod:Dust","AT_SpeedBoots","Eternal Feather","TalkToTheHand","Crescendo","Lee\u0027s Waffle","Fruit Juice","Fire Potion","AT_EmpoweredMortalDraw","BrkXgEgg","AT_MibuBalloonWealth","AT_BellDemon","SignatureMove","REME_HeartOfCthun+1","REME_FirmDetermination","White Beast Statue","MostiFishMod:StoryBook+1","CombinedTypeHook","AT_ChampionStep","REME_OnlineShoppingPlatform","Juzu Bracelet","Anchor","DollysMirror","AT_EmpoweredMortalDraw+1","Ragnarok+1","Meat on the Bone","Frozen Egg 2","Chemical X","Scrawl+1","Consecrate","TalkToTheHand","Enlightenment","REME_MawOfCthun+1","Vajra","Melange","CloakClasp","AT_IrregularMenstruation+1","Dramatic Entrance"],"campfire_rested":0,"item_purchase_floors":[4,4,4,4,4,4,4,4,4,4,4,4,10,10,10,10,10,10,10,10,13,13,13,13,13,13,13,13,13,21,21,21,21,21,21,21,21,30,30,30,30,30,31,31,31,31,31,31,31,31,38,38,38,38,38,38,39,39,39,39,39,45,45,45,45,45,47,47,47,47,47,47,47,47,53,53,53,53,53],"current_hp_per_floor":[62,68,53,58,58,58,68,68,74,74,80,80,80,86,86,93,99,97,97,96,95,94,93,92,97,102,101,100,80,80,109,108,57,112,111,104,104,104,104,108,109,114,119,120,125,127,126,131,130,135,134,133,132,134,84],"gold":2590,"neow_bonus":"","is_daily":false,"chose_seed":false,"campfire_upgraded":0,"win_rate":0.0,"timestamp":1609646641,"path_taken":["M","?","?","$","?","R","E","E","T","$","?","?","$","?","R","BOSS","M","?","?","$","?","E","?","?","T","E","?","?","$","$","R","BOSS","M","?","?","$","$","E","?","?","T","?","?","?","$","?","R","BOSS","R","$","E","BOSS"],"items_purchased_type":["Relic","Relic","Relic","Potion","Potion","Card","Card","Card","Card","Card","Card","Card","Relic","Relic","Relic","Card","Card","Card","Card","Potion","Relic","Relic","Relic","Card","Card","Card","Card","Card","Card","Relic","Relic","Relic","Card","Card","Card","Card","Potion","Relic","Relic","Relic","Card","Card","Relic","Relic","Card","Card","Relic","Potion","Potion","Card","Relic","Relic","Relic","Card","Card","Card","Relic","Card","Relic","Card","Relic","Relic","Relic","Relic","Card","Card","Relic","Relic","Relic","Card","Card","Card","Card","Card","Relic","Relic","Relic","Card","Card"],"build_version":"2020-12-22","purchased_purges":4,"victory":true,"max_hp_per_floor":[70,75,74,78,77,76,85,84,89,88,93,92,91,96,95,100,99,98,97,96,95,94,93,92,97,102,101,100,99,98,109,108,113,112,111,110,109,108,107,108,109,114,119,120,125,127,126,131,130,135,134,133,132,134,143],"card_choices":[{"not_picked":["Good Instincts","PathToVictory"],"picked":"Tantrum","floor":0.0},{"not_picked":["Crescendo","CutThroughFate"],"picked":"Prostrate","floor":0.0},{"not_picked":["EmptyBody","Protect"],"picked":"EmptyFist","floor":0.0},{"not_picked":["ThirdEye","EmptyBody"],"picked":"MentalFortress","floor":0.0},{"not_picked":["Protect","Jack Of All Trades"],"picked":"CrushJoints","floor":0.0},{"not_picked":["MostiFishMod:LegendTransform","EmptyBody"],"picked":"ClearTheMind","floor":0.0},{"not_picked":["BowlingBash","BattleHymn"],"picked":"FollowUp","floor":0.0},{"not_picked":["BattleHymn","ClearTheMind"],"picked":"MostiFishMod:FlowState","floor":0.0},{"not_picked":["MostiFishMod:SupremeArchaeology","CrushJoints"],"picked":"Meditate","floor":0.0},{"not_picked":["Protect","REME_MusicOfDeath"],"picked":"CutThroughFate","floor":0.0},{"not_picked":["Swift Strike","AT_PowerWithin"],"picked":"Prostrate","floor":0.0},{"not_picked":["PathToVictory","FlurryOfBlows"],"picked":"MostiFishMod:LegendTransform","floor":0.0},{"not_picked":["ClearTheMind","CrushJoints"],"picked":"PathToVictory","floor":0.0},{"not_picked":["FlurryOfBlows","FollowUp"],"picked":"AT_OneInchPunch","floor":0.0},{"not_picked":["Evaluate","ThirdEye"],"picked":"Prostrate","floor":0.0},{"not_picked":["MostiFishMod:KingOfFree"],"picked":"MostiFishMod:StarHerder","floor":7.0},{"not_picked":["Wish"],"picked":"MostiFishMod:BrokenBlackCloak","floor":8},{"not_picked":["Sadistic Nature"],"picked":"REME_HeartOfCthun","floor":16},{"not_picked":["REME_MawOfCthun"],"picked":"Sadistic Nature","floor":23},{"not_picked":["REME_Flogging"],"picked":"MostiFishMod:StoryBook","floor":27},{"not_picked":["Mayhem"],"picked":"MostiFishMod:Moonprays","floor":33},{"not_picked":["AT_CelerityRune"],"picked":"AT_PowerWithin","floor":37},{"not_picked":["Master of Strategy+1","MostiFishMod:PerfectForm+1"],"picked":"Singing Bowl","floor":40},{"not_picked":["Flash of Steel","PathToVictory"],"picked":"Singing Bowl","floor":41},{"not_picked":["PathToVictory+1","FlurryOfBlows+1"],"picked":"Singing Bowl","floor":44},{"not_picked":["SashWhip+1","Consecrate","AT_RealFormLess+1"],"picked":"Singing Bowl","floor":46},{"not_picked":["MostiFishMod:StoryBook+1","AT_TearsDenial+1","REME_EmptyShield+1"],"picked":"Singing Bowl","floor":54}],"player_experience":53265,"relics_obtained":[{"floor":1.0,"key":"Letter Opener"},{"floor":1.0,"key":"SynthV:TestCard"},{"floor":7.0,"key":"Pear"},{"floor":8,"key":"Smiling Mask"},{"floor":9,"key":"Mummified Hand"},{"floor":12,"key":"AT_TimeSand"},{"floor":15,"key":"SynthV:C4"},{"floor":18,"key":"Bag of Preparation"},{"floor":20,"key":"Art of War"},{"floor":23,"key":"Turnip"},{"floor":25,"key":"Sundial"},{"floor":26,"key":"Shuriken"},{"floor":27,"key":"GoldenEye"},{"floor":29,"key":"CrazyTorch:ReiMu"},{"floor":32,"key":"AT_ImmortalShieldbow"},{"floor":35,"key":"Bottled Lightning"},{"floor":36,"key":"Pen Nib"},{"floor":40,"key":"REME_IWantAll"},{"floor":40,"key":"Bottled Flame"},{"floor":42,"key":"Pantograph"},{"floor":43,"key":"MawBank"},{"floor":44,"key":"CatCart"},{"floor":44,"key":"Question Card"},{"floor":46,"key":"DaCapo"},{"floor":46,"key":"Akabeko"},{"floor":48,"key":"Gambling Chip"},{"floor":49,"key":"Boot"},{"floor":52,"key":"TeardropLocket"},{"floor":54,"key":"Kunai"},{"floor":54,"key":"RuthlessExorcism:ReiMu"}],"event_choices":[{"damage_healed":0.0,"max_hp_gain":0.0,"max_hp_loss":0.0,"gold_gain":0.0,"event_name":"Golden Idol","player_choice":"Take Wound","floor":2.0,"gold_loss":0.0,"damage_taken":0.0,"relics_obtained":["Golden Idol"],"cards_obtained":["Injury"]},{"damage_healed":0.0,"max_hp_gain":0.0,"max_hp_loss":0.0,"gold_gain":0.0,"event_name":"Shining Light","player_choice":"Entered Light","floor":3.0,"gold_loss":0.0,"damage_taken":15.0,"cards_upgraded":["Meditate","PathToVictory"]},{"cards_removed":["yuri:DragonForm"],"damage_healed":0.0,"max_hp_gain":0.0,"max_hp_loss":0.0,"gold_gain":0.0,"event_name":"The Cleric","player_choice":"Card Removal","floor":5.0,"gold_loss":50.0,"damage_taken":0.0},{"damage_healed":0,"gold_gain":0,"player_choice":"Box","damage_taken":0,"relics_obtained":["Shovel"],"max_hp_gain":0,"max_hp_loss":0,"event_name":"Big Fish","floor":11,"gold_loss":0,"cards_obtained":["Regret"]},{"damage_healed":0,"gold_gain":0,"player_choice":"Ignored","damage_taken":0,"max_hp_gain":0,"max_hp_loss":0,"event_name":"NoteForYourself","floor":19,"gold_loss":0},{"damage_healed":0,"gold_gain":0,"player_choice":"π∫¬Ú…Òæ∆","damage_taken":0,"relics_obtained":["ZunR:ReiMu"],"max_hp_gain":0,"max_hp_loss":0,"event_name":"ZunEvent","floor":22,"gold_loss":40},{"damage_healed":0,"gold_gain":0,"player_choice":"Opened","damage_taken":0,"relics_obtained":["Centennial Puzzle"],"max_hp_gain":0,"max_hp_loss":0,"event_name":"The Mausoleum","floor":24,"gold_loss":0},{"damage_healed":0,"gold_gain":0,"player_choice":"Got Potions","damage_taken":0,"max_hp_gain":0,"max_hp_loss":0,"event_name":"Lab","floor":28,"gold_loss":0},{"damage_healed":0,"gold_gain":0,"player_choice":"Memory 1","damage_taken":0,"max_hp_gain":0,"max_hp_loss":0,"event_name":"SensoryStone","floor":37,"gold_loss":0},{"damage_healed":0,"gold_gain":0,"player_choice":"Fight","damage_taken":0,"max_hp_gain":0,"max_hp_loss":0,"event_name":"OrinTheCat","floor":44,"gold_loss":0},{"damage_healed":0,"gold_gain":0,"player_choice":"Fight","damage_taken":0,"max_hp_gain":0,"max_hp_loss":0,"event_name":"Mysterious Sphere","floor":46,"gold_loss":0}],"is_beta":false,"boss_relics":[{"not_picked":["ExusiaiGun","Tiny House"],"picked":"PatriotShield"},{"not_picked":["ShadowXiaoBlade","MoonlightInvasionPlan"],"picked":"MostiFishMod:Hod"}],"items_purged_floors":[4,10,13,21],"is_endless":false,"potions_floor_spawned":[7,23,27,35,36,40,41,44,46,54],"ascension_level":0}}