{"host":"96bpdudduaq3ttpf","time":1609666126,"event":{"mods":["2.2 Compatiblity","Act Like it!","Astrologer","Bard","Bartender","BaseMod","CapriCore","Challenge The Spire","Chen","Downfall","Elementarium","Energized Spire","Friendly Minions","Gensokyo","GifTheSpireLib","Hallownest","Hermit","Jorbs\u0027s Wanderer Trilogy","KinomotoSakuraMod(????)","Koishi","KomeijiMod","Mari Mod (Legacy)","Mari\u0027s V1 Patch","Marisa????????","Mimic Mod","Minty Spire (QoL Compilation)","Prisma Mod","Quick Restart","Remilia??????","Replay The Spire","Robot Space Explorer","Shade Mod","StSLib","Td1madao Mod","The Administrix","The Bladedancer","The Bug Knight","The Construct","The Cursed","The Factory","The Forsaken","The Gatherer","The Hierophant","The Immortal","The IronCluck","The Jungle","The Marked","The Mystic","The Necromancer","The Runesmith","The Senshi","The Servant 0.9.4","Wandering Minibosses","WarShipGirlsR/????R mod","Yohane!","Yuyuko"],"gold_per_floor":[116,131,131,3,3,3,11,11,51,51,51,81,106,151,151,265,265,284,404,199,228,247,247,122,122,76,76],"floor_reached":26,"playtime":2428,"items_purged":["Yohane:Defend_Grey","theForsaken:TheForsaken_Strike","theForsaken:TheForsaken_Strike"],"score":206,"play_id":"d481100d-6d6d-4df5-899e-34136eac139a","local_time":"20210103022846","is_ascension_mode":false,"campfire_choices":[{"data":"theForsaken:Smite","floor":6,"key":"SMITH"},{"data":"theForsaken:DivineGuidance","floor":15,"key":"SMITH"},{"data":"theForsaken:DarkRift","floor":23,"key":"SMITH"},{"data":"theForsaken:ShieldBash","floor":25,"key":"SMITH"}],"circlet_count":0,"master_deck":["theForsaken:TheForsaken_Strike","theForsaken:TheForsaken_Strike","theForsaken:TheForsaken_Defend","theForsaken:TheForsaken_Defend","theForsaken:TheForsaken_Defend+1","theForsaken:TheForsaken_Defend","theForsaken:Smite+1","theForsaken:Penitence","stsjorbsmod:Strike_Cull","theForsaken:ShieldBash+1","theForsaken:QuickAttack+1","theForsaken:Backlash","theForsaken:HymnOfPatience","theForsaken:Bolster","theForsaken:DivineGuidance+1","theForsaken:DarkRift+1","CurseOfTheBell","theForsaken:Preservation+1","theForsaken:BlessedWeapon+1","theForsaken:ShieldBash+1","theForsaken:DarkBarrier"],"relics":["theForsaken:JudgementScales","Art of War","Replay:Bandana","ThirstyCross","StoneCalendar","Calling Bell","Potion Belt","Replay:Ringing Soul","FossilizedHelix"],"acts_visited":["Exordium","Exordium"],"potions_floor_usage":[22],"damage_taken":[{"damage":0,"enemies":"2 Louse","floor":1,"turns":2},{"damage":5,"enemies":"Small Slimes","floor":2,"turns":5},{"damage":5,"enemies":"Cultist","floor":7,"turns":7},{"damage":1,"enemies":"3 Louse","floor":9,"turns":10},{"damage":4,"enemies":"3 Louse","floor":12,"turns":3},{"damage":0,"enemies":"Large Slime","floor":13,"turns":6},{"damage":23,"enemies":"Lagavulin","floor":14,"turns":11},{"damage":46,"enemies":"Slime Boss","floor":16,"turns":7},{"damage":7,"enemies":"theJungle:MUSHROOMGANG","floor":18,"turns":5},{"damage":4,"enemies":"theJungle:GiantWrat","floor":21,"turns":7},{"damage":52,"enemies":"theJungle:JungleHuntersEncounter","floor":22,"turns":7},{"damage":31,"enemies":"theJungle:2_Snecko_Cultists","floor":26,"turns":5}],"seed_played":"-3015163862317576069","potions_obtained":[{"floor":14,"key":"CalmPotion"},{"floor":16,"key":"Milkshake"},{"floor":21,"key":"EssenceOfSteel"},{"floor":22,"key":"SteroidPotion"}],"is_trial":false,"path_per_floor":["M","M","?","$","?","R","M","$","MIM","?","?","M","M","E","R","B",null,"M","?","$","M","M","R","$","R","MIM"],"character_chosen":"THE_FORSAKEN","items_purchased":["theForsaken:QuickAttack","theForsaken:BlessedWeapon+1","theForsaken:ShieldBash"],"campfire_rested":0,"item_purchase_floors":[4,20,20],"current_hp_per_floor":[65,61,54,54,54,54,64,64,63,50,50,46,52,50,50,15,65,66,56,59,72,30,30,30,30,0,0],"gold":76,"neow_bonus":"ONE_RARE_RELIC","is_daily":false,"chose_seed":false,"campfire_upgraded":4,"win_rate":0.0,"timestamp":1609666126,"path_taken":["M","M","?","$","?","R","?","$","MIM","?","?","M","M","E","R","BOSS","M","?","$","M","M","R","$","R","MIM"],"items_purchased_type":["Card","Card","Card"],"build_version":"2020-12-22","purchased_purges":3,"victory":false,"max_hp_per_floor":[65,65,65,65,65,65,65,65,65,65,65,65,65,65,65,65,65,68,68,71,74,74,74,74,74,74,74],"card_choices":[{"not_picked":["theForsaken:Parry","theForsaken:ScorchingSunlight","theForsaken:Eulogy"],"picked":"SKIP","floor":1},{"not_picked":["theForsaken:SpinAttack","theForsaken:BindingThorns"],"picked":"theForsaken:ShieldBash","floor":2},{"not_picked":["theForsaken:Eulogy","theForsaken:LightRoll"],"picked":"theForsaken:Backlash","floor":7},{"not_picked":["theForsaken:Eulogy","theForsaken:HorrifyingStrike"],"picked":"theForsaken:HymnOfPatience","floor":9},{"not_picked":["theForsaken:ChargeAttack","theForsaken:PreciseStrike","theForsaken:Mantra"],"picked":"SKIP","floor":12},{"not_picked":["theForsaken:FatRoll","theForsaken:ScorchingSunlight"],"picked":"theForsaken:Bolster","floor":13},{"not_picked":["theForsaken:BottledPlague","theForsaken:Thunderbolt"],"picked":"theForsaken:DivineGuidance","floor":14},{"not_picked":["theForsaken:CorruptDeck","theForsaken:CorruptedForm"],"picked":"theForsaken:DarkRift","floor":16},{"not_picked":["theForsaken:RainingSunlight","theForsaken:LightRoll+1"],"picked":"theForsaken:Preservation+1","floor":18},{"not_picked":["theForsaken:PreciseStrike","theForsaken:Parry"],"picked":"theForsaken:DarkBarrier","floor":21},{"not_picked":["theForsaken:Parry","theForsaken:NobleSacrifice+1","theForsaken:PreciseStrike"],"picked":"SKIP","floor":22}],"player_experience":785815,"relics_obtained":[{"floor":9,"key":"Replay:Bandana"},{"floor":14,"key":"StoneCalendar"},{"floor":17,"key":"Potion Belt"},{"floor":17,"key":"Replay:Ringing Soul"},{"floor":17,"key":"FossilizedHelix"}],"event_choices":[{"damage_healed":0,"gold_gain":0,"player_choice":"Success","damage_taken":7,"relics_obtained":["Art of War"],"max_hp_gain":0,"max_hp_loss":0,"event_name":"Scrap Ooze","floor":3,"gold_loss":0},{"damage_healed":0,"gold_gain":0,"player_choice":"Upgraded","damage_taken":0,"max_hp_gain":0,"max_hp_loss":0,"event_name":"Upgrade Shrine","floor":5,"gold_loss":0,"cards_upgraded":["theForsaken:ShieldBash"]},{"damage_healed":0,"gold_gain":0,"player_choice":"Entered Light","damage_taken":13,"max_hp_gain":0,"max_hp_loss":0,"event_name":"Shining Light","floor":10,"gold_loss":0,"cards_upgraded":["theForsaken:QuickAttack","theForsaken:TheForsaken_Defend"]}],"is_beta":false,"boss_relics":[{"not_picked":["Pandora\u0027s Box","ReplayTheSpireMod:DimensionalGlitch"],"picked":"Calling Bell"}],"items_purged_floors":[4,20,24],"is_endless":false,"potions_floor_spawned":[7,13,14,16,21,22],"killed_by":"theJungle:2_Snecko_Cultists","ascension_level":0}}