{"host":"zr590xw2unlz0wv7","time":1609693770,"event":{"mods":["BaseMod","Minty Spire (QoL Compilation)","READ ME - Guardian Mod","StSLib"],"gold_per_floor":[119,119,74,74,74,74,84,84,84,84,84],"floor_reached":10,"playtime":215,"items_purged":[],"score":68,"play_id":"180a9b15-2f41-4cc4-aa73-ce33d9204ca8","local_time":"20210104010930","is_ascension_mode":true,"campfire_choices":[{"data":"Regret","floor":6,"key":"PURGE"},{"data":"Defend_B","floor":8,"key":"PURGE"}],"circlet_count":0,"master_deck":["Strike_B","Strike_B","Strike_B","Defend_B","Defend_B","Defend_B","Zap","Dualcast","CurseOfTheBell","Conserve Battery"],"relics":["Calling Bell","Bag of Marbles","HornCleat","Peace Pipe","MealTicket","Eternal Feather"],"acts_visited":["Exordium"],"potions_floor_usage":[],"damage_taken":[{"damage":5,"enemies":"2 Louse","floor":1,"turns":3},{"damage":7,"enemies":"Jaw Worm","floor":7,"turns":4},{"damage":31,"enemies":"Gremlin Nob","floor":10,"turns":5}],"seed_played":"-537871721742716755","potions_obtained":[],"is_trial":false,"path_per_floor":["M","?","$","?","$","R","M","R","T","E"],"character_chosen":"DEFECT","items_purchased":["Conserve Battery"],"campfire_rested":0,"item_purchase_floors":[3],"current_hp_per_floor":[70,70,70,70,75,75,68,68,68,37,37],"gold":84,"neow_bonus":"BOSS_RELIC","is_daily":false,"chose_seed":false,"campfire_upgraded":0,"win_rate":0.0,"timestamp":1609693770,"path_taken":["M","?","$","?","$","R","M","R","T","E"],"items_purchased_type":["Card"],"build_version":"2020-12-22","purchased_purges":0,"victory":false,"max_hp_per_floor":[75,75,75,75,75,75,75,75,75,75,75],"card_choices":[{"not_picked":["Streamline","Rebound","Turbo"],"picked":"SKIP","floor":1},{"not_picked":["Blizzard","Undo","Beam Cell"],"picked":"SKIP","floor":7}],"player_experience":534117,"relics_obtained":[{"floor":0,"key":"Bag of Marbles"},{"floor":0,"key":"HornCleat"},{"floor":0,"key":"Peace Pipe"},{"floor":9,"key":"Eternal Feather"}],"event_choices":[{"cards_removed":["Strike_B"],"damage_healed":0,"gold_gain":0,"player_choice":"Forget","damage_taken":0,"max_hp_gain":0,"max_hp_loss":0,"event_name":"Living Wall","floor":2,"gold_loss":0},{"damage_healed":0,"gold_gain":0,"player_choice":"Box","damage_taken":0,"relics_obtained":["MealTicket"],"max_hp_gain":0,"max_hp_loss":0,"event_name":"Big Fish","floor":4,"gold_loss":0,"cards_obtained":["Regret"]}],"is_beta":false,"boss_relics":[],"items_purged_floors":[],"is_endless":false,"potions_floor_spawned":[],"killed_by":"Gremlin Nob","ascension_level":5}}