{"host":"mydft8i2zzydgggw","time":1609700164,"event":{"mods":["AchievementEnabler","BaseMod","Colored Map","Colored Powertips","Minty Spire (QoL Compilation)","StSLib","The Poker Player"],"gold_per_floor":[110,185,185,205,219,219,219,259,284,284,284,37,37,73,73,73,73],"floor_reached":16,"playtime":339,"items_purged":["Strike_B"],"score":122,"play_id":"d5fbbd30-cb85-41f5-a16c-ab4b03f00190","local_time":"20210104035604","is_ascension_mode":true,"campfire_choices":[{"floor":6,"key":"REST"},{"data":"Redo","floor":13,"key":"SMITH"},{"floor":15,"key":"REST"}],"circlet_count":0,"master_deck":["Strike_B","Strike_B","Defend_B","Defend_B","Defend_B","Defend_B","Zap","Dualcast","Hologram","Doom and Gloom","Redo+1","Capacitor","Consume"],"relics":["Cracked Core","NeowsBlessing","Golden Idol","MealTicket","Juzu Bracelet","Oddly Smooth Stone","Question Card","Centennial Puzzle"],"acts_visited":["Exordium"],"potions_floor_usage":[8],"damage_taken":[{"damage":0,"enemies":"Small Slimes","floor":1,"turns":1},{"damage":0,"enemies":"2 Louse","floor":4,"turns":1},{"damage":0,"enemies":"Jaw Worm","floor":5,"turns":1},{"damage":22,"enemies":"Gremlin Nob","floor":8,"turns":4},{"damage":22,"enemies":"Lagavulin","floor":14,"turns":6},{"damage":41,"enemies":"Hexaghost","floor":16,"turns":7}],"seed_played":"-1639350615530366699","potions_obtained":[{"floor":4,"key":"Ancient Potion"},{"floor":5,"key":"Weak Potion"}],"is_trial":false,"path_per_floor":["M","?","?","M","M","R","?","E","T","?","T","$","R","E","R","B"],"character_chosen":"DEFECT","items_purchased":["Doom and Gloom","Redo","Capacitor"],"campfire_rested":2,"item_purchase_floors":[12,12,12],"current_hp_per_floor":[75,64,57,57,57,75,57,35,35,23,23,38,38,16,38,0,0],"gold":73,"neow_bonus":"THREE_ENEMY_KILL","is_daily":false,"chose_seed":false,"campfire_upgraded":1,"win_rate":0.0,"timestamp":1609700164,"path_taken":["M","?","?","?","M","R","?","E","T","?","?","?","R","E","R","BOSS"],"items_purchased_type":["Card","Card","Card"],"build_version":"2020-12-22","purchased_purges":1,"victory":false,"max_hp_per_floor":[75,75,75,75,75,75,75,75,75,75,75,75,75,75,75,75,75],"card_choices":[{"not_picked":["Coolheaded","Scrape"],"picked":"Hologram","floor":1},{"not_picked":["Hologram","Steam","Cold Snap"],"picked":"SKIP","floor":4},{"not_picked":["Recycle","Go for the Eyes","Cold Snap"],"picked":"SKIP","floor":5},{"not_picked":["Coolheaded","Reinforced Body","Streamline"],"picked":"SKIP","floor":8},{"not_picked":["Heatsinks","Beam Cell","Chill"],"picked":"Consume","floor":14}],"player_experience":82290,"relics_obtained":[{"floor":8,"key":"MealTicket"},{"floor":9,"key":"Juzu Bracelet"},{"floor":11,"key":"Question Card"},{"floor":14,"key":"Centennial Puzzle"}],"event_choices":[{"damage_healed":0,"gold_gain":75,"player_choice":"Gather Gold","damage_taken":11,"max_hp_gain":0,"max_hp_loss":0,"event_name":"World of Goop","floor":2,"gold_loss":0},{"cards_removed":["Strike_B"],"damage_healed":0,"gold_gain":0,"player_choice":"Card Removal","damage_taken":7,"max_hp_gain":0,"max_hp_loss":0,"event_name":"Golden Wing","floor":3,"gold_loss":0},{"damage_healed":0,"gold_gain":0,"player_choice":"Take Damage","damage_taken":18,"relics_obtained":["Golden Idol"],"max_hp_gain":0,"max_hp_loss":0,"event_name":"Golden Idol","floor":7,"gold_loss":0},{"damage_healed":0,"gold_gain":0,"player_choice":"Success","damage_taken":12,"relics_obtained":["Oddly Smooth Stone"],"max_hp_gain":0,"max_hp_loss":0,"event_name":"Scrap Ooze","floor":10,"gold_loss":0}],"is_beta":false,"boss_relics":[],"items_purged_floors":[12],"is_endless":false,"potions_floor_spawned":[4,5],"killed_by":"Hexaghost","ascension_level":3}}