{"host":"yss3m9ygfcyke5zi","time":1609672378,"event":{"mods":["2.2 Compatiblity","BaseMod","Highlight Path","Minty Spire (QoL Compilation)","Permanent Neow"],"gold_per_floor":[112,125,139,159,178,178,192,218,291,291,319,339,365,384,384,481,481,492,255,271,271,288,288,288,322,347,347,376,376,393,420,420,515,515,525,538,553,572,116,116,150,200,225,225,0,20,20,40,40,40],"floor_reached":51,"playtime":3920,"items_purged":["Strike_G","Masterful Stab"],"score":776,"play_id":"16d882a2-5a17-4472-877e-97afd9ba8765","local_time":"20210103201258","is_ascension_mode":false,"campfire_choices":[{"data":"Apotheosis","floor":6,"key":"SMITH"},{"data":"Prepared","floor":15,"key":"SMITH"},{"floor":23,"key":"REST"},{"floor":27,"key":"REST"},{"data":"Adrenaline","floor":29,"key":"SMITH"},{"floor":32,"key":"REST"},{"floor":40,"key":"REST"},{"floor":44,"key":"REST"},{"floor":47,"key":"REST"},{"floor":49,"key":"REST"}],"circlet_count":0,"master_deck":["Strike_G","Strike_G","Strike_G","Defend_G","Defend_G","Defend_G","Survivor","Neutralize","Apotheosis+1","Acrobatics","Dodge and Roll","Deadly Poison","Unload","Backflip","Crippling Poison","Deadly Poison","Poisoned Stab","Prepared+1","Corpse Explosion","Sadistic Nature+1","Catalyst","Night Terror","Malaise","Riddle With Holes+1","Adrenaline+1","Burst","Bane+1","Outmaneuver+1"],"relics":["Ring of the Snake","Frozen Egg 2","Meat on the Bone","Shuriken","Incense Burner","Smiling Mask","SlaversCollar","Ancient Tea Set","Happy Flower","Toy Ornithopter","Kunai","Fusion Hammer","Bottled Lightning","Medical Kit","Letter Opener","CaptainsWheel","Boot","Red Mask"],"acts_visited":["Exordium","TheCity","TheBeyond"],"potions_floor_usage":[8,11,16,16,25,33,36,36,41,50,50],"damage_taken":[{"damage":0,"enemies":"Cultist","floor":1,"turns":3},{"damage":0,"enemies":"Small Slimes","floor":2,"turns":3},{"damage":0,"enemies":"Jaw Worm","floor":3,"turns":4},{"damage":0,"enemies":"Exordium Wildlife","floor":4,"turns":3},{"damage":0,"enemies":"2 Fungi Beasts","floor":5,"turns":2},{"damage":0,"enemies":"Large Slime","floor":7,"turns":3},{"damage":5,"enemies":"3 Sentries","floor":8,"turns":5},{"damage":0,"enemies":"Gremlin Nob","floor":11,"turns":4},{"damage":0,"enemies":"Blue Slaver","floor":12,"turns":2},{"damage":8,"enemies":"Exordium Wildlife","floor":14,"turns":4},{"damage":13,"enemies":"Slime Boss","floor":16,"turns":8},{"damage":8,"enemies":"Chosen","floor":18,"turns":5},{"damage":8,"enemies":"Shell Parasite","floor":20,"turns":4},{"damage":0,"enemies":"Snake Plant","floor":22,"turns":3},{"damage":24,"enemies":"Slavers","floor":25,"turns":5},{"damage":18,"enemies":"Gremlin Leader","floor":28,"turns":5},{"damage":12,"enemies":"Shelled Parasite and Fungi","floor":30,"turns":3},{"damage":0,"enemies":"Book of Stabbing","floor":31,"turns":3},{"damage":17,"enemies":"Collector","floor":33,"turns":5},{"damage":0,"enemies":"3 Shapes","floor":35,"turns":4},{"damage":16,"enemies":"3 Darklings","floor":36,"turns":5},{"damage":7,"enemies":"Sphere and 2 Shapes","floor":37,"turns":3},{"damage":0,"enemies":"Jaw Worm Horde","floor":38,"turns":2},{"damage":21,"enemies":"Nemesis","floor":41,"turns":4},{"damage":0,"enemies":"Mind Bloom Boss Battle","floor":42,"turns":2},{"damage":12,"enemies":"Maw","floor":46,"turns":4},{"damage":21,"enemies":"Spire Growth","floor":48,"turns":4},{"damage":8,"enemies":"Donu and Deca","floor":50,"turns":4}],"seed_played":"6081499933974361122","potions_obtained":[{"floor":2,"key":"ColorlessPotion"},{"floor":5,"key":"PowerPotion"},{"floor":8,"key":"Explosive Potion"},{"floor":12,"key":"Fire Potion"},{"floor":16,"key":"SkillPotion"},{"floor":20,"key":"LiquidBronze"},{"floor":28,"key":"CunningPotion"},{"floor":30,"key":"SteroidPotion"},{"floor":31,"key":"CunningPotion"},{"floor":35,"key":"Poison Potion"},{"floor":37,"key":"DistilledChaos"},{"floor":42,"key":"PowerPotion"}],"is_trial":false,"path_per_floor":["M","M","M","M","M","R","M","E","T","?","E","M","T","M","R","B",null,"M","$","M","?","M","R","?","E","T","R","E","R","M","E","R","B",null,"M","M","M","M","$","R","E","?","T","R","?","M","R","M","R","B",null],"character_chosen":"THE_SILENT","items_purchased":["Sadistic Nature+1","Bottled Lightning","Medical Kit"],"campfire_rested":7,"item_purchase_floors":[19,39,39],"current_hp_per_floor":[49,49,49,49,49,49,49,44,44,41,41,41,41,45,45,44,70,62,62,54,54,54,70,70,46,46,67,49,49,37,37,58,46,70,70,64,57,57,57,70,49,49,49,70,70,58,70,49,70,67],"gold":40,"neow_bonus":"RANDOM_COLORLESS_2","is_daily":false,"chose_seed":false,"campfire_upgraded":3,"win_rate":0.0,"timestamp":1609672378,"path_taken":["M","?","M","M","M","R","?","E","T","?","E","M","?","M","R","BOSS","M","$","M","?","M","R","?","E","T","R","E","R","M","E","R","BOSS","M","M","M","M","$","R","E","?","T","R","?","M","R","M","R","BOSS"],"items_purchased_type":["Card","Relic","Relic"],"build_version":"2020-12-22","purchased_purges":2,"victory":true,"max_hp_per_floor":[70,70,70,70,70,70,70,70,70,70,70,70,70,70,70,70,70,70,70,70,70,70,70,70,70,70,70,70,70,70,70,70,70,70,70,70,70,70,70,70,70,70,70,70,70,70,70,70,70,70],"card_choices":[{"not_picked":["Chrysalis","Magnetism"],"picked":"Apotheosis","floor":0},{"not_picked":["Slice","Blade Dance"],"picked":"Acrobatics","floor":1},{"not_picked":["Caltrops","Backflip"],"picked":"Dodge and Roll","floor":2},{"not_picked":["Escape Plan","Outmaneuver"],"picked":"Deadly Poison","floor":3},{"not_picked":["Endless Agony","Outmaneuver"],"picked":"Masterful Stab","floor":4},{"not_picked":["Acrobatics","Quick Slash"],"picked":"Unload","floor":5},{"not_picked":["Flying Knee","Dagger Throw"],"picked":"Backflip","floor":7},{"not_picked":["Cloak And Dagger","Quick Slash"],"picked":"Crippling Poison","floor":8},{"not_picked":["Dodge and Roll","Bullet Time"],"picked":"Deadly Poison","floor":11},{"not_picked":["Finisher","Sucker Punch"],"picked":"Poisoned Stab","floor":12},{"not_picked":["Dagger Spray","Outmaneuver"],"picked":"Prepared","floor":14},{"not_picked":["Bullet Time","Wraith Form v2+1"],"picked":"Corpse Explosion","floor":16},{"not_picked":["Dagger Spray","Outmaneuver","Poisoned Stab+1"],"picked":"SKIP","floor":18},{"not_picked":["Prepared+1","Deadly Poison"],"picked":"Catalyst","floor":20},{"not_picked":["Deadly Poison","PiercingWail","Expertise+1"],"picked":"SKIP","floor":22},{"not_picked":["Caltrops+1","Skewer"],"picked":"Riddle With Holes+1","floor":25},{"not_picked":["Poisoned Stab","Backflip+1"],"picked":"Adrenaline","floor":28},{"not_picked":["Crippling Poison","Cloak And Dagger","Blade Dance"],"picked":"SKIP","floor":30},{"not_picked":["Escape Plan","All Out Attack","Riddle With Holes"],"picked":"SKIP","floor":31},{"not_picked":["Malaise","Tools of the Trade+1"],"picked":"Burst","floor":33},{"not_picked":["Skewer+1","Deadly Poison+1","Dagger Throw"],"picked":"SKIP","floor":35},{"not_picked":["Blade Dance+1","Masterful Stab"],"picked":"Bane+1","floor":36},{"not_picked":["Poisoned Stab","Dagger Throw+1"],"picked":"Outmaneuver+1","floor":37},{"not_picked":["Prepared+1","Dagger Throw","Blade Dance"],"picked":"SKIP","floor":38},{"not_picked":["Eviscerate","Deflect+1","Bane+1"],"picked":"SKIP","floor":41},{"not_picked":["Prepared","Dagger Throw+1","Sucker Punch+1"],"picked":"SKIP","floor":46},{"not_picked":["Backflip","Terror+1","Riddle With Holes+1"],"picked":"SKIP","floor":48}],"player_experience":168339,"relics_obtained":[{"floor":8,"key":"Frozen Egg 2"},{"floor":9,"key":"Meat on the Bone"},{"floor":11,"key":"Incense Burner"},{"floor":13,"key":"Smiling Mask"},{"floor":25,"key":"Ancient Tea Set"},{"floor":26,"key":"Happy Flower"},{"floor":28,"key":"Toy Ornithopter"},{"floor":31,"key":"Kunai"},{"floor":41,"key":"Letter Opener"},{"floor":42,"key":"CaptainsWheel"},{"floor":43,"key":"Boot"}],"event_choices":[{"damage_healed":0,"gold_gain":0,"player_choice":"Success","damage_taken":3,"relics_obtained":["Shuriken"],"max_hp_gain":0,"max_hp_loss":0,"event_name":"Scrap Ooze","floor":10,"gold_loss":0},{"cards_removed":["Defend_G"],"damage_healed":0,"gold_gain":0,"player_choice":"Elegance","damage_taken":0,"max_hp_gain":0,"max_hp_loss":0,"event_name":"Back to Basics","floor":21,"gold_loss":0},{"damage_healed":0,"gold_gain":0,"cards_transformed":["Strike_G","Defend_G"],"player_choice":"Became Test Subject","damage_taken":0,"max_hp_gain":0,"max_hp_loss":0,"event_name":"Drug Dealer","floor":24,"gold_loss":0,"cards_obtained":["Night Terror","Malaise"]},{"damage_healed":0,"gold_gain":0,"player_choice":"Fight","damage_taken":0,"max_hp_gain":0,"max_hp_loss":0,"event_name":"MindBloom","floor":42,"gold_loss":0},{"damage_healed":0,"gold_gain":0,"player_choice":"Paid","damage_taken":0,"relics_obtained":["Red Mask"],"max_hp_gain":0,"max_hp_loss":0,"event_name":"Tomb of Lord Red Mask","floor":45,"gold_loss":225}],"is_beta":false,"boss_relics":[{"not_picked":["Cursed Key","Sozu"],"picked":"SlaversCollar"},{"not_picked":["Coffee Dripper","Busted Crown"],"picked":"Fusion Hammer"}],"items_purged_floors":[19,39],"is_endless":false,"potions_floor_spawned":[2,5,8,12,16,20,28,30,31,35,37,42],"ascension_level":0}}