{"host":"usrgk25etjl0nf5i","time":1609699232,"event":{"mods":["2.2 Compatiblity","BaseMod","Downfall","Hubris","Minty Spire (QoL Compilation)","StSLib","SuperFastMode"],"gold_per_floor":[99,112,160,335,348,367,367,396,407,423,273,299,13,30,49,150,150,150,167,167,167,180,65,65,65,75,94,114,114,21,53,72,170,170,170,180,194,209,209,299,352,383,400,325,31,31,82,102,121,121,121,156,31,31,31],"floor_reached":56,"playtime":3431,"items_purged":["Doubt","Guardian:Defend_Guardian","Guardian:Aged"],"score":2048,"play_id":"c41a80cc-cc20-4a5d-ad65-a1daa1c6f422","local_time":"20210103104032","is_ascension_mode":true,"campfire_choices":[{"floor":1,"key":"RECALL"},{"floor":11,"key":"REST"},{"floor":18,"key":"DIG"},{"data":"Apotheosis","floor":25,"key":"SMITH"},{"floor":29,"key":"REST"},{"floor":35,"key":"DIG"},{"floor":44,"key":"DIG"},{"floor":54,"key":"DIG"}],"circlet_count":0,"master_deck":["AscendersBane","Guardian:Strike_Guardian","Guardian:Strike_Guardian","Guardian:Strike_Guardian","Guardian:Defend_Guardian","Guardian:Defend_Guardian","Guardian:Defend_Guardian","Guardian:CurlUp","Guardian:TwinSlam","Guardian:TemporalShield","Guardian:FuturePlans","Guardian:RollAttack","Guardian:Harden","Guardian:Incinerate","Guardian:DonusPower","Guardian:ChargeUp","Apotheosis+1","Guardian:CompilePackage","Guardian:CompilePackage","Guardian:TimeBomb+1","Guardian:DecasProtection+1","Guardian:Reroute","Guardian:FloatingOrbs","Guardian:Incinerate","Guardian:Orbwalk","Guardian:WalkerClaw","Guardian:ArmoredProtocol","Guardian:FierceBash","Guardian:BronzeArmor+1","Guardian:Incinerate+1","Guardian:ShieldCharger+1","Guardian:Incinerate","Guardian:ChargeUp","Guardian:SpikerProtocol+1","Guardian:FuturePlans","Guardian:RevengeProtocol"],"relics":["Guardian:ModeShifter","Anchor","Happy Flower","hubris:Metronome","downfall:HeartBlessingGreen","downfall:HeartBlessingRed","Shovel","hubris:VirtuousBlindfold","hubris:SlimyHat","Bottled Lightning","Bag of Marbles","expansioncontent:StudyCardRelic","hubris:PeanutButter","Kunai","hubris:TenFootPole","downfall:HeartBlessingBlue","MealTicket","Strange Spoon","Strawberry","Guardian:StasisEgg","hexamod:BolsterEngine","Blood Vial","Shuriken"],"acts_visited":["Exordium","TheCity","TheBeyond","TheEnding"],"potions_floor_usage":[9,12,14,16,31,38,43,55],"damage_taken":[{"damage":1,"enemies":"Cultist","floor":2,"turns":5},{"damage":2,"enemies":"Jaw Worm","floor":5,"turns":6},{"damage":0,"enemies":"Small Slimes","floor":6,"turns":5},{"damage":42,"enemies":"Lagavulin","floor":8,"turns":10},{"damage":0,"enemies":"Red Slaver","floor":9,"turns":5},{"damage":1,"enemies":"Blue Slaver","floor":10,"turns":5},{"damage":14,"enemies":"3 Sentries","floor":12,"turns":7},{"damage":4,"enemies":"downfall:FleeingMerchant","floor":13,"turns":4},{"damage":6,"enemies":"Exordium Thugs","floor":14,"turns":4},{"damage":4,"enemies":"Red Slaver","floor":15,"turns":2},{"damage":12,"enemies":"downfall:Ironclad","floor":16,"turns":7},{"damage":0,"enemies":"Shell Parasite","floor":19,"turns":5},{"damage":0,"enemies":"3 Byrds","floor":22,"turns":2},{"damage":0,"enemies":"downfall:FleeingMerchant","floor":23,"turns":4},{"damage":11,"enemies":"Snake Plant","floor":26,"turns":3},{"damage":0,"enemies":"Sentry and Sphere","floor":27,"turns":5},{"damage":0,"enemies":"3 Cultists","floor":28,"turns":5},{"damage":0,"enemies":"downfall:FleeingMerchant","floor":30,"turns":4},{"damage":0,"enemies":"Slavers","floor":31,"turns":4},{"damage":14,"enemies":"Snake Plant","floor":32,"turns":3},{"damage":0,"enemies":"downfall:Defect","floor":33,"turns":5},{"damage":0,"enemies":"Orb Walker","floor":36,"turns":3},{"damage":0,"enemies":"3 Shapes","floor":37,"turns":1},{"damage":12,"enemies":"3 Darklings","floor":38,"turns":3},{"damage":0,"enemies":"downfall:FleeingMerchant","floor":40,"turns":3},{"damage":0,"enemies":"Reptomancer","floor":42,"turns":3},{"damage":0,"enemies":"4 Shapes","floor":43,"turns":3},{"damage":0,"enemies":"Spire Growth","floor":48,"turns":5},{"damage":0,"enemies":"Jaw Worm Horde","floor":49,"turns":4},{"damage":12,"enemies":"downfall:Silent","floor":50,"turns":5},{"damage":4,"enemies":"downfall:CharBossMerchant","floor":52,"turns":7},{"damage":13,"enemies":"downfall:NeowBoss","floor":55,"turns":13}],"seed_played":"-4052695218514762555","potions_obtained":[{"floor":6,"key":"Swift Potion"},{"floor":9,"key":"hexamod:EctoCoolerPotion"},{"floor":12,"key":"Explosive Potion"},{"floor":14,"key":"SkillPotion"},{"floor":26,"key":"SpeedPotion"},{"floor":27,"key":"Guardian:DefensiveModePotion"},{"floor":31,"key":"Dexterity Potion"},{"floor":32,"key":"Block Potion"},{"floor":38,"key":"Swift Potion"},{"floor":43,"key":"Strength Potion"}],"is_trial":false,"path_per_floor":["R","M","T","?","M","M","T","E","M","M","R","E","$","M","M","B",null,"R","M","?","?","M","$","T","R","M","M","M","R","$","E","M","B",null,"R","M","M","M","?","$","T","E","M","R","$","?","T","M","M","B",null,"E","$","R","B",null],"character_chosen":"GUARDIAN","items_purchased":["Apotheosis","Guardian:ArmoredProtocol","Kunai","Strange Spoon","Strawberry"],"campfire_rested":2,"item_purchase_floors":[13,30,40,45,45],"current_hp_per_floor":[67,66,66,66,64,64,64,22,22,21,49,35,31,25,21,9,74,74,74,55,55,55,55,55,55,44,44,44,74,74,74,60,60,91,91,91,91,79,79,79,79,79,79,89,111,111,111,111,111,99,113,109,118,118,105],"gold":31,"neow_bonus":"TWENTY_PERCENT_HP_BONUS","is_daily":false,"chose_seed":false,"campfire_upgraded":1,"win_rate":0.0,"timestamp":1609699232,"path_taken":["R","M","?","?","M","M","T","E","M","M","R","E","$","M","M","BOSS","R","M","?","?","M","?","T","R","M","M","?","R","$","E","M","BOSS","R","M","M","M","?","?","T","E","M","R","$","?","?","M","M","BOSS","E","$","R","BOSS"],"items_purchased_type":["Card","Card","Relic","Relic","Relic"],"build_version":"2020-12-22","purchased_purges":3,"victory":true,"max_hp_per_floor":[96,96,96,96,96,96,96,96,96,96,96,96,96,96,96,96,96,96,96,101,101,101,101,101,101,101,101,101,101,101,101,101,101,101,101,101,101,101,101,101,101,101,101,111,118,118,118,118,118,118,118,118,118,118,118],"card_choices":[{"not_picked":["Guardian:Gem_White","Guardian:VentSteam"],"picked":"Guardian:TemporalShield","floor":2},{"not_picked":["Guardian:PrimingBeam","Guardian:TemporalStrike"],"picked":"Guardian:FuturePlans","floor":5},{"not_picked":["Guardian:VentSteam","Guardian:SpikerProtocol"],"picked":"Guardian:RollAttack","floor":6},{"not_picked":["Guardian:PolyBeam","Guardian:Gem_Red"],"picked":"Guardian:Harden","floor":8},{"not_picked":["Guardian:Gem_Green","Guardian:Gem_Cyan"],"picked":"Guardian:Gem_Yellow","floor":9},{"not_picked":["Guardian:Planning","Guardian:Gem_Cyan"],"picked":"Guardian:Incinerate","floor":10},{"not_picked":["Guardian:CompilePackage","Guardian:VentSteam"],"picked":"Guardian:DonusPower","floor":12},{"not_picked":["Guardian:EvasiveProtocol","Guardian:TimeCapacitor"],"picked":"Guardian:ChargeUp","floor":13},{"not_picked":["Guardian:PrimingBeam","Guardian:ChargeCore"],"picked":"Guardian:Gem_Green","floor":14},{"not_picked":["Guardian:DonusPower","Guardian:PrismaticBarrier"],"picked":"Guardian:CompilePackage","floor":15},{"not_picked":["Guardian:GemFinder","Guardian:GemFire"],"picked":"Guardian:CompilePackage","floor":16},{"not_picked":["Guardian:Clone","Guardian:PrimingBeam"],"picked":"Guardian:TimeBomb+1","floor":19},{"not_picked":["Guardian:ChargeCore","Guardian:WalkerClaw+1"],"picked":"Guardian:DecasProtection+1","floor":22},{"not_picked":["Guardian:RollAttack","Guardian:VentSteam"],"picked":"Guardian:Reroute","floor":23},{"not_picked":["Guardian:WalkerClaw","Guardian:PrimingBeam"],"picked":"Guardian:FloatingOrbs","floor":26},{"not_picked":["Guardian:ShieldSpikes","Guardian:TemporalShield+1"],"picked":"Guardian:Incinerate","floor":27},{"not_picked":["Guardian:Incinerate","Guardian:VentSteam+1"],"picked":"Guardian:Orbwalk","floor":28},{"not_picked":["Guardian:Gem_Red","Guardian:CrystalBeam+1"],"picked":"Guardian:WalkerClaw","floor":30},{"not_picked":["Guardian:SentryBeam","Guardian:Gem_White"],"picked":"Guardian:FierceBash","floor":31},{"not_picked":["Guardian:GuardianWhirl","Guardian:PiercingHide"],"picked":"Guardian:Gem_Lightblue","floor":32},{"not_picked":["Guardian:ConstructionForm","Guardian:StasisStrike"],"picked":"Guardian:Gem_Orange","floor":33},{"not_picked":["Guardian:PrimingBeam+1","Guardian:FloatingOrbs+1"],"picked":"Guardian:BronzeArmor+1","floor":36},{"not_picked":["Guardian:Repulse+1","Guardian:TemporalStrike"],"picked":"Guardian:Incinerate+1","floor":37},{"not_picked":["Guardian:MultiBeam+1","Guardian:Reroute"],"picked":"Guardian:Gem_Red","floor":38},{"not_picked":["Guardian:Gem_Lightblue","Guardian:Suspension+1"],"picked":"Guardian:ShieldCharger+1","floor":40},{"not_picked":["Guardian:AncientConstruct","Guardian:Gem_White"],"picked":"Guardian:Incinerate","floor":42},{"not_picked":["Guardian:TemporalStrike","Guardian:WalkerClaw+1"],"picked":"Guardian:ChargeUp","floor":43},{"not_picked":["Guardian:PrimingBeam+1","Guardian:Gem_Lightblue"],"picked":"Guardian:SpikerProtocol+1","floor":48},{"not_picked":["Guardian:RollAttack+1","Guardian:PolyBeam"],"picked":"Guardian:FuturePlans","floor":49},{"not_picked":["Guardian:PiercingHide","Guardian:RefractedBeam"],"picked":"Guardian:RevengeProtocol","floor":52}],"player_experience":614522,"relics_obtained":[{"floor":3,"key":"Anchor"},{"floor":7,"key":"Happy Flower"},{"floor":8,"key":"hubris:Metronome"},{"floor":12,"key":"Shovel"},{"floor":18,"key":"hubris:SlimyHat"},{"floor":24,"key":"Bottled Lightning"},{"floor":31,"key":"Bag of Marbles"},{"floor":35,"key":"hubris:PeanutButter"},{"floor":42,"key":"hubris:TenFootPole"},{"floor":44,"key":"MealTicket"},{"floor":47,"key":"hexamod:BolsterEngine"},{"floor":52,"key":"Blood Vial"},{"floor":54,"key":"Shuriken"}],"event_choices":[],"is_beta":false,"boss_relics":[{"not_picked":["Runic Dome","hubris:CrackedHourglass"],"picked":"hubris:VirtuousBlindfold"},{"not_picked":["sneckomod:SneckoTalon","hubris:TerracottaHorce"],"picked":"expansioncontent:StudyCardRelic"}],"items_purged_floors":[13,23,53],"is_endless":false,"potions_floor_spawned":[6,9,12,14,26,27,31,32,33,37,38,42,43,48],"ascension_level":11}}