{"host":"1s2i2u841ofwoqaa","time":1609651078,"event":{"mods":["AchievementEnabler","Aspiration","BaseMod","Bestiary","Better Third Choice","Colored Powertips","Downfall","Hubris","Minty Spire (QoL Compilation)","Puzzle Mod","StSLib","SuperFastMode","The Marked"],"gold_per_floor":[116,132,145,145,69,99,99,110,110,110,123,136,167,179,179,179,179],"floor_reached":16,"playtime":492,"items_purged":[],"score":114,"play_id":"e6c29ee4-51ea-48f5-8f87-fa1740785018","local_time":"20210103181758","is_ascension_mode":false,"campfire_choices":[{"data":"theMarked:Defy","floor":7,"key":"SMITH"},{"data":"theMarked:ElementalBlade","floor":10,"key":"SMITH"},{"floor":15,"key":"REST"}],"circlet_count":0,"master_deck":["theMarked:Strike","theMarked:Strike","theMarked:Strike","theMarked:Strike","theMarked:Strike","theMarked:Defend","theMarked:Defend","theMarked:Defend","theMarked:Defend","theMarked:SoldierOfQuellstein","theMarked:Defy+1","theMarked:EmpowerWeapon","theMarked:Reabsorb","theMarked:WastefulDefense","theMarked:ElementalBlade+1","theMarked:GodGivenPower","theMarked:MaelstromOfLightning","theMarked:PowerFlow","theMarked:StartUp","theMarked:RepellingDischarge"],"relics":["theMarked:ArtifactOfAir","Guardian:PocketSentry","Pear","Kunai"],"acts_visited":["Exordium"],"potions_floor_usage":[6,13,16],"damage_taken":[{"damage":1,"enemies":"2 Louse","floor":1,"turns":2},{"damage":1,"enemies":"Cultist","floor":2,"turns":3},{"damage":0,"enemies":"Small Slimes","floor":3,"turns":2},{"damage":21,"enemies":"Gremlin Nob","floor":6,"turns":4},{"damage":11,"enemies":"Exordium Thugs","floor":8,"turns":4},{"damage":1,"enemies":"Large Slime","floor":11,"turns":3},{"damage":0,"enemies":"Looter","floor":12,"turns":2},{"damage":13,"enemies":"3 Sentries","floor":13,"turns":4},{"damage":8,"enemies":"Red Slaver","floor":14,"turns":3},{"damage":51,"enemies":"The Guardian","floor":16,"turns":5}],"seed_played":"5502441985273380583","potions_obtained":[{"floor":1,"key":"Weak Potion"},{"floor":8,"key":"PowerPotion"},{"floor":14,"key":"BlessingOfTheForge"}],"is_trial":false,"path_per_floor":["M","M","M","?","$","E","R","M","T","R","M","M","E","M","R","B"],"character_chosen":"THE_DEFAULT","items_purchased":["theMarked:ElementalBlade"],"campfire_rested":1,"item_purchase_floors":[5],"current_hp_per_floor":[69,68,68,68,68,47,47,36,46,46,45,45,32,24,48,0,0],"gold":179,"neow_bonus":"ONE_RANDOM_RARE_CARD","is_daily":false,"chose_seed":false,"campfire_upgraded":2,"win_rate":0.0,"timestamp":1609651078,"path_taken":["M","M","M","?","$","E","R","?","T","R","?","M","E","M","R","BOSS"],"items_purchased_type":["Card"],"build_version":"2020-12-22","purchased_purges":0,"victory":false,"max_hp_per_floor":[70,70,70,70,70,70,70,70,80,80,80,80,80,80,80,80,80],"card_choices":[{"not_picked":["theMarked:Electrify","theMarked:HeightenedSenses"],"picked":"theMarked:EmpowerWeapon","floor":1},{"not_picked":["theMarked:Aftermath","theMarked:ReduceFriction"],"picked":"theMarked:Reabsorb","floor":2},{"not_picked":["theMarked:Parkour","theMarked:WastefulAttack"],"picked":"theMarked:WastefulDefense","floor":3},{"not_picked":["theMarked:WastefulDefense","theMarked:AttractMetal"],"picked":"theMarked:GodGivenPower","floor":6},{"not_picked":["theMarked:SwordAndMagic","theMarked:WastefulDefense"],"picked":"theMarked:MaelstromOfLightning","floor":8},{"not_picked":["theMarked:WastefulDefense","theMarked:Aftermath"],"picked":"theMarked:PowerFlow","floor":11},{"not_picked":["theMarked:TwofoldDefense","theMarked:ResourceFulStrike","theMarked:GodGivenPower"],"picked":"SKIP","floor":12},{"not_picked":["theMarked:Parkour","theMarked:ShockingTouch"],"picked":"theMarked:StartUp","floor":13},{"not_picked":["theMarked:Overthink","theMarked:Frustration"],"picked":"theMarked:RepellingDischarge","floor":14}],"player_experience":502137,"relics_obtained":[{"floor":6,"key":"Guardian:PocketSentry"},{"floor":9,"key":"Pear"},{"floor":13,"key":"Kunai"}],"event_choices":[{"damage_healed":0,"gold_gain":0,"player_choice":"Ignored","damage_taken":0,"max_hp_gain":0,"max_hp_loss":0,"event_name":"NoteForYourself","floor":4,"gold_loss":0}],"is_beta":false,"boss_relics":[],"items_purged_floors":[],"is_endless":false,"potions_floor_spawned":[1,8,14],"killed_by":"The Guardian","ascension_level":0}}