{"host":"8kweeulvvasqx820","time":1609711115,"event":{"mods":["Aspiration","BaseMod","Better Altar","Better Match","Better Note","Better Sensory Stone","Better Skull","Better Third Choice","BetterRewards","CatGirl Mod","Colored Map","Conspire","Displayed Cursed Tome","Downfall","Hubris","Infinite Spire","Jorbs\u0027s Wanderer Trilogy","Minty Spire (QoL Compilation)","Relic Stats","Replay The Spire","Spicy Shops","StSLib","SuperFastMode","Swap Starting Deck Mod","The Construct","The Marked","The Mystic","The Necromancer","The Servant 0.9.4","TheBandit","everything is the same but u backflip on backflip","slay the spire mod where everything is the same but ironclad has a cowboy hat"],"gold_per_floor":[99,109,121,138,151,151,151,170,218,218,236,236,236,270,370,25,40,144,144,144,157,177,196,196,196,196,296,315,332,332,358,358,368,386,482,482,482,501,515,78,78,78,78,96,130,55,72,72,92,38,52,52],"floor_reached":53,"playtime":3712,"items_purged":["Slimebound:Strike_Slimebound","Slimebound:RollThrough","Slimebound:FinishingTackle"],"score":690,"play_id":"286960d1-05d9-4611-b3cc-0a337d59dec8","local_time":"20210103165835","is_ascension_mode":false,"campfire_choices":[{"floor":1,"key":"DIG"},{"data":"Slimebound:Split","floor":10,"key":"SMITH"},{"data":"Slimebound:GoopSpray","floor":12,"key":"SMITH"},{"data":"Slimebound:SpikyOuterGoop","floor":20,"key":"PURGE"},{"data":"Slimebound:DouseInSlime","floor":30,"key":"PURGE"},{"data":"Slimebound:DouseInSlime","floor":32,"key":"PURGE"},{"data":"Slimebound:ProtectTheBoss","floor":37,"key":"PURGE"},{"floor":42,"key":"RECALL"},{"data":"Slimebound:Equalize","floor":46,"key":"SMITH"},{"data":"Slimebound:SplitMire","floor":48,"key":"SMITH"}],"circlet_count":0,"master_deck":["Slimebound:Defend_Slimebound","Slimebound:Defend_Slimebound","Slimebound:Defend_Slimebound","Slimebound:Defend_Slimebound","Slimebound:Split+1","Slimebound:CorrosiveSpit+1","Slimebound:LeechingTouch","Slimebound:GoopSpray+1","Slimebound:SplitLeeching","Slimebound:LeechingTouch","Slimebound:SplitMire+1","Slimebound:PressTheAttack","Slimebound:MassRepurpose","Slimebound:RallyTheTroops","Slimebound:Gluttony+1","Slimebound:Equalize+1","Slimebound:RollThrough+1","Slimebound:SlimeSlap","Slimebound:Replication+1","Slimebound:MegaLick","Slimebound:LeechEnergy+1","Slimebound:SplitMire+1","Slimebound:Repurpose","expansioncontent:DarkVoid","Slimebound:LeechLife","Slimebound:WasteNot","Slimebound:RejuvenatingLick","Slimebound:TongueLash+1","Slimebound:LevelUp","Slimebound:SlimeSpikes+1"],"relics":["Slimebound:AbsorbEndCombat","Boot","Slimebound:ScrapOozeRelic","Oddly Smooth Stone","hubris:EmptyBottle","hubris:TerracottaHorce","infinitespire:Beetle Shell","aspiration:AnachronicSnailShell","aspiration:FutureDiary","Slimebound:AggressiveSlimeRelic","downfall:HeartBlessingBlue"],"acts_visited":["Exordium","TheCity","TheBeyond"],"potions_floor_usage":[15,15,18,18,49,49,52,52,52,52,52,52],"damage_taken":[{"damage":7,"enemies":"2 Louse","floor":2,"turns":3},{"damage":4,"enemies":"conspire:RoseBush","floor":3,"turns":3},{"damage":0,"enemies":"Small Slimes","floor":4,"turns":3},{"damage":7,"enemies":"2 Fungi Beasts","floor":5,"turns":3},{"damage":20,"enemies":"3 Louse","floor":8,"turns":4},{"damage":18,"enemies":"Exordium Wildlife","floor":11,"turns":4},{"damage":20,"enemies":"Replay:BlueRogue","floor":14,"turns":5},{"damage":22,"enemies":"downfall:Heads","floor":15,"turns":5},{"damage":27,"enemies":"downfall:FleeingMerchant","floor":16,"turns":4},{"damage":25,"enemies":"Exordium Thugs","floor":17,"turns":3},{"damage":32,"enemies":"downfall:Watcher","floor":18,"turns":5},{"damage":19,"enemies":"conspire:FuzzyDice","floor":21,"turns":5},{"damage":29,"enemies":"3 Byrds","floor":22,"turns":3},{"damage":26,"enemies":"conspire:HollyBat","floor":23,"turns":5},{"damage":31,"enemies":"Shelled Parasite and Fungi","floor":28,"turns":4},{"damage":4,"enemies":"Snecko","floor":29,"turns":3},{"damage":25,"enemies":"Slavers","floor":31,"turns":3},{"damage":12,"enemies":"conspire:HollyBat","floor":33,"turns":5},{"damage":34,"enemies":"Sentry and Sphere","floor":34,"turns":4},{"damage":33,"enemies":"downfall:Defect","floor":35,"turns":7},{"damage":18,"enemies":"Orb Walker","floor":38,"turns":2},{"damage":36,"enemies":"3 Shapes","floor":39,"turns":3},{"damage":12,"enemies":"downfall:FleeingMerchant","floor":40,"turns":4},{"damage":13,"enemies":"downfall:FleeingMerchant","floor":41,"turns":3},{"damage":31,"enemies":"Maw","floor":44,"turns":7},{"damage":58,"enemies":"R_Hoarder","floor":45,"turns":6},{"damage":28,"enemies":"Spire Growth","floor":47,"turns":4},{"damage":23,"enemies":"Writhing Mass","floor":49,"turns":3},{"damage":32,"enemies":"downfall:FleeingMerchant","floor":50,"turns":4},{"damage":21,"enemies":"3 Darklings","floor":51,"turns":3},{"damage":79,"enemies":"downfall:Silent","floor":52,"turns":9}],"seed_played":"4027702672792907714","potions_obtained":[{"floor":2,"key":"sneckomod:MuddlingPotion"},{"floor":3,"key":"Slimebound:SlimedPotion"},{"floor":14,"key":"Ancient Potion"},{"floor":28,"key":"Ancient Potion"},{"floor":31,"key":"BlessingOfTheForge"},{"floor":34,"key":"champ:CounterPotion"},{"floor":35,"key":"Energy Potion"},{"floor":39,"key":"Strength Potion"},{"floor":41,"key":"Venom Potion"},{"floor":49,"key":"SkillPotion"}],"is_trial":false,"path_per_floor":["R_BF","M","M","M","M","PTL","PTL","M","T","R","M","R","?","E","?","$","M","B",null,"R","M","M","M","?","?","T","?","M","M","R","E","R","M","M","B",null,"R","M","M","$","?","R","T","M","E","R","M","R","M","$","M","B",null],"character_chosen":"SLIMEBOUND","items_purchased":["Slimebound:SpikyOuterGoop","hubris:EmptyBottle","Slimebound:SplitMire","Slimebound:Repurpose","expansioncontent:DarkVoid","Slimebound:LevelUp"],"campfire_rested":0,"item_purchase_floors":[16,16,40,40,40,50],"current_hp_per_floor":[66,63,63,66,66,66,66,62,62,62,66,66,66,62,64,66,56,50,62,62,66,54,56,56,56,56,56,49,61,61,66,66,66,58,66,66,66,66,40,60,62,62,62,59,52,62,72,72,72,73,77,45],"gold":52,"neow_bonus":"TEN_PERCENT_HP_BONUS","is_daily":false,"chose_seed":false,"campfire_upgraded":4,"win_rate":0.0,"timestamp":1609711115,"path_taken":["R_BF","M","M","M","M","PTL","PTL","M","T","R","M","R","?","E","?","$","M","BOSS","R","M","M","M","?","?","T","?","M","?","R","E","R","M","M","BOSS","R","M","M","$","?","R","T","M","E","R","M","R","M","$","M","BOSS"],"items_purchased_type":["Card","Relic","Card","Card","Card","Card"],"build_version":"2020-12-22","purchased_purges":3,"victory":true,"max_hp_per_floor":[66,66,66,66,66,66,66,66,66,66,66,66,66,66,66,66,66,66,66,66,66,66,66,66,66,66,66,66,66,66,66,66,66,66,66,66,66,66,66,66,66,66,66,66,67,77,77,77,77,77,77,77],"relic_stats":{"counters":[31,124],"Boot":[59],"obtain_stats":[{"Slimebound:AggressiveSlimeRelic":45,"Slimebound:ScrapOozeRelic":13,"downfall:HeartBlessingBlue":46,"aspiration:AnachronicSnailShell":31,"Oddly Smooth Stone":14,"infinitespire:Beetle Shell":26,"Slimebound:AbsorbEndCombat":0,"hubris:SlimyHat":9,"hubris:EmptyBottle":16,"aspiration:FutureDiary":36,"Boot":1,"hubris:TerracottaHorce":19},{"Slimebound:AggressiveSlimeRelic":26,"Slimebound:ScrapOozeRelic":6,"downfall:HeartBlessingBlue":26,"aspiration:AnachronicSnailShell":17,"Oddly Smooth Stone":7,"infinitespire:Beetle Shell":14,"Slimebound:AbsorbEndCombat":0,"hubris:SlimyHat":5,"hubris:EmptyBottle":9,"aspiration:FutureDiary":20,"Boot":0,"hubris:TerracottaHorce":11},{"Slimebound:AggressiveSlimeRelic":101,"Slimebound:ScrapOozeRelic":19,"downfall:HeartBlessingBlue":101,"aspiration:AnachronicSnailShell":63,"Oddly Smooth Stone":24,"infinitespire:Beetle Shell":54,"Slimebound:AbsorbEndCombat":0,"hubris:SlimyHat":15,"hubris:EmptyBottle":33,"aspiration:FutureDiary":78,"Boot":0,"hubris:TerracottaHorce":41}]},"card_choices":[{"not_picked":["Slimebound:RainOfGoop","Slimebound:ComboTackle"],"picked":"Slimebound:LeechingTouch","floor":2},{"not_picked":["Slimebound:MegaLick","Slimebound:SlimeSpikes"],"picked":"Slimebound:GoopSpray","floor":3},{"not_picked":["Slimebound:SplitMire","Slimebound:SplitAcid"],"picked":"Slimebound:RollThrough","floor":4},{"not_picked":["Slimebound:SplitBruiser","Slimebound:LeechingTouch"],"picked":"Slimebound:SplitLeeching","floor":5},{"not_picked":["Slimebound:LeechingTouch","Slimebound:Gluttony"],"picked":"Slimebound:FinishingTackle","floor":8},{"not_picked":["Slimebound:SplitBruiser","Slimebound:SplitLeeching"],"picked":"Slimebound:ProtectTheBoss","floor":11},{"not_picked":["Slimebound:SplitMire","Slimebound:FlameTackle"],"picked":"Slimebound:LeechingTouch","floor":14},{"not_picked":["Slimebound:GoopTackle","Slimebound:GoopSpray"],"picked":"Slimebound:DouseInSlime","floor":15},{"not_picked":["Slimebound:GrowthPunch","Slimebound:Schlurp"],"picked":"Slimebound:PressTheAttack","floor":16},{"not_picked":["Slimebound:ForwardTackle","Slimebound:PressTheAttack","Slimebound:GoopSpray"],"picked":"SKIP","floor":17},{"not_picked":["Slimebound:Overexert","Slimebound:MinionMaster"],"picked":"Slimebound:MassRepurpose","floor":18},{"not_picked":["Slimebound:SplitAcid","Slimebound:RollThrough","Slimebound:GoopSpray"],"picked":"SKIP","floor":21},{"not_picked":["Slimebound:SplitAcid","Slimebound:RollThrough","Slimebound:GoopSpray"],"picked":"SKIP","floor":21},{"not_picked":["Slimebound:GrowthPunch","Slimebound:GoopSpray+1","Slimebound:SplitBruiser"],"picked":"SKIP","floor":22},{"not_picked":["Slimebound:RollThrough","Slimebound:SlimeSpikes","Slimebound:SplitBruiser"],"picked":"SKIP","floor":23},{"not_picked":["Slimebound:SlimeSpikes","Slimebound:Replication"],"picked":"Slimebound:RallyTheTroops","floor":28},{"not_picked":["Slimebound:ComboTackle+1","Slimebound:SplitLeeching+1"],"picked":"Slimebound:Gluttony+1","floor":29},{"not_picked":["Slimebound:Gluttony+1","Slimebound:GoopSpray","Slimebound:ComboTackle"],"picked":"SKIP","floor":31},{"not_picked":["Slimebound:GrowthPunch","Slimebound:SplitLeeching+1"],"picked":"Slimebound:Equalize","floor":33},{"not_picked":["Slimebound:PressTheAttack","Slimebound:LeechingTouch"],"picked":"Slimebound:RollThrough+1","floor":34},{"not_picked":["Slimebound:Teamwork","Slimebound:DouseInSlime"],"picked":"Slimebound:SlimeSlap","floor":35},{"not_picked":["Slimebound:RollThrough+1","Slimebound:FinishingTackle"],"picked":"Slimebound:Replication+1","floor":38},{"not_picked":["Slimebound:GoopTackle+1","Slimebound:Grow+1"],"picked":"Slimebound:MegaLick","floor":39},{"not_picked":["Slimebound:FlameTackle","Slimebound:ComboTackle"],"picked":"Slimebound:LeechEnergy+1","floor":40},{"not_picked":["Slimebound:SlimeBarrage","Slimebound:FirmFortitude"],"picked":"Slimebound:LeechLife","floor":44},{"not_picked":["Slimebound:DisruptingSlam+1","Slimebound:SplitLeeching"],"picked":"Slimebound:WasteNot","floor":45},{"not_picked":["Slimebound:Equalize","Slimebound:SplitAcid+1","Slimebound:GoopSpray+1"],"picked":"SKIP","floor":47},{"not_picked":["Slimebound:SplitMire","Slimebound:MegaLick+1"],"picked":"Slimebound:RejuvenatingLick","floor":49},{"not_picked":["Slimebound:PressTheAttack","Slimebound:LivingWall"],"picked":"Slimebound:TongueLash+1","floor":50},{"not_picked":["Slimebound:PressTheAttack+1","Slimebound:GoopTackle+1"],"picked":"Slimebound:SlimeSpikes+1","floor":51}],"player_experience":17490,"relics_obtained":[{"floor":1,"key":"Boot"},{"floor":9,"key":"hubris:SlimyHat"},{"floor":14,"key":"Oddly Smooth Stone"},{"floor":26,"key":"infinitespire:Beetle Shell"},{"floor":31,"key":"aspiration:AnachronicSnailShell"},{"floor":45,"key":"Slimebound:AggressiveSlimeRelic"}],"event_choices":[{"damage_healed":0,"gold_gain":0,"cards_transformed":["Slimebound:Tackle"],"player_choice":"Transformed","damage_taken":0,"max_hp_gain":0,"max_hp_loss":0,"event_name":"Transmorgrifier","floor":24,"gold_loss":0,"cards_obtained":["Slimebound:DouseInSlime"]},{"damage_healed":0,"gold_gain":0,"player_choice":"Upgraded","damage_taken":0,"max_hp_gain":0,"max_hp_loss":0,"event_name":"Upgrade Shrine","floor":25,"gold_loss":0,"cards_upgraded":["Slimebound:SplitMire"]}],"is_beta":false,"boss_relics":[{"not_picked":["Sozu","ChewingGum"],"picked":"hubris:TerracottaHorce"},{"not_picked":["hubris:CrackedHourglass","Black Star"],"picked":"aspiration:FutureDiary"}],"items_purged_floors":[16,40,40],"is_endless":false,"potions_floor_spawned":[2,3,14,28,31,34,35,39,41,45,49],"ascension_level":0}}