{"host":"1cd1aqaox6jesai3","time":1609702900,"event":{"mods":["Act Like it!","Arknights The Spire","Astrologer","Bartender","BaseMod","Colored Powertips","Downfall","Googly Eyes","Hallownest","Infinite Spire","Mimic Mod","Minty Spire (QoL Compilation)","Replay The Spire","StSLib","The Bug Knight","The Construct","The Factory"],"gold_per_floor":[116,134,84,84,84,117,133,133,133,133,133],"floor_reached":10,"playtime":330,"items_purged":[],"score":69,"play_id":"6e70a054-e0f2-47d4-9369-5729d644dfb4","local_time":"20210103144140","is_ascension_mode":true,"campfire_choices":[{"data":"ats:Ambush","floor":8,"key":"SMITH"}],"circlet_count":0,"master_deck":["ats:Strike C","ats:Strike G","ats:Strike S","ats:Strike V","ats:Armor Crushing Shot","ats:Defend","ats:Defend","ats:Defend","ats:Defend","ats:Emotion Absorption","ats:Ambush+1","ats:Childhood Dance","ats:Neurotoxin"],"relics":["ats:Sanity","ats:Originium","infinitespire:Lucky Rock","HollowMod:StagPassRelic"],"acts_visited":["Exordium"],"potions_floor_usage":[],"damage_taken":[{"damage":0,"enemies":"Cultist","floor":1,"turns":4},{"damage":6,"enemies":"2 Louse","floor":2,"turns":5},{"damage":26,"enemies":"Lagavulin","floor":6,"turns":8},{"damage":7,"enemies":"Small Slimes","floor":7,"turns":4},{"damage":36,"enemies":"3 Sentries","floor":10,"turns":7}],"seed_played":"-7548313973633933373","potions_obtained":[],"is_trial":false,"path_per_floor":["M","M","?","?","?","E","M","R","T","E"],"character_chosen":"DOCTOR_CLASS","items_purchased":[],"campfire_rested":0,"item_purchase_floors":[],"current_hp_per_floor":[72,66,66,66,66,40,33,33,33,0,0],"gold":133,"neow_bonus":"THREE_RARE_CARDS","is_daily":false,"chose_seed":false,"campfire_upgraded":1,"win_rate":0.0,"timestamp":1609702900,"path_taken":["M","M","?","?","?","E","?","R","T","E"],"items_purchased_type":[],"build_version":"2020-12-22","purchased_purges":0,"victory":false,"max_hp_per_floor":[72,72,72,72,72,72,72,72,72,72,72],"card_choices":[{"not_picked":["ats:Disruption Kick","ats:Shadow Assault"],"picked":"ats:Ambush","floor":0},{"not_picked":["ats:Sunburst","ats:Defend Order"],"picked":"ats:Childhood Dance","floor":1},{"not_picked":["ats:Powerful Strike","ats:Revitalization"],"picked":"ats:Neurotoxin","floor":2},{"not_picked":["ats:Closed Bolt Burst Fire","ats:Ignite","ats:Red Shift"],"picked":"SKIP","floor":6},{"not_picked":["ats:Assault Order","ats:Thermite Blade","ats:Counter Healing Mode"],"picked":"SKIP","floor":7}],"player_experience":160832,"relics_obtained":[{"floor":6,"key":"ats:Originium"},{"floor":6,"key":"infinitespire:Lucky Rock"},{"floor":9,"key":"HollowMod:StagPassRelic"}],"event_choices":[{"cards_removed":["Injury"],"damage_healed":0,"gold_gain":0,"player_choice":"Card Removal","damage_taken":0,"max_hp_gain":0,"max_hp_loss":0,"event_name":"The Cleric","floor":3,"gold_loss":50},{"damage_healed":0,"gold_gain":0,"player_choice":"Ignored","damage_taken":0,"max_hp_gain":0,"max_hp_loss":0,"event_name":"Golden Wing","floor":4,"gold_loss":0},{"damage_healed":0,"gold_gain":0,"player_choice":"Bought 0 Potions","damage_taken":0,"max_hp_gain":0,"max_hp_loss":0,"event_name":"The Woman in Blue","floor":5,"gold_loss":0}],"is_beta":false,"boss_relics":[],"items_purged_floors":[],"is_endless":false,"potions_floor_spawned":[],"killed_by":"3 Sentries","ascension_level":1}}