{"host":"17xjy7b7ubl548g2","time":1609655206,"event":{"mods":["2.2 Compatiblity","Act Like it!","Aspiration","Astrologer","Bard","BaseMod","Bestiary","Challenge The Spire","ChefMod","Colored Map","Conspire","Elementarium","Energized Spire","Gensokyo","GifTheSpireLib","Halation","Hallownest","Hubris","Infinite Spire","Jedi Mod","Jorbs\u0027s Wanderer Trilogy","Marisa（霧雨　魔理沙）","Marked Mod","Menagerie","Minty Spire (QoL Compilation)","Pale of the Ancients","Permanent Neow","Puzzle Mod","Replay The Spire","Robot Space Explorer","Spicy Shops","StSLib","Stuff the Spire","The Blue Laboratory","The Bug Knight","The Construct","The Disciple","The Hayseed","The Hierophant","The Marked","The Runesmith","The Sage","TheFirefly"],"gold_per_floor":[114,44,56,68,80,115,115,141,218,0,0,20,20,36,36,135,135,146,146,146,160,171,171,201,201,201,212,212,238,238,263,263,365,365,377,396,414,414,433,433,467,467,521,521,535,550,74,94,82,82,82,82,35,67,67],"floor_reached":56,"playtime":8409,"items_purged":["thefirefly:Strike","thefirefly:PhotonBlast","thefirefly:Strike"],"score":1374,"play_id":"baf2c2bf-9477-460f-9143-785aacf100be","local_time":"20210103012646","is_ascension_mode":false,"campfire_choices":[{"data":"thefirefly:StealthMode","floor":11.0,"key":"SMITH"},{"data":"thefirefly:Rend","floor":13.0,"key":"SMITH"},{"data":"Menagerie:DarkRitual","floor":15.0,"key":"SMITH"},{"data":"thefirefly:LaserMail","floor":23.0,"key":"SMITH"},{"data":"infinitespire:SevenWalls","floor":25.0,"key":"SMITH"},{"data":"infinitespire:Punishment","floor":28.0,"key":"SMITH"},{"data":"thefirefly:BreachMissile","floor":32.0,"key":"SMITH"},{"data":"thefirefly:LustForEternity","floor":40.0,"key":"SMITH"},{"data":"thefirefly:Regeneration","floor":42.0,"key":"SMITH"},{"floor":49.0,"key":"RECALL"},{"data":"thefirefly:LaserBarrage","floor":52.0,"key":"SMITH"}],"circlet_count":0,"master_deck":["thefirefly:Strike","thefirefly:Strike","thefirefly:Defend","thefirefly:Defend","thefirefly:Defend","thefirefly:Defend","thefirefly:StealthMode+1","thefirefly:FlakCannon","Menagerie:LightningBolt","Menagerie:DarkRitual+1","thefirefly:RollBack","thefirefly:PotentAmmunition","thefirefly:DecoyShot","thefirefly:AlphaStrike","thefirefly:Flight","thefirefly:FullProjection","thefirefly:Rend+1","thefirefly:LustForEternity+1","thefirefly:BreachMissile+1","thefirefly:Reposition+1","infinitespire:SevenWalls+1","infinitespire:Punishment+1","thefirefly:QuantumTunneling+1","thefirefly:LaserMail+1","thefirefly:IonizedBarrier+1","thefirefly:SteadyAim","thefirefly:Boost","thefirefly:Bombardment+1","thefirefly:HyperspaceAssault","thefirefly:FlareScreen+1","thefirefly:Rend+1","thefirefly:LaserMail+1","infinitespire:Collect","thefirefly:Teleport+1","thefirefly:Regeneration+1","thefirefly:CoveringFire+1","thefirefly:RollBack+1","thefirefly:LaserBarrage+1","thefirefly:InterceptingShot","thefirefly:ShieldArray"],"relics":["thefirefly:StealthSystem","Calipers","aspiration:HiddenCompartment","Replay:Accelerometer","Chemical X","jedi:paperlyon","Pocketwatch","construct:FoamFinger","StrikeDummy","hubris:DeckOfHolding","Elementarium:ElementariumTrophy","Velvet Choker","conspire:DeflatedDodgeball","hubris:Icosahedron","thefirefly:RepairArm","thefirefly:WeaponPreloader","hubris:FunFungus","Replay:Bottled Snecko"],"acts_visited":["Exordium","Menagerie:Menagerie","TheBeyond","TheEnding"],"potions_floor_usage":[55,55],"damage_taken":[{"damage":0.0,"enemies":"Menagerie:MonstrousExperiment","floor":1.0,"turns":6.0},{"damage":0.0,"enemies":"Menagerie:StygianBoar","floor":3.0,"turns":3.0},{"damage":0.0,"enemies":"Menagerie:WhisperingWraith","floor":4.0,"turns":4.0},{"damage":17.0,"enemies":"Menagerie:KEEPER_AND_YOUNG_SUNEATER","floor":5.0,"turns":6.0},{"damage":6.0,"enemies":"Menagerie:MaskedSummoner","floor":6.0,"turns":13.0},{"damage":4.0,"enemies":"Menagerie:VoidReaper","floor":8.0,"turns":4.0},{"damage":6.0,"enemies":"Menagerie:BEAST_MAGE_AND_PROWLING_AMALGAM","floor":12.0,"turns":4.0},{"damage":3.0,"enemies":"Menagerie:MeltingSalamander","floor":14.0,"turns":3.0},{"damage":1.0,"enemies":"Menagerie:Chimera","floor":16.0,"turns":7.0},{"damage":2.0,"enemies":"Elementarium:2_ELEMENTALS","floor":18.0,"turns":2.0},{"damage":0.0,"enemies":"Elementarium:MUD_AND_TAR_GOLEMS","floor":21.0,"turns":4.0},{"damage":1.0,"enemies":"Elementarium:VOID_CORRUPTION_AND_ORB_OF_FIRE","floor":22.0,"turns":4.0},{"damage":17.0,"enemies":"Nightmare","floor":24.0,"turns":6.0},{"damage":0.0,"enemies":"Elementarium:3_ELEMENTALS","floor":27.0,"turns":3.0},{"damage":0.0,"enemies":"Elementarium:FIRE_NOBILITY","floor":29.0,"turns":6.0},{"damage":0.0,"enemies":"Elementarium:WarGolem","floor":31.0,"turns":2.0},{"damage":28.0,"enemies":"Elementarium:GoldenDragon","floor":33.0,"turns":7.0},{"damage":2.0,"enemies":"3 Shapes","floor":35.0,"turns":4.0},{"damage":2.0,"enemies":"3 Darklings","floor":36.0,"turns":3.0},{"damage":0.0,"enemies":"4 Shapes","floor":37.0,"turns":4.0},{"damage":2.0,"enemies":"Maw","floor":39.0,"turns":5.0},{"damage":0.0,"enemies":"Giant Head","floor":41.0,"turns":5.0},{"damage":3.0,"enemies":"4 Shapes","floor":45.0,"turns":4.0},{"damage":3.0,"enemies":"3 Darklings","floor":46.0,"turns":4.0},{"damage":0.0,"enemies":"Jaw Worm Horde","floor":48.0,"turns":2.0},{"damage":0.0,"enemies":"Time Eater","floor":50.0,"turns":7.0},{"damage":3,"enemies":"Shield and Spear","floor":54,"turns":6},{"damage":30,"enemies":"The Heart","floor":55,"turns":7}],"seed_played":"-226958790294108931","potions_obtained":[{"floor":1.0,"key":"ColorlessPotion"},{"floor":3.0,"key":"Dexterity Potion"},{"floor":16.0,"key":"blueLaboratory:LouseDecoction"},{"floor":18.0,"key":"blueLaboratory:LouseDecoction"},{"floor":21.0,"key":"jedi:StrikingPotion"},{"floor":29.0,"key":"Weak Potion"},{"floor":33.0,"key":"blueLaboratory:PhilterOfMotion"},{"floor":36.0,"key":"SpeedPotion"},{"floor":48.0,"key":"Fruit Juice"},{"floor":54,"key":"conspire:TimeTravelPotion"}],"is_trial":false,"path_per_floor":["M","?","M","M","M","E","?","E","T","$","R","M","R","M","R","B",null,"M","?","AVR","M","M","R","NM","R","T","M","R","E","?","E","R","B",null,"M","M","M","AVR","M","R","E","R","T","?","M","M","$","M","R","B",null,"R","$","E","B",null],"character_chosen":"THE_FIREFLY","items_purchased":["Chemical X","thefirefly:FullProjection","thefirefly:RepairArm","thefirefly:WeaponPreloader","hubris:FunFungus","thefirefly:InterceptingShot"],"campfire_rested":0,"item_purchase_floors":[10,10,47,47,47,53],"current_hp_per_floor":[60,60,60,60,43,37,37,33,33,33,33,27,27,24,24,23,60,58,58,58,58,57,57,40,40,40,40,40,40,37,37,37,9,60,58,56,56,56,54,54,54,54,54,54,51,48,48,48,65,65,65,65,65,65,62],"gold":67,"neow_bonus":"TEN_PERCENT_HP_BONUS","is_daily":false,"chose_seed":false,"campfire_upgraded":10,"win_rate":0.0,"timestamp":1609655206,"path_taken":["M","?","M","M","M","E","?","E","T","?","R","M","R","M","R","BOSS","M","?","AVR","M","M","R","NM","R","T","M","R","E","?","E","R","BOSS","M","M","M","AVR","M","R","E","R","T","?","M","M","$","M","R","BOSS","R","$","E","BOSS"],"items_purchased_type":["Relic","Card","Relic","Relic","Relic","Card"],"build_version":"2020-12-22","purchased_purges":3,"victory":true,"max_hp_per_floor":[60,60,60,60,60,60,60,60,60,60,60,60,60,60,60,60,60,60,60,60,60,60,60,60,60,60,60,60,60,60,60,60,60,60,60,60,60,60,60,60,60,60,60,60,60,60,60,60,65,65,65,65,65,65,65],"card_choices":[{"not_picked":["thefirefly:Rend","thefirefly:Quine"],"picked":"thefirefly:FlakCannon","floor":1.0},{"not_picked":["Menagerie:Tinker","Menagerie:Foresee"],"picked":"Menagerie:LightningBolt","floor":2.0},{"not_picked":["Menagerie:RelicOfProgenitus","Menagerie:LightningBolt"],"picked":"Menagerie:DarkRitual","floor":2.0},{"not_picked":["thefirefly:NebulaVeil","thefirefly:Exile"],"picked":"thefirefly:RollBack","floor":3.0},{"not_picked":["thefirefly:Teleport","thefirefly:RecollectionSubroutine"],"picked":"thefirefly:PotentAmmunition","floor":4.0},{"not_picked":["thefirefly:SearingEnigma","thefirefly:ArtillleryBeam"],"picked":"thefirefly:DecoyShot","floor":5.0},{"not_picked":["thefirefly:Exile","thefirefly:FlakCannon"],"picked":"thefirefly:AlphaStrike","floor":6.0},{"not_picked":["thefirefly:NebulaVeil","thefirefly:Preload"],"picked":"thefirefly:Flight","floor":8.0},{"not_picked":["thefirefly:StoredPower","thefirefly:FullProjection"],"picked":"thefirefly:Rend","floor":12.0},{"not_picked":["thefirefly:Boost","thefirefly:RollBack"],"picked":"thefirefly:LustForEternity","floor":14.0},{"not_picked":["thefirefly:LustForEternity","thefirefly:Regeneration"],"picked":"thefirefly:BreachMissile","floor":16.0},{"not_picked":["thefirefly:AuroralDischarge","thefirefly:FlareScreen"],"picked":"thefirefly:Reposition+1","floor":18.0},{"not_picked":["thefirefly:Pacify","thefirefly:FlakCannon"],"picked":"thefirefly:QuantumTunneling+1","floor":21.0},{"not_picked":["thefirefly:EphemeronForm","thefirefly:Reposition+1"],"picked":"thefirefly:LaserMail","floor":22.0},{"not_picked":["thefirefly:PhantomStrike","thefirefly:Pacify"],"picked":"thefirefly:IonizedBarrier+1","floor":24.0},{"not_picked":["thefirefly:QuantumTunneling","thefirefly:Prominence"],"picked":"thefirefly:SteadyAim","floor":27.0},{"not_picked":["thefirefly:IonizedBarrier","thefirefly:QuantumTunneling"],"picked":"thefirefly:Boost","floor":29.0},{"not_picked":["thefirefly:Flight","thefirefly:ChargedLaser+1"],"picked":"thefirefly:Bombardment+1","floor":31.0},{"not_picked":["thefirefly:EphemeronForm","thefirefly:Nova"],"picked":"thefirefly:HyperspaceAssault","floor":33.0},{"not_picked":["thefirefly:Bombardment","thefirefly:Rend"],"picked":"thefirefly:FlareScreen+1","floor":35.0},{"not_picked":["thefirefly:RollBack","thefirefly:FlakCannon"],"picked":"thefirefly:Rend+1","floor":36.0},{"not_picked":["thefirefly:EvasiveManeuver+1","thefirefly:ArtillleryBeam+1"],"picked":"thefirefly:LaserMail+1","floor":37.0},{"not_picked":["thefirefly:SearingEnigma","thefirefly:NebulaVeil"],"picked":"thefirefly:Teleport+1","floor":39.0},{"not_picked":["thefirefly:InterceptingShot","thefirefly:Pacify"],"picked":"thefirefly:Regeneration","floor":41.0},{"not_picked":["thefirefly:Rend","thefirefly:EvasiveManeuver+1"],"picked":"thefirefly:CoveringFire+1","floor":45.0},{"not_picked":["thefirefly:Lamentation","thefirefly:HyperFocus+1"],"picked":"thefirefly:RollBack+1","floor":46.0},{"not_picked":["thefirefly:FlareScreen+1","thefirefly:InterceptingShot+1"],"picked":"thefirefly:LaserBarrage","floor":48.0},{"not_picked":["thefirefly:Pacify","thefirefly:ArtillleryBeam"],"picked":"thefirefly:ShieldArray","floor":54}],"player_experience":1632093,"relics_obtained":[{"floor":6.0,"key":"Calipers"},{"floor":8.0,"key":"aspiration:HiddenCompartment"},{"floor":9.0,"key":"Replay:Accelerometer"},{"floor":24.0,"key":"Pocketwatch"},{"floor":26.0,"key":"construct:FoamFinger"},{"floor":29.0,"key":"StrikeDummy"},{"floor":31.0,"key":"hubris:DeckOfHolding"},{"floor":41.0,"key":"conspire:DeflatedDodgeball"},{"floor":54,"key":"Replay:Bottled Snecko"}],"event_choices":[{"damage_healed":0.0,"max_hp_gain":0.0,"max_hp_loss":0.0,"gold_gain":0.0,"event_name":"Menagerie:MagicPeddler","player_choice":"Spells","floor":2.0,"gold_loss":70.0,"damage_taken":0.0},{"damage_healed":0.0,"max_hp_gain":0.0,"max_hp_loss":0.0,"gold_gain":0.0,"event_name":"conspire:Investor","player_choice":"Leave","floor":7.0,"gold_loss":0.0,"damage_taken":0.0},{"damage_healed":0.0,"max_hp_gain":0.0,"max_hp_loss":0.0,"gold_gain":0.0,"event_name":"Elementarium:GreatTreasure","player_choice":"Poke through","floor":30.0,"gold_loss":0.0,"damage_taken":3.0}],"is_beta":false,"boss_relics":[{"not_picked":["halation:CatFaceCupcake","halation:LoveArrow"],"picked":"jedi:paperlyon"},{"not_picked":["halation:Prosthetics","Snecko Eye"],"picked":"Velvet Choker"}],"items_purged_floors":[20,38,47],"is_endless":false,"potions_floor_spawned":[1,3,5,16,18,21,29,33,36,37,39,48,54],"ascension_level":0}}