{"host":"7bzprrpqr2usgpra","time":1609668091,"event":{"mods":["ATMod(阿瑾Mod)","BaseMod","BetterRewards","Dota2Spire","HololiveMod","Lobotomy","Minty Spire (QoL Compilation)","MostiFishMod","Quick Restart","Spicy Shops","StSLib","TestMod","TheWitcher","[IsaacMod]以撒尖塔","【遗物卡牌】REMEMod"],"gold_per_floor":[119,119,139,157,122,122,153,153,153,224,224,251,267,10,10,77,77,91,94,94,94,105,105,105],"floor_reached":23,"playtime":560,"items_purged":[],"score":392,"play_id":"d1ee3903-402f-41fa-9285-dcd0b186acba","local_time":"20210103180131","is_ascension_mode":true,"campfire_choices":[{"floor":6,"key":"REST"},{"data":"AT_ChampionKick","floor":8,"key":"SMITH"},{"floor":11,"key":"REST"},{"floor":15,"key":"REST"}],"circlet_count":0,"master_deck":["AscendersBane","Strike_P","Strike_P+1","Strike_P","Strike_P","Defend_P","Defend_P","Defend_P","Defend_P","Eruption+1","Vigilance","BettingIsNotGood","AT_ChampionKick+1","MeatLantern","AT_SoftenMuscles","LongBird","MostiFishMod:LegendTransform","Freischutz","Tantrum","LittleHelper","Prostrate+1","BigBird","Wallop","HappyTeddy","REME_Repentance+1","Wellcheers","MostiFishMod:CyberBuddha+1","MostiFishMod:SephirahHod+1","LittlePrince","MostiFishMod:LegendTransform","FairyFestival","MostiFishMod:LegendTransform","VoidDream","MostiFishMod:Clarity+1"],"relics":["PureWater","AT_ATBox","testmod-TestBox","HushsDoor","REME_ComplimentaryCards","testmod-Brilliant","NightmareShop","MoneyPower","CogitoBucket","SynthV:TestCard","Toxic Egg 2","Darkstone Periapt","ResearcherNote","Gremlin Horn","MostiFishMod:Hod","Enchiridion","DaveBox","Medical Kit"],"acts_visited":["Exordium","TheCity"],"potions_floor_usage":[18,23],"damage_taken":[{"damage":9,"enemies":"Jaw Worm","floor":1,"turns":3},{"damage":0,"enemies":"Small Slimes","floor":3,"turns":1},{"damage":3,"enemies":"Cultist","floor":4,"turns":3},{"damage":5,"enemies":"3 Sentries","floor":7,"turns":2},{"damage":38,"enemies":"Lagavulin","floor":12,"turns":3},{"damage":0,"enemies":"Looter","floor":13,"turns":1},{"damage":31,"enemies":"Hexaghost","floor":16,"turns":6},{"damage":17,"enemies":"2 Thieves","floor":18,"turns":3},{"damage":16,"enemies":"Spheric Guardian","floor":19,"turns":4},{"damage":0,"enemies":"Chosen and Byrds","floor":22,"turns":2},{"damage":16,"enemies":"Slavers","floor":23,"turns":1}],"seed_played":"8183267143260484745","potions_obtained":[{"floor":1,"key":"BlessingOfTheForge"},{"floor":4,"key":"Explosive Potion"},{"floor":18,"key":"DuplicationPotion"}],"is_trial":false,"path_per_floor":["M","?","M","M","?","R","E","R","T","?","R","E","M","$","R","B",null,"M","M","?","?","M","E"],"character_chosen":"WATCHER","items_purchased":["Gremlin Horn"],"campfire_rested":3,"item_purchase_floors":[14],"current_hp_per_floor":[52,32,32,29,46,66,61,61,61,46,66,30,30,30,50,19,56,42,29,8,8,8,0,0],"gold":105,"neow_bonus":"","is_daily":false,"chose_seed":false,"campfire_upgraded":1,"win_rate":0.0,"timestamp":1609668091,"path_taken":["M","?","?","M","?","R","E","R","T","?","R","E","M","?","R","BOSS","M","M","?","?","M","E"],"items_purchased_type":["Relic"],"build_version":"2020-12-22","purchased_purges":0,"victory":false,"max_hp_per_floor":[68,68,68,68,68,68,68,68,68,68,68,68,68,68,68,68,68,68,68,68,68,68,68,68],"card_choices":[{"not_picked":[],"picked":"BettingIsNotGood","floor":0},{"not_picked":["UniverseFragment","OldLady"],"picked":"MeatLantern","floor":1},{"not_picked":["MostiFishMod:FlowState","FlurryOfBlows"],"picked":"AT_SoftenMuscles","floor":1},{"not_picked":["OSAHOGD","FairyFestival"],"picked":"LongBird","floor":3},{"not_picked":["LikeWater","EmptyBody","ReachHeaven","InnerPeace"],"picked":"MostiFishMod:LegendTransform","floor":3},{"not_picked":["HeroicMonk","VoidDream"],"picked":"Freischutz","floor":4},{"not_picked":["Evaluate","InnerPeace","Bomb","REME_MusicOfDeath"],"picked":"Tantrum","floor":4},{"not_picked":["WallGazer","Murderer"],"picked":"LittleHelper","floor":7},{"not_picked":["FlyingSleeves","Halt+1","PathToVictory+1","EmptyFist"],"picked":"Prostrate+1","floor":7},{"not_picked":["WhitesApple","UniverseFragment"],"picked":"BigBird","floor":12},{"not_picked":["Worship+1","Swivel+1","JustLucky","FearNoEvil"],"picked":"Wallop","floor":12},{"not_picked":["Murderer","WhitesApple"],"picked":"HappyTeddy","floor":13},{"not_picked":["Halt+1","ClearTheMind+1","BattleHymn","CutThroughFate"],"picked":"REME_Repentance+1","floor":13},{"not_picked":["ShyLook","OSAHOGD"],"picked":"Wellcheers","floor":16},{"not_picked":["MostiFishMod:StarOceanP+1","MostiFishMod:Unraveling+1","Brilliance","MostiFishMod:KamiSmash"],"picked":"MostiFishMod:CyberBuddha+1","floor":16},{"not_picked":["ShyLook","QueenOfHatred"],"picked":"LittlePrince","floor":18},{"not_picked":["Wireheading","MostiFishMod:FlowState+1","SashWhip","Tantrum"],"picked":"MostiFishMod:LegendTransform","floor":18},{"not_picked":["BeautyBeast","SpiderBud"],"picked":"FairyFestival","floor":19},{"not_picked":["REME_Repentance+1","Protect+1","BowlingBash","WreathOfFlame+1"],"picked":"MostiFishMod:LegendTransform","floor":19},{"not_picked":["OSAHOGD","FieryBird"],"picked":"VoidDream","floor":22},{"not_picked":["Consecrate","FollowUp","CutThroughFate+1","Halt+1"],"picked":"MostiFishMod:Clarity+1","floor":22}],"player_experience":239165,"relics_obtained":[{"floor":1,"key":"SynthV:TestCard"},{"floor":7,"key":"Toxic Egg 2"},{"floor":12,"key":"Darkstone Periapt"},{"floor":20,"key":"Enchiridion"}],"event_choices":[{"damage_healed":0,"gold_gain":0,"player_choice":"Entered Light","damage_taken":20,"max_hp_gain":0,"max_hp_loss":0,"event_name":"Shining Light","floor":2,"gold_loss":0,"cards_upgraded":["Strike_P","Eruption"]},{"damage_healed":17,"gold_gain":0,"player_choice":"Healed","damage_taken":0,"max_hp_gain":0,"max_hp_loss":0,"event_name":"The Cleric","floor":5,"gold_loss":35},{"damage_healed":0,"gold_gain":0,"player_choice":"Obtained Book","damage_taken":21,"max_hp_gain":0,"max_hp_loss":0,"event_name":"Cursed Tome","floor":20,"gold_loss":0},{"damage_healed":0,"gold_gain":0,"player_choice":"Swap Relic","damage_taken":0,"relics_obtained":["DaveBox"],"max_hp_gain":0,"max_hp_loss":0,"event_name":"给自己的盒子","floor":21,"relics_lost":["DaveBox"],"gold_loss":0}],"is_beta":false,"boss_relics":[{"not_picked":["testmod-KeyOfTheVoid","OneHitWonderSystem"],"picked":"MostiFishMod:Hod"},{"not_picked":[]}],"items_purged_floors":[],"is_endless":false,"potions_floor_spawned":[1,4,7,13,18,19,22],"killed_by":"Slavers","ascension_level":15}}