{"host":"mydft8i2zzydgggw","time":1609692325,"event":{"mods":["AchievementEnabler","BaseMod","Colored Map","Colored Powertips","Minty Spire (QoL Compilation)","StSLib","The Hierophant","The Poker Player","The Runesmith"],"gold_per_floor":[115,65,65,65,16,47,47,74,143,143,171,184,203,216,216,216,216],"floor_reached":16,"playtime":676,"items_purged":[],"score":164,"play_id":"4b0382f4-a5e6-4461-9ab9-dfa2c4a37550","local_time":"20210104014525","is_ascension_mode":true,"campfire_choices":[{"data":"Buffer","floor":7,"key":"SMITH"},{"data":"Dualcast","floor":10,"key":"SMITH"},{"data":"White Noise","floor":15,"key":"SMITH"}],"circlet_count":0,"master_deck":["Strike_B","Strike_B","Defend_B","Defend_B","Defend_B","Defend_B","Zap","Dualcast+1","Glacier","Static Discharge","Conserve Battery","Buffer+1","Hologram","Force Field","White Noise+1"],"relics":["Cracked Core","Omamori","PreservedInsect","Cables","Singing Bowl"],"acts_visited":["Exordium"],"potions_floor_usage":[6,8,16],"damage_taken":[{"damage":1,"enemies":"Jaw Worm","floor":1,"turns":4},{"damage":23,"enemies":"Gremlin Nob","floor":6,"turns":4},{"damage":18,"enemies":"3 Sentries","floor":8,"turns":11},{"damage":0,"enemies":"Lagavulin","floor":11,"turns":10},{"damage":0,"enemies":"2 Louse","floor":12,"turns":3},{"damage":0,"enemies":"Cultist","floor":13,"turns":4},{"damage":0,"enemies":"2 Fungi Beasts","floor":14,"turns":5},{"damage":32,"enemies":"Slime Boss","floor":16,"turns":11}],"seed_played":"-5427892003883632809","potions_obtained":[{"floor":1,"key":"SkillPotion"},{"floor":6,"key":"SkillPotion"},{"floor":13,"key":"Fire Potion"}],"is_trial":false,"path_per_floor":["M","?","?","?","$","E","R","E","T","R","E","M","M","M","R","B"],"character_chosen":"DEFECT","items_purchased":["Conserve Battery"],"campfire_rested":0,"item_purchase_floors":[5],"current_hp_per_floor":[74,74,67,67,67,44,44,26,26,26,26,28,30,30,30,0,0],"gold":216,"neow_bonus":"THREE_CARDS","is_daily":false,"chose_seed":false,"campfire_upgraded":3,"win_rate":0.0,"timestamp":1609692325,"path_taken":["M","?","?","?","?","E","R","E","T","R","E","M","?","M","R","BOSS"],"items_purchased_type":["Card"],"build_version":"2020-12-22","purchased_purges":0,"victory":false,"max_hp_per_floor":[75,75,75,75,75,75,75,75,75,75,75,77,79,79,79,79,79],"card_choices":[{"not_picked":["Melter","Leap"],"picked":"Glacier","floor":0},{"not_picked":["Tempest","Go for the Eyes"],"picked":"Static Discharge","floor":1},{"not_picked":["White Noise","Storm"],"picked":"Buffer","floor":6},{"not_picked":["Glacier","Leap"],"picked":"Hologram","floor":8},{"not_picked":["Genetic Algorithm","Loop"],"picked":"Force Field","floor":11},{"not_picked":["Coolheaded","Leap","Ball Lightning"],"picked":"Singing Bowl","floor":12},{"not_picked":["Steam","Turbo","Stack"],"picked":"Singing Bowl","floor":13},{"not_picked":["Hologram","Reprogram"],"picked":"White Noise","floor":14}],"player_experience":80560,"relics_obtained":[{"floor":6,"key":"Omamori"},{"floor":8,"key":"PreservedInsect"},{"floor":9,"key":"Cables"},{"floor":11,"key":"Singing Bowl"}],"event_choices":[{"cards_removed":["Strike_B"],"damage_healed":0,"gold_gain":0,"player_choice":"Card Removal","damage_taken":0,"max_hp_gain":0,"max_hp_loss":0,"event_name":"The Cleric","floor":2,"gold_loss":50},{"cards_removed":["Strike_B"],"damage_healed":0,"gold_gain":0,"player_choice":"Card Removal","damage_taken":7,"max_hp_gain":0,"max_hp_loss":0,"event_name":"Golden Wing","floor":3,"gold_loss":0},{"damage_healed":0,"gold_gain":0,"player_choice":"Ignored","damage_taken":0,"max_hp_gain":0,"max_hp_loss":0,"event_name":"Liars Game","floor":4,"gold_loss":0}],"is_beta":false,"boss_relics":[],"items_purged_floors":[],"is_endless":false,"potions_floor_spawned":[1,6,13],"killed_by":"Slime Boss","ascension_level":3}}