{"host":"yecadp3kwkksam5a","time":1609698316,"event":{"mods":["BaseMod","Minty Spire (QoL Compilation)","StSLib"],"gold_per_floor":[112,127,127,127,52,52,86,105,105,139,139,160,80,107,107,178,178,195,195,95,114,127,158,189,189,189,69,101,101,129,129,129,204,204,221,83,83,83,108,138,138,167,167,167,167,196,225,257,257,257,257,257,257,129,164,164],"floor_reached":57,"playtime":3204,"items_purged":["Choke","Dagger Spray","Blade Dance","Underhanded Strike"],"score":3943,"play_id":"d2c36f79-0ddd-4e30-a52c-4807670c8387","local_time":"20210104032516","daily_mods":["Draft","Flight"],"is_ascension_mode":true,"campfire_choices":[{"data":"Concentrate","floor":6,"key":"SMITH"},{"data":"Acrobatics","floor":11,"key":"SMITH"},{"data":"Acrobatics","floor":15,"key":"SMITH"},{"data":"Tactician","floor":25,"key":"SMITH"},{"floor":32,"key":"RECALL"},{"data":"Prepared","floor":41,"key":"SMITH"},{"data":"Well Laid Plans","floor":49,"key":"SMITH"},{"data":"Grand Finale","floor":53,"key":"SMITH"}],"circlet_count":0,"master_deck":["AscendersBane","Blur","Concentrate+1","Noxious Fumes","PiercingWail+1","Noxious Fumes","Backflip+1","Prepared+1","Calculated Gamble+1","Acrobatics+1","Acrobatics+1","Grand Finale+1","Escape Plan","Tactician+1","Well Laid Plans+1"],"relics":["Ring of the Snake","White Beast Statue","The Courier","TungstenRod","Odd Mushroom","Orichalcum","HoveringKite","Anchor","Incense Burner","Juzu Bracelet","Nilry\u0027s Codex","Black Star","TheAbacus","Girya","Mummified Hand","Pear","Mercury Hourglass","Centennial Puzzle","War Paint","InkBottle","Ancient Tea Set","Omamori","MealTicket","Blue Candle","Lee\u0027s Waffle","Sundial","Oddly Smooth Stone"],"acts_visited":["Exordium","TheCity","TheBeyond","TheEnding"],"potions_floor_usage":[],"damage_taken":[{"damage":0,"enemies":"Small Slimes","floor":1,"turns":1},{"damage":0,"enemies":"Jaw Worm","floor":2,"turns":2},{"damage":30,"enemies":"Lagavulin","floor":7,"turns":6},{"damage":0,"enemies":"2 Louse","floor":8,"turns":1},{"damage":12,"enemies":"Gremlin Nob","floor":10,"turns":3},{"damage":0,"enemies":"The Mushroom Lair","floor":12,"turns":3},{"damage":0,"enemies":"3 Sentries","floor":14,"turns":2},{"damage":1,"enemies":"The Guardian","floor":16,"turns":3},{"damage":0,"enemies":"3 Byrds","floor":18,"turns":2},{"damage":0,"enemies":"Spheric Guardian","floor":21,"turns":1},{"damage":0,"enemies":"3 Cultists","floor":22,"turns":1},{"damage":3,"enemies":"Book of Stabbing","floor":23,"turns":2},{"damage":0,"enemies":"Slavers","floor":24,"turns":1},{"damage":0,"enemies":"Gremlin Leader","floor":28,"turns":1},{"damage":0,"enemies":"Slavers","floor":30,"turns":1},{"damage":0,"enemies":"Collector","floor":33,"turns":1},{"damage":0,"enemies":"Orb Walker","floor":35,"turns":1},{"damage":0,"enemies":"Mind Bloom Boss Battle","floor":39,"turns":1},{"damage":0,"enemies":"Reptomancer","floor":40,"turns":1},{"damage":0,"enemies":"Giant Head","floor":42,"turns":1},{"damage":0,"enemies":"Nemesis","floor":46,"turns":1},{"damage":0,"enemies":"Giant Head","floor":47,"turns":1},{"damage":0,"enemies":"Reptomancer","floor":48,"turns":1},{"damage":0,"enemies":"Awakened One","floor":50,"turns":2},{"damage":0,"enemies":"Donu and Deca","floor":51,"turns":1},{"damage":0,"enemies":"Shield and Spear","floor":55,"turns":1},{"damage":0,"enemies":"The Heart","floor":56,"turns":4}],"seed_played":"5291032364449831589","potions_obtained":[{"floor":1,"key":"Swift Potion"},{"floor":7,"key":"BlessingOfTheForge"},{"floor":10,"key":"EntropicBrew"},{"floor":24,"key":"Swift Potion"},{"floor":39,"key":"GhostInAJar"}],"is_trial":true,"path_per_floor":["M","M","?","?","$","R","E","M","T","E","R","?","$","E","R","B",null,"M","?","$","M","M","E","E","R","T","$","E","?","E","?","R","B",null,"M","$","?","?","?","E","R","E","T","?","$","E","E","E","R","B","B",null,"R","$","E","B",null],"character_chosen":"THE_SILENT","items_purchased":["TheAbacus","Lee\u0027s Waffle"],"campfire_rested":0,"item_purchase_floors":[36,54],"current_hp_per_floor":[59,59,64,64,64,64,34,34,34,22,22,22,22,22,22,21,59,59,59,59,59,59,56,56,56,56,56,56,56,56,39,39,39,63,63,63,63,63,63,63,63,73,73,73,73,73,73,73,73,73,73,76,76,84,84,84],"gold":164,"neow_bonus":"","is_daily":false,"chose_seed":false,"campfire_upgraded":7,"win_rate":0.0,"timestamp":1609698316,"path_taken":["M","M","?","?","$","R","E","?","T","E","R","?","$","E","R","BOSS","M","?","$","M","M","E","E","R","T","$","E","?","E","?","R","BOSS","M","$","?","?","?","E","R","E","T","?","$","E","E","E","R","BOSS","BOSS","R","$","E","BOSS"],"items_purchased_type":["Relic","Relic"],"build_version":"2020-12-22","purchased_purges":4,"victory":true,"max_hp_per_floor":[66,66,71,71,71,71,71,71,71,71,71,71,71,71,71,71,71,71,71,71,71,71,71,71,71,71,71,71,71,71,71,71,71,71,71,71,67,67,67,67,67,77,77,77,77,77,77,77,77,77,77,77,77,84,84,84],"card_choices":[{"not_picked":["Outmaneuver","Flying Knee"],"picked":"Blur","floor":0},{"not_picked":["Dagger Spray","Poisoned Stab"],"picked":"Underhanded Strike","floor":0},{"not_picked":["Dagger Spray","Setup"],"picked":"Concentrate","floor":0},{"not_picked":["Poisoned Stab","Deadly Poison"],"picked":"Noxious Fumes","floor":0},{"not_picked":["Poisoned Stab","Dagger Spray"],"picked":"PiercingWail","floor":0},{"not_picked":["Cloak And Dagger","Deflect"],"picked":"Noxious Fumes","floor":0},{"not_picked":["Accuracy","All Out Attack"],"picked":"Choke","floor":0},{"not_picked":["Bane","Accuracy"],"picked":"Backflip","floor":0},{"not_picked":["Backflip","Cloak And Dagger"],"picked":"Underhanded Strike","floor":0},{"not_picked":["Deflect","Flying Knee"],"picked":"Crippling Poison","floor":0},{"not_picked":["Setup","Sucker Punch"],"picked":"Prepared","floor":0},{"not_picked":["Cloak And Dagger","Sucker Punch"],"picked":"Dagger Spray","floor":0},{"not_picked":["Caltrops","Riddle With Holes"],"picked":"Calculated Gamble","floor":0},{"not_picked":["Slice","Deflect"],"picked":"Cloak And Dagger","floor":0},{"not_picked":["Finisher","Bouncing Flask"],"picked":"Acrobatics","floor":0},{"not_picked":["Riddle With Holes","Terror","Prepared"],"picked":"SKIP","floor":1},{"not_picked":["Blade Dance","Flying Knee"],"picked":"Acrobatics","floor":2},{"not_picked":["Dodge and Roll","Dagger Throw","Setup"],"picked":"SKIP","floor":7},{"not_picked":["PiercingWail","Cloak And Dagger","Prepared"],"picked":"SKIP","floor":8},{"not_picked":["Catalyst","Finisher","Phantasmal Killer"],"picked":"SKIP","floor":10},{"not_picked":["Storm of Steel","Crippling Poison","Poisoned Stab"],"picked":"SKIP","floor":14},{"not_picked":["Storm of Steel","Wraith Form v2"],"picked":"Grand Finale","floor":16},{"not_picked":["Quick Slash","Catalyst","Deadly Poison"],"picked":"SKIP","floor":18},{"not_picked":["Outmaneuver","Infinite Blades","Flying Knee"],"picked":"SKIP","floor":21},{"not_picked":["Deadly Poison","Poisoned Stab","Dagger Spray"],"picked":"SKIP","floor":22},{"not_picked":["Outmaneuver","Footwork"],"picked":"Escape Plan","floor":23},{"not_picked":["Storm of Steel","Dodge and Roll"],"picked":"Tactician","floor":24},{"not_picked":["Underhanded Strike","Deadly Poison","Outmaneuver"],"picked":"SKIP","floor":28},{"not_picked":["Sucker Punch","Underhanded Strike","Finisher"],"picked":"SKIP","floor":30},{"not_picked":["Bane","Flechettes+1","Riddle With Holes+1"],"picked":"SKIP","floor":35},{"not_picked":["Endless Agony","Prepared","Blade Dance+1"],"picked":"SKIP","floor":40},{"not_picked":["Deflect","Venomology"],"picked":"Well Laid Plans","floor":42},{"not_picked":["Flechettes","PiercingWail","Dagger Spray"],"picked":"SKIP","floor":46},{"not_picked":["Flechettes","PiercingWail","Dagger Spray"],"picked":"SKIP","floor":46},{"not_picked":["Endless Agony","Deflect","Predator"],"picked":"SKIP","floor":47},{"not_picked":["Calculated Gamble","Backflip","Poisoned Stab"],"picked":"SKIP","floor":48},{"not_picked":["PiercingWail","Concentrate","Underhanded Strike"],"picked":"SKIP","floor":55}],"player_experience":345029,"relics_obtained":[{"floor":7,"key":"White Beast Statue"},{"floor":9,"key":"The Courier"},{"floor":10,"key":"TungstenRod"},{"floor":12,"key":"Odd Mushroom"},{"floor":14,"key":"Orichalcum"},{"floor":23,"key":"Anchor"},{"floor":24,"key":"Incense Burner"},{"floor":28,"key":"Juzu Bracelet"},{"floor":31,"key":"Nilry\u0027s Codex"},{"floor":40,"key":"Girya"},{"floor":40,"key":"Mummified Hand"},{"floor":42,"key":"Pear"},{"floor":42,"key":"Mercury Hourglass"},{"floor":43,"key":"Centennial Puzzle"},{"floor":46,"key":"War Paint"},{"floor":46,"key":"InkBottle"},{"floor":47,"key":"Ancient Tea Set"},{"floor":47,"key":"Omamori"},{"floor":48,"key":"MealTicket"},{"floor":48,"key":"Blue Candle"},{"floor":55,"key":"Sundial"},{"floor":55,"key":"Oddly Smooth Stone"}],"event_choices":[{"damage_healed":0,"gold_gain":0,"player_choice":"Donut","damage_taken":0,"max_hp_gain":5,"max_hp_loss":0,"event_name":"Big Fish","floor":3,"gold_loss":0},{"cards_removed":["Cloak And Dagger"],"damage_healed":0,"gold_gain":0,"player_choice":"Forget","damage_taken":0,"max_hp_gain":0,"max_hp_loss":0,"event_name":"Living Wall","floor":4,"gold_loss":0},{"damage_healed":0,"gold_gain":0,"player_choice":"Fought Mushrooms","damage_taken":0,"max_hp_gain":0,"max_hp_loss":0,"event_name":"Mushrooms","floor":12,"gold_loss":0},{"damage_healed":0,"gold_gain":0,"cards_transformed":["Crippling Poison"],"player_choice":"Transformed","damage_taken":0,"max_hp_gain":0,"max_hp_loss":0,"event_name":"Transmorgrifier","floor":19,"gold_loss":0,"cards_obtained":["Blade Dance"]},{"damage_healed":0,"gold_gain":0,"player_choice":"Forge","damage_taken":0,"max_hp_gain":0,"max_hp_loss":0,"event_name":"Accursed Blacksmith","floor":29,"gold_loss":0,"cards_upgraded":["Calculated Gamble"]},{"damage_healed":0,"gold_gain":0,"player_choice":"Obtained Book","damage_taken":21,"max_hp_gain":0,"max_hp_loss":0,"event_name":"Cursed Tome","floor":31,"gold_loss":0},{"damage_healed":0,"gold_gain":0,"player_choice":"Max HP","damage_taken":0,"max_hp_gain":0,"max_hp_loss":4,"event_name":"Winding Halls","floor":37,"gold_loss":0},{"damage_healed":0,"gold_gain":0,"player_choice":"Memory 1","damage_taken":0,"max_hp_gain":0,"max_hp_loss":0,"event_name":"SensoryStone","floor":38,"gold_loss":0},{"damage_healed":0,"gold_gain":0,"player_choice":"Fight","damage_taken":0,"max_hp_gain":0,"max_hp_loss":0,"event_name":"MindBloom","floor":39,"gold_loss":0},{"cards_removed":["Underhanded Strike"],"damage_healed":0,"gold_gain":0,"player_choice":"Purged","damage_taken":0,"max_hp_gain":0,"max_hp_loss":0,"event_name":"Purifier","floor":44,"gold_loss":0}],"is_beta":false,"boss_relics":[{"not_picked":["Empty Cage","Busted Crown"],"picked":"HoveringKite"},{"not_picked":["Cursed Key","Ring of the Serpent"],"picked":"Black Star"}],"items_purged_floors":[5,13,20,27],"is_endless":false,"potions_floor_spawned":[1,7,8,10,12,14,16,18,21,22,23,24,28,30,33,35,39,40,42,46,47,48,55],"ascension_level":20}}