{"host":"pf5oese4ka0eje7d","time":1609665454,"event":{"mods":["AchievementEnabler","BaseMod","Colored Map","Minty Spire (QoL Compilation)","StSLib","SuperFastMode"],"gold_per_floor":[117,117,136,149,167,167,194,210,234,234,234,250,209,243,243,243,243],"floor_reached":16,"playtime":370,"items_purged":[],"score":157,"play_id":"061ba40b-2112-4707-8243-638cffdaae24","local_time":"20210103101734","is_ascension_mode":true,"campfire_choices":[{"data":"Trip","floor":6,"key":"SMITH"},{"floor":11,"key":"REST"},{"floor":15,"key":"REST"}],"circlet_count":0,"master_deck":["Strike_R","Strike_R+1","Strike_R","Strike_R","Strike_R","Defend_R","Defend_R","Defend_R","Defend_R","Bash","Sword Boomerang","Bash","Trip+1","Pummel","Thunderclap+1","Twin Strike","Parasite","Armaments","Rampage"],"relics":["Burning Blood","Juzu Bracelet","Vajra","Whetstone"],"acts_visited":["Exordium"],"potions_floor_usage":[14,16],"damage_taken":[{"damage":6,"enemies":"Cultist","floor":1,"turns":4},{"damage":2,"enemies":"2 Louse","floor":3,"turns":4},{"damage":5,"enemies":"Small Slimes","floor":4,"turns":4},{"damage":21,"enemies":"Blue Slaver","floor":5,"turns":3},{"damage":32,"enemies":"Gremlin Nob","floor":7,"turns":4},{"damage":18,"enemies":"Red Slaver","floor":8,"turns":4},{"damage":7,"enemies":"3 Louse","floor":12,"turns":3},{"damage":26,"enemies":"Lagavulin","floor":14,"turns":5},{"damage":60,"enemies":"The Guardian","floor":16,"turns":12}],"seed_played":"1236872298504703922","potions_obtained":[{"floor":7,"key":"Dexterity Potion"},{"floor":12,"key":"EssenceOfSteel"}],"is_trial":false,"path_per_floor":["M","?","M","M","M","R","E","M","T","?","R","M","?","E","R","B"],"character_chosen":"IRONCLAD","items_purchased":[],"campfire_rested":2,"item_purchase_floors":[],"current_hp_per_floor":[72,72,72,72,57,57,31,19,19,37,58,57,57,37,58,0,0],"gold":243,"neow_bonus":"THREE_RARE_CARDS","is_daily":false,"chose_seed":false,"campfire_upgraded":1,"win_rate":0.0,"timestamp":1609665454,"path_taken":["M","?","M","M","M","R","E","M","T","?","R","M","?","E","R","BOSS"],"items_purchased_type":[],"build_version":"2020-12-22","purchased_purges":0,"victory":false,"max_hp_per_floor":[72,72,72,72,72,72,72,72,72,72,72,72,72,72,72,72,72],"card_choices":[{"not_picked":["Clash","Headbutt"],"picked":"Sword Boomerang","floor":1},{"not_picked":["Sever Soul","Wild Strike","Warcry"],"picked":"SKIP","floor":3},{"not_picked":["Iron Wave","Combust"],"picked":"Pummel","floor":4},{"not_picked":["Power Through","Clothesline"],"picked":"Thunderclap","floor":5},{"not_picked":["Sentinel","Pommel Strike","Infernal Blade"],"picked":"SKIP","floor":7},{"not_picked":["Feel No Pain","Pommel Strike"],"picked":"Twin Strike","floor":8},{"not_picked":["Dual Wield","Havoc"],"picked":"Armaments","floor":12},{"not_picked":["Searing Blow","Clash"],"picked":"Rampage","floor":14}],"player_experience":308181,"relics_obtained":[{"floor":7,"key":"Juzu Bracelet"},{"floor":9,"key":"Vajra"},{"floor":14,"key":"Whetstone"}],"event_choices":[{"damage_healed":0,"gold_gain":0,"player_choice":"2 cards matched","damage_taken":0,"max_hp_gain":0,"max_hp_loss":0,"event_name":"Match and Keep!","floor":2,"gold_loss":0,"cards_obtained":["Bash","Trip"]},{"damage_healed":18,"gold_gain":0,"player_choice":"Healed and dodged fight","damage_taken":0,"max_hp_gain":0,"max_hp_loss":0,"event_name":"Mushrooms","floor":10,"gold_loss":0,"cards_obtained":["Parasite"]},{"damage_healed":0,"gold_gain":0,"player_choice":"Left Gold","damage_taken":0,"max_hp_gain":0,"max_hp_loss":0,"event_name":"World of Goop","floor":13,"gold_loss":41}],"is_beta":false,"boss_relics":[],"items_purged_floors":[],"is_endless":false,"potions_floor_spawned":[7,12],"killed_by":"The Guardian","ascension_level":8}}