{"host":"2okas1s8lto464g9","time":1609661890,"event":{"mods":["BaseMod","Minty Spire (QoL Compilation)","StSLib","The Construct","The Servant 0.9.4"],"gold_per_floor":[111,130,148,166,179,192,192,220,220,252,268,299,72,72,72,177,177,177,177],"floor_reached":18,"playtime":1886,"items_purged":["Defend_P"],"score":209,"play_id":"f4cf9ad8-eb8a-40de-a474-89ba18a4956d","local_time":"20210103161810","is_ascension_mode":false,"campfire_choices":[{"data":"Eruption","floor":7.0,"key":"SMITH"},{"data":"Impatience","floor":15.0,"key":"SMITH"}],"circlet_count":0,"master_deck":["Strike_P","Strike_P","Strike_P","Strike_P","Defend_P","Defend_P","Defend_P","Eruption+1","Vigilance","Impatience+1","EmptyFist","Tantrum","Meditate","BowlingBash","Consecrate","ThirdEye","Parasite","ConjureBlade"],"relics":["PureWater","Calipers","Blue Candle","Shovel","GoldenEye","Bronze Scales","Philosopher\u0027s Stone"],"acts_visited":["Exordium","TheCity"],"potions_floor_usage":[],"damage_taken":[{"damage":0.0,"enemies":"Cultist","floor":1.0,"turns":3.0},{"damage":1.0,"enemies":"2 Louse","floor":2.0,"turns":3.0},{"damage":0.0,"enemies":"Jaw Worm","floor":3.0,"turns":2.0},{"damage":8.0,"enemies":"Red Slaver","floor":4.0,"turns":3.0},{"damage":6.0,"enemies":"Exordium Wildlife","floor":5.0,"turns":4.0},{"damage":0.0,"enemies":"Looter","floor":6.0,"turns":1.0},{"damage":6.0,"enemies":"Gremlin Nob","floor":8.0,"turns":3.0},{"damage":10.0,"enemies":"Lagavulin","floor":10.0,"turns":3.0},{"damage":0.0,"enemies":"Gremlin Gang","floor":11.0,"turns":3.0},{"damage":0.0,"enemies":"Gremlin Nob","floor":12.0,"turns":2.0},{"damage":46.0,"enemies":"The Guardian","floor":16.0,"turns":11.0},{"damage":4,"enemies":"Shell Parasite","floor":18,"turns":1}],"seed_played":"-2503755291321842355","potions_obtained":[{"floor":1.0,"key":"LiquidBronze"},{"floor":3.0,"key":"construct:ShiftPotion"},{"floor":8.0,"key":"Swift Potion"},{"floor":12.0,"key":"SkillPotion"}],"is_trial":false,"path_per_floor":["M","M","M","M","M","M","R","E","T","E","M","E","$","?","R","B",null,"M"],"character_chosen":"WATCHER","items_purchased":["Bronze Scales"],"campfire_rested":0,"item_purchase_floors":[13],"current_hp_per_floor":[72,71,71,63,57,57,57,51,51,41,41,41,41,59,59,13,72,68,68],"gold":177,"neow_bonus":"RANDOM_COLORLESS","is_daily":false,"chose_seed":false,"campfire_upgraded":2,"win_rate":0.0,"timestamp":1609661890,"path_taken":["M","M","?","M","M","M","R","E","T","E","M","E","$","?","R","BOSS","M"],"items_purchased_type":["Relic"],"build_version":"2020-12-22","purchased_purges":1,"victory":false,"max_hp_per_floor":[72,72,72,72,72,72,72,72,72,72,72,72,72,72,72,72,72,72,72],"card_choices":[{"not_picked":["Finesse","Dramatic Entrance"],"picked":"Impatience","floor":0.0},{"not_picked":["ClearTheMind","JustLucky"],"picked":"EmptyFist","floor":1.0},{"not_picked":["SignatureMove","ClearTheMind"],"picked":"Tantrum","floor":2.0},{"not_picked":["WheelKick","FollowUp"],"picked":"Meditate","floor":3.0},{"not_picked":["DeceiveReality","ForeignInfluence","SandsOfTime"],"picked":"SKIP","floor":4.0},{"not_picked":["FlyingSleeves","ForeignInfluence"],"picked":"BowlingBash","floor":5.0},{"not_picked":["Evaluate","SashWhip","FollowUp"],"picked":"SKIP","floor":6.0},{"not_picked":["PathToVictory","SashWhip","CrushJoints"],"picked":"SKIP","floor":8.0},{"not_picked":["Weave","Perseverance"],"picked":"Consecrate","floor":10.0},{"not_picked":["ReachHeaven","CutThroughFate","Pray"],"picked":"SKIP","floor":11.0},{"not_picked":["Consecrate","JustLucky"],"picked":"ThirdEye","floor":12.0},{"not_picked":["MasterReality","Omniscience"],"picked":"ConjureBlade","floor":16.0}],"player_experience":461915,"relics_obtained":[{"floor":8.0,"key":"Calipers"},{"floor":9.0,"key":"Blue Candle"},{"floor":10.0,"key":"Shovel"},{"floor":12.0,"key":"GoldenEye"}],"event_choices":[{"damage_healed":18.0,"max_hp_gain":0.0,"max_hp_loss":0.0,"gold_gain":0.0,"event_name":"Mushrooms","player_choice":"Healed and dodged fight","floor":14.0,"gold_loss":0.0,"damage_taken":0.0,"cards_obtained":["Parasite"]}],"is_beta":false,"boss_relics":[{"not_picked":["Snecko Eye","Runic Pyramid"],"picked":"Philosopher\u0027s Stone"}],"items_purged_floors":[13],"is_endless":false,"potions_floor_spawned":[1,3,8,12],"killed_by":"Shell Parasite","ascension_level":0}}