{"host":"7c402rm0fqc13zvz","time":1609692325,"event":{"mods":["BaseMod","Hermit","Minty Spire (QoL Compilation)","StSLib","[功能]功能增强和修复MOD"],"gold_per_floor":[109,109,121,48,63,393,327,358,358,370,370,342,342,355,355,602,102,120,40,40,40,60,60,88,88,88,33,33,43,12,12,12,273,273,288,288,283,294,304,304,304,339,339,245,279,209,209,220,220,220],"floor_reached":51,"playtime":1848,"items_purged":["hermit:Defend_Hermit","hermit:Defend_Hermit+1","hermit:Snapshot+1","Writhe","hermit:Feint"],"score":1023,"play_id":"5bdeeed0-6523-4b01-b692-8022e7ce424e","local_time":"20210104004525","is_ascension_mode":true,"campfire_choices":[{"data":"hermit:Maintenance","floor":11.0,"key":"SMITH"},{"floor":15.0,"key":"REST"},{"data":"hermit:FullyLoaded","floor":23.0,"key":"SMITH"},{"data":"hermit:BlackWind","floor":25.0,"key":"SMITH"},{"data":"J.A.X.","floor":32.0,"key":"SMITH"},{"data":"1","floor":41.0,"key":"LIFT"},{"data":"hermit:HighCaliber","floor":49.0,"key":"SMITH"}],"circlet_count":0,"master_deck":["hermit:Strike_Hermit+1","hermit:Strike_Hermit+1","hermit:Strike_Hermit+1","hermit:Defend_Hermit+1","hermit:Covet","hermit:HighCaliber+1","hermit:Glare","hermit:FullyLoaded+1","hermit:Maintenance+1","hermit:HighCaliber","hermit:BlackWind+1","J.A.X.+1","hermit:BlackWind+1","hermit:Showdown+1","hermit:HighCaliber+1","hermit:FullyLoaded+1","Dark Shackles","hermit:TakeCover+1"],"relics":["hermit:Momento","Membership Card","Potion Belt","Boot","Old Coin","Strawberry","Bird Faced Urn","Orrery","Juzu Bracelet","Ginger","Ancient Tea Set","Chemical X","Meat on the Bone","Lantern","EctoplasmExtend","Frozen Egg 2","TheAbacus","Bottled Lightning","Shuriken","Nunchaku","Molten Egg 2","hermit:Spyglass","Thread and Needle","Girya","Darkstone Periapt","hermit:BartenderGlass","Bronze Scales","Bottled Flame","Gremlin Horn","HornCleat","Sling","Letter Opener","HandDrill","Question Card","Ornamental Fan"],"acts_visited":["Exordium","TheCity","TheBeyond"],"potions_floor_usage":[50,50,50,50,50,50,50],"damage_taken":[{"damage":4.0,"enemies":"Jaw Worm","floor":1.0,"turns":3.0},{"damage":1.0,"enemies":"Cultist","floor":3.0,"turns":3.0},{"damage":6.0,"enemies":"2 Louse","floor":5.0,"turns":2.0},{"damage":9.0,"enemies":"Gremlin Nob","floor":6.0,"turns":3.0},{"damage":44.0,"enemies":"3 Sentries","floor":8.0,"turns":10.0},{"damage":13.0,"enemies":"2 Fungi Beasts","floor":10.0,"turns":3.0},{"damage":4.0,"enemies":"Lots of Slimes","floor":14.0,"turns":3.0},{"damage":26.0,"enemies":"Slime Boss","floor":16.0,"turns":8.0},{"damage":2.0,"enemies":"Chosen","floor":18.0,"turns":4.0},{"damage":3.0,"enemies":"Shell Parasite","floor":22.0,"turns":3.0},{"damage":10.0,"enemies":"Slavers","floor":24.0,"turns":4.0},{"damage":6.0,"enemies":"3 Cultists","floor":29.0,"turns":5.0},{"damage":30.0,"enemies":"Collector","floor":33.0,"turns":8.0},{"damage":14.0,"enemies":"Orb Walker","floor":35.0,"turns":4.0},{"damage":8.0,"enemies":"3 Shapes","floor":38.0,"turns":2.0},{"damage":19.0,"enemies":"3 Darklings","floor":39.0,"turns":3.0},{"damage":0.0,"enemies":"Giant Head","floor":40.0,"turns":1.0},{"damage":21.0,"enemies":"Nemesis","floor":42.0,"turns":4.0},{"damage":3.0,"enemies":"Giant Head","floor":45.0,"turns":2.0},{"damage":3.0,"enemies":"4 Shapes","floor":48.0,"turns":2.0},{"damage":15,"enemies":"Awakened One","floor":50,"turns":8}],"seed_played":"8049484661456765547","potions_obtained":[{"floor":3.0,"key":"EssenceOfSteel"},{"floor":5.0,"key":"Ancient Potion"},{"floor":5.0,"key":"Dexterity Potion"},{"floor":6.0,"key":"EssenceOfSteel"},{"floor":8.0,"key":"CultistPotion"},{"floor":14.0,"key":"Dexterity Potion"},{"floor":22.0,"key":"Explosive Potion"},{"floor":24.0,"key":"FearPotion"},{"floor":29.0,"key":"EntropicBrew"},{"floor":35.0,"key":"EntropicBrew"},{"floor":38.0,"key":"PowerPotion"},{"floor":39.0,"key":"Ancient Potion"},{"floor":45.0,"key":"BlessingOfTheForge"}],"is_trial":false,"path_per_floor":["M","?","M","$","M","E","$","E","T","M","R","$","T","M","R","B",null,"M","$","?","?","M","R","E","R","T","$","?","M","$","?","R","B",null,"M","?","$","M","M","E","R","E","T","$","E","$","?","M","R","B",null],"character_chosen":"HERMIT","items_purchased":["Membership Card","Potion Belt","Boot","hermit:Glare","hermit:Feint","Strawberry","Bird Faced Urn","Orrery","Block Potion","Ancient Tea Set","Chemical X","Frozen Egg 2","TheAbacus","Bottled Lightning","Fruit Juice","AttackPotion","hermit:Spyglass","Thread and Needle","Girya","hermit:HighCaliber+1","Gremlin Horn","HornCleat","Sling","Strength Potion","Swift Potion","HandDrill","Question Card","Ornamental Fan","FearPotion"],"campfire_rested":1,"item_purchase_floors":[4,4,4,4,4,7,7,7,7,12,12,19,19,19,19,19,27,27,30,37,44,44,44,44,44,46,46,46,46],"current_hp_per_floor":[71,71,70,70,64,55,62,18,18,5,5,5,5,13,37,23,82,80,85,85,85,82,82,72,72,72,72,72,66,66,49,49,46,92,78,78,78,70,53,53,53,44,44,44,53,53,53,50,50,47],"gold":220,"neow_bonus":"UPGRADE_CARD","is_daily":false,"chose_seed":false,"campfire_upgraded":5,"win_rate":0.0,"timestamp":1609692325,"path_taken":["M","?","?","$","M","E","$","E","T","M","R","?","?","M","R","BOSS","M","$","?","?","M","R","E","R","T","$","?","M","$","?","R","BOSS","M","?","$","M","M","E","R","E","T","$","E","$","?","M","R","BOSS"],"items_purchased_type":["Relic","Relic","Relic","Card","Card","Relic","Relic","Relic","Potion","Relic","Relic","Relic","Relic","Relic","Potion","Potion","Relic","Relic","Relic","Card","Relic","Relic","Relic","Potion","Potion","Relic","Relic","Relic","Potion"],"build_version":"2020-12-22","purchased_purges":5,"victory":true,"max_hp_per_floor":[75,75,75,75,75,75,82,82,82,82,82,82,82,82,82,82,82,82,87,87,87,87,87,87,87,87,87,87,87,87,92,92,92,92,92,92,92,92,92,92,92,92,92,92,92,92,92,92,92,92],"card_choices":[{"not_picked":["hermit:Desperado","hermit:Misfire"],"picked":"hermit:HighCaliber","floor":1.0},{"not_picked":["hermit:Headshot","hermit:NoHoldsBarred","hermit:TrackingShot"],"picked":"SKIP","floor":3.0},{"not_picked":["hermit:HoleUp","hermit:Midnight","hermit:Snipe"],"picked":"SKIP","floor":5.0},{"not_picked":["hermit:GhostlyPresence","hermit:TakeCover","hermit:Virtue"],"picked":"SKIP","floor":6.0},{"not_picked":["hermit:LowProfile","hermit:Horror"],"picked":"hermit:FullyLoaded","floor":7.0},{"not_picked":["hermit:FromBeyond","hermit:CursedWeapon"],"picked":"hermit:Maintenance","floor":7.0},{"not_picked":["hermit:Desperado","hermit:Coalescence","hermit:Enervate"],"picked":"SKIP","floor":8.0},{"not_picked":["hermit:Vantage","hermit:Roulette","hermit:LowProfile"],"picked":"SKIP","floor":10.0},{"not_picked":["hermit:TrackingShot","hermit:Ricochet"],"picked":"hermit:HighCaliber","floor":14.0},{"not_picked":["hermit:RoundhouseKick","hermit:OverwhelmingPower"],"picked":"hermit:BlackWind","floor":16.0},{"not_picked":["hermit:EyeOfTheStorm","hermit:Misfire","hermit:Snipe"],"picked":"SKIP","floor":18.0},{"not_picked":["hermit:Feint","hermit:Combo+1","hermit:Spite"],"picked":"SKIP","floor":22.0},{"not_picked":["hermit:PistolWhip","hermit:Cheat+1","hermit:LoneWolf"],"picked":"SKIP","floor":24.0},{"not_picked":["hermit:FlashPowder","hermit:Feint","hermit:Gestalt"],"picked":"SKIP","floor":29.0},{"not_picked":["hermit:Purgatory+1","hermit:Reprieve"],"picked":"hermit:BlackWind+1","floor":33.0},{"not_picked":["hermit:Snipe","hermit:Feint+1"],"picked":"hermit:Showdown+1","floor":35.0},{"not_picked":["hermit:BodyArmor+1","hermit:Gestalt+1","hermit:Feint"],"picked":"SKIP","floor":38.0},{"not_picked":["hermit:LowProfile+1","hermit:FlashPowder+1","hermit:Roulette+1"],"picked":"SKIP","floor":39.0},{"not_picked":["hermit:LowProfile+1","hermit:FlashPowder+1","hermit:Roulette+1"],"picked":"SKIP","floor":39.0},{"not_picked":["hermit:CalledShot+1","hermit:Desperado+1","hermit:Roughhouse+1"],"picked":"SKIP","floor":42.0},{"not_picked":["hermit:Enervate+1","hermit:HoleUp"],"picked":"hermit:FullyLoaded+1","floor":45.0},{"not_picked":["Impatience","Panacea","Panache+1"],"picked":"Dark Shackles","floor":47.0},{"not_picked":["hermit:TakeAim+1","hermit:Determination+1","hermit:ShadowCloak+1"],"picked":"hermit:TakeCover+1","floor":48.0}],"player_experience":12104,"relics_obtained":[{"floor":6.0,"key":"Old Coin"},{"floor":8.0,"key":"Juzu Bracelet"},{"floor":9.0,"key":"Ginger"},{"floor":13.0,"key":"Meat on the Bone"},{"floor":16.0,"key":"Lantern"},{"floor":24.0,"key":"Nunchaku"},{"floor":26.0,"key":"Molten Egg 2"},{"floor":33.0,"key":"Darkstone Periapt"},{"floor":42.0,"key":"Bronze Scales"},{"floor":43.0,"key":"Bottled Flame"},{"floor":45.0,"key":"Letter Opener"}],"event_choices":[{"cards_removed":["hermit:Defend_Hermit"],"damage_healed":0.0,"max_hp_gain":0.0,"max_hp_loss":0.0,"gold_gain":0.0,"event_name":"Purifier","player_choice":"Purged","floor":2.0,"gold_loss":0.0,"damage_taken":0.0},{"damage_healed":0.0,"max_hp_gain":0.0,"max_hp_loss":0.0,"gold_gain":0.0,"event_name":"The Mausoleum","player_choice":"Opened","floor":20.0,"gold_loss":0.0,"damage_taken":0.0,"relics_obtained":["Shuriken"],"cards_obtained":["Writhe"]},{"damage_healed":0.0,"max_hp_gain":0.0,"max_hp_loss":0.0,"gold_gain":0.0,"event_name":"Back to Basics","player_choice":"Simplicity","floor":21.0,"gold_loss":0.0,"damage_taken":0.0,"cards_upgraded":["hermit:Strike_Hermit","hermit:Strike_Hermit","hermit:Strike_Hermit","hermit:Strike_Hermit","hermit:Defend_Hermit","hermit:Defend_Hermit"]},{"damage_healed":0.0,"max_hp_gain":0.0,"max_hp_loss":0.0,"gold_gain":0.0,"event_name":"Drug Dealer","player_choice":"Obtain J.A.X.","floor":28.0,"gold_loss":0.0,"damage_taken":0.0,"cards_obtained":["J.A.X."]},{"damage_healed":0.0,"max_hp_gain":5.0,"max_hp_loss":0.0,"gold_gain":0.0,"event_name":"Forgotten Altar","player_choice":"Shed Blood","floor":31.0,"gold_loss":0.0,"damage_taken":22.0},{"cards_removed":["hermit:Strike_Hermit"],"damage_healed":0.0,"max_hp_gain":0.0,"max_hp_loss":0.0,"gold_gain":0.0,"event_name":"Falling","player_choice":"Removed Attack","floor":36.0,"gold_loss":0.0,"damage_taken":0.0},{"damage_healed":0.0,"max_hp_gain":0.0,"max_hp_loss":0.0,"gold_gain":0.0,"event_name":"SensoryStone","player_choice":"Memory 1","floor":47.0,"gold_loss":0.0,"damage_taken":0.0}],"is_beta":false,"boss_relics":[{"not_picked":["Sozu","Philosopher\u0027s Stone"],"picked":"EctoplasmExtend"},{"not_picked":["SlaversCollar","Velvet Choker"],"picked":"hermit:BartenderGlass"}],"items_purged_floors":[4,44,44,44,44],"is_endless":false,"potions_floor_spawned":[3,5,5,6,8,14,22,24,29,35,38,39,40,45,48],"ascension_level":3}}