{"host":"df48i9djcn92c5sx","time":1609688928,"event":{"mods":["BaseMod","Downfall","Marisa£®ÏF”Í°°ƒß¿Ì…≥£©","Minty Spire (QoL Compilation)","READ ME - Guardian Mod","READ ME - Snecko Mod","Reimu£®≤©¿ˆ¡È√Œ£©","Remilia£®¿Ÿ√◊¿Ú—«£©","Replay The Spire","Shop Mod","StSLib","The Jungle","The Servant 0.9.4"],"gold_per_floor":[99,112,262,278,278,295,295,311,311,66,66,66,66,99,117,117,117],"floor_reached":16,"playtime":442,"items_purged":["Slimebound:Icky"],"score":130,"play_id":"0396d75e-1c2a-4cf2-9d73-820e85d770a2","local_time":"20210103234848","is_ascension_mode":true,"campfire_choices":[{"data":"KidneyShot","floor":1.0,"key":"SMITH"},{"data":"Snipe","floor":9.0,"key":"SMITH"},{"data":"MurderousAura","floor":12.0,"key":"SMITH"}],"circlet_count":0,"master_deck":["Strike_S","Strike_S","Strike_S","Defend_S","Defend_S","Defend_S","Defend_S","KidneyShot+1","Exchange","Orbit+1","Snipe+1","Sabotage","MurderousAura+1","FanOfKnives","Barrier"],"relics":["Uniform","Toy Ornithopter","Chemical X","Gambling Chip"],"acts_visited":[],"potions_floor_usage":[15],"damage_taken":[{"damage":4.0,"enemies":"Jaw Worm","floor":2.0,"turns":3.0},{"damage":0.0,"enemies":"Small Slimes","floor":4.0,"turns":2.0},{"damage":1.0,"enemies":"Cultist","floor":6.0,"turns":3.0},{"damage":11.0,"enemies":"Exordium Wildlife","floor":8.0,"turns":4.0},{"damage":0.0,"enemies":"downfall:FleeingMerchant","floor":10.0,"turns":4.0},{"damage":20.0,"enemies":"3 Sentries","floor":14.0,"turns":3.0},{"damage":0,"enemies":"3 Louse","floor":15,"turns":1},{"damage":55,"enemies":"downfall:Silent","floor":16,"turns":9}],"seed_played":"-8497795425079571419","potions_obtained":[{"floor":4.0,"key":"SpeedPotion"},{"floor":6.0,"key":"Strength Potion"},{"floor":8.0,"key":"GrandPatriotsElixir:ReiMu"}],"is_trial":false,"path_per_floor":["R","M","?","M","?","M","T","M","R","$","?","R","?","E","M","B"],"character_chosen":"THE_SERVANT","items_purchased":["Chemical X"],"campfire_rested":0,"item_purchase_floors":[10],"current_hp_per_floor":[59,55,55,55,55,54,54,48,48,48,48,48,65,45,50,0,0],"gold":117,"neow_bonus":"RANDOM_COMMON_RELIC","is_daily":false,"chose_seed":false,"campfire_upgraded":3,"win_rate":0.0,"timestamp":1609688928,"path_taken":["R","M","?","M","?","?","T","M","R","$","?","R","?","E","M","BOSS"],"items_purchased_type":["Relic"],"build_version":"2020-12-22","purchased_purges":1,"victory":false,"max_hp_per_floor":[65,65,65,65,65,65,65,65,65,65,65,65,65,65,65,65,65],"card_choices":[{"not_picked":["TimeWarp","ShatteredReality"],"picked":"Orbit","floor":2.0},{"not_picked":["Unruled","TimeTheft","Manipulate"],"picked":"SKIP","floor":4.0},{"not_picked":["Spin","StarChef"],"picked":"Snipe","floor":6.0},{"not_picked":["MoonPhase","ShatteredReality","DoubleEdge"],"picked":"SKIP","floor":8.0},{"not_picked":["ReturningBlade","DancingSilver"],"picked":"Sabotage","floor":10.0},{"not_picked":["Potential","DoubleEdge"],"picked":"FanOfKnives","floor":14.0},{"not_picked":["DancingSilver","RealityMarble"],"picked":"Barrier","floor":15}],"player_experience":1397184,"relics_obtained":[{"floor":14.0,"key":"Gambling Chip"}],"event_choices":[{"damage_healed":0.0,"max_hp_gain":0.0,"max_hp_loss":0.0,"gold_gain":0.0,"event_name":"Accursed Blacksmith","player_choice":"Forge","floor":5.0,"gold_loss":0.0,"damage_taken":0.0,"cards_upgraded":["Orbit"]},{"damage_healed":0.0,"max_hp_gain":0.0,"max_hp_loss":0.0,"gold_gain":0.0,"cards_transformed":["Strike_S"],"event_name":"Living Wall","player_choice":"Change","floor":11.0,"gold_loss":0.0,"damage_taken":0.0,"cards_obtained":["MurderousAura"]},{"damage_healed":21.0,"max_hp_gain":0.0,"max_hp_loss":0.0,"gold_gain":0.0,"event_name":"Big Fish","player_choice":"Banana","floor":13.0,"gold_loss":0.0,"damage_taken":0.0}],"is_beta":false,"boss_relics":[],"items_purged_floors":[10],"is_endless":false,"potions_floor_spawned":[4,6,8],"killed_by":"downfall:Silent","ascension_level":6}}