{"host":"im7pl8kx8yzeczcw","time":1609678026,"event":{"mods":["AchievementEnabler","Arknights The Spire","BaseMod","BetterRewards","HololiveMod","Minty Spire (QoL Compilation)","StSLib","SuperFastMode","The Fake Hero"],"gold_per_floor":[519,97,97,109,121,156,156,172,172,172,192,92,267,278,278,383,383,383],"floor_reached":17,"playtime":756,"items_purged":["luka_mod:Surrender","luka_mod:Edging"],"score":207,"play_id":"17929bb4-4699-4664-af64-146fda27771f","local_time":"20210103214706","is_ascension_mode":false,"campfire_choices":[{"data":"luka_mod:Salt","floor":7,"key":"SMITH"},{"data":"luka_mod:Undine","floor":10,"key":"SMITH"},{"data":"luka_mod:NeverSurrender","floor":15,"key":"SMITH"}],"circlet_count":0,"master_deck":["luka_mod:StrikeLukaOne","luka_mod:StrikeLukaTwo","luka_mod:StrikeLukaThree","luka_mod:StrikeLukaFour","luka_mod:StrikeLukaFive","luka_mod:StrikeLukaSix","luka_mod:Salt+1","luka_mod:Guard","luka_mod:Wait","luka_mod:FlailWildly","luka_mod:Meditation+1","luka_mod:ThunderThrust","luka_mod:CriticalHit","luka_mod:Undine+1","luka_mod:GuardTraining","luka_mod:NotVerySharp","luka_mod:StrikeLuka","luka_mod:NotVerySharp","luka_mod:NeverSurrender+1","luka_mod:Sylph","luka_mod:GuardTraining","luka_mod:Ilias","luka_mod:GuardedStrike","luka_mod:Sensitive","Doubt","luka_mod:AlicesFist"],"relics":["luka_mod:KeepsakeRing","Orrery","Hololive_LightStick","Shuriken","SlaversCollar"],"acts_visited":["Exordium","TheCity"],"potions_floor_usage":[],"damage_taken":[{"damage":4,"enemies":"Cultist","floor":1,"turns":3},{"damage":12,"enemies":"2 Louse","floor":4,"turns":3},{"damage":16,"enemies":"Jaw Worm","floor":5,"turns":4},{"damage":6,"enemies":"Lagavulin","floor":6,"turns":5},{"damage":0,"enemies":"2 Fungi Beasts","floor":8,"turns":3},{"damage":0,"enemies":"Large Slime","floor":11,"turns":2},{"damage":2,"enemies":"Looter","floor":14,"turns":2},{"damage":0,"enemies":"Hexaghost","floor":16,"turns":4}],"seed_played":"-8440242689517139165","potions_obtained":[{"floor":6,"key":"Regen Potion"},{"floor":8,"key":"Block Potion"},{"floor":11,"key":"Strength Potion"}],"is_trial":false,"path_per_floor":["M","$","?","M","M","E","R","M","T","R","M","$","?","M","R","B",null],"character_chosen":"LUKA_CLASS","items_purchased":["Orrery","luka_mod:NotVerySharp","luka_mod:NeverSurrender","luka_mod:Sylph"],"campfire_rested":0,"item_purchase_floors":[2,2,2,2],"current_hp_per_floor":[40,40,40,28,34,28,28,28,28,28,28,28,28,26,26,44,44,44],"gold":383,"neow_bonus":"TEN_PERCENT_HP_BONUS","is_daily":false,"chose_seed":false,"campfire_upgraded":3,"win_rate":0.0,"timestamp":1609678026,"path_taken":["M","$","?","M","M","E","R","?","T","R","M","$","?","M","R","BOSS"],"items_purchased_type":["Relic","Card","Card","Card"],"build_version":"2020-12-22","purchased_purges":2,"victory":false,"max_hp_per_floor":[44,44,44,44,44,44,44,44,44,44,44,44,44,44,44,44,44,44],"card_choices":[{"not_picked":["luka_mod:IliasesJudgement","luka_mod:Struggle"],"picked":"luka_mod:ThunderThrust","floor":1},{"not_picked":["luka_mod:FlashKill","luka_mod:ThunderThrust"],"picked":"luka_mod:CriticalHit","floor":2},{"not_picked":["luka_mod:SmallBody","luka_mod:NotVerySharp"],"picked":"luka_mod:Undine","floor":2},{"not_picked":["luka_mod:Request","luka_mod:StressRelief"],"picked":"luka_mod:GuardTraining","floor":2},{"not_picked":["luka_mod:BegIlias","luka_mod:HeavenlyDemonRevival"],"picked":"luka_mod:NotVerySharp","floor":2},{"not_picked":["luka_mod:Undine","luka_mod:TouchFluffyTail"],"picked":"luka_mod:StrikeLuka","floor":2},{"not_picked":["luka_mod:BladeOfStillWater","luka_mod:WaterSlash"],"picked":"luka_mod:GuardTraining","floor":4},{"not_picked":["luka_mod:EarthSlash","luka_mod:Struggle"],"picked":"luka_mod:Ilias","floor":5},{"not_picked":["luka_mod:StrikeLuka","luka_mod:DemonSkullBeheading"],"picked":"luka_mod:GuardedStrike","floor":6},{"not_picked":["luka_mod:VaporizingRebellionSword","luka_mod:BladeOfHowlingWind"],"picked":"luka_mod:Sensitive","floor":8},{"not_picked":["luka_mod:NeverSurrender","luka_mod:WaterSlash","luka_mod:Feel"],"picked":"SKIP","floor":11},{"not_picked":["luka_mod:DemonSkullBeheading","luka_mod:Overexert","luka_mod:Feel"],"picked":"SKIP","floor":14},{"not_picked":["luka_mod:Ilias","luka_mod:SpoilerDance"],"picked":"luka_mod:AlicesFist","floor":16}],"player_experience":39316,"relics_obtained":[{"floor":6,"key":"Hololive_LightStick"},{"floor":9,"key":"Shuriken"}],"event_choices":[{"damage_healed":0,"gold_gain":0,"player_choice":"Forge","damage_taken":0,"max_hp_gain":0,"max_hp_loss":0,"event_name":"Accursed Blacksmith","floor":3,"gold_loss":0,"cards_upgraded":["luka_mod:Meditation"]},{"damage_healed":0,"gold_gain":175,"player_choice":"AGREE","damage_taken":0,"max_hp_gain":0,"max_hp_loss":0,"event_name":"Liars Game","floor":13,"gold_loss":0,"cards_obtained":["Doubt"]}],"is_beta":false,"boss_relics":[{"not_picked":["Tiny House","Cursed Key"],"picked":"SlaversCollar"}],"items_purged_floors":[2,12],"is_endless":false,"potions_floor_spawned":[6,8,11,14],"ascension_level":0}}