{"host":"61ejhfsushs0xmcl","time":1609668328,"event":{"mods":["ATMod(°¢èªMod)","Act Like it!","BaseMod","Colored Map","Gold Saver","Minty Spire (QoL Compilation)","MostiFishMod","Pale of the Ancients","Spicy Shops","StSLib","TestMod","Waifu the Spire","[IsaacMod]ÒÔÈö¼âËþ","¡¾ÒÅÎï¿¨ÅÆ¡¿REMEMod","óô»ðÖ¸ÄÏ"],"gold_per_floor":[8872,8882,8882,8897,8917,8945,8945,8505,8532,8532,8559,8559,8559,8579,8579,8653,8653,8663,8663,8663,8663,8683,8717,8024,8034,8034,8034,7534,7553,7581,6946,6316,6388,4988,5008,5008,4551,4551,4064,4089,4089,4127,4198,4258,4285,4318,4337,4347,3577,3595,3601,3601,3601,3518,3552,3567],"floor_reached":57,"playtime":1465,"items_purged":["Defend_P","Defend_P","Swivel","Strike_P","Strike_P","AT_PowerWithin+1","Strike_P","Decay","Eruption","Strike_P","EpicFetus","MasterReality"],"score":2986,"play_id":"0ddaf204-ecba-499c-bc94-b22f5bde6acf","local_time":"20210103180528","is_ascension_mode":true,"campfire_choices":[{"data":"Phantasmal Killer","floor":7.0,"key":"SMITH"},{"data":"AT_PowerWithin","floor":10.0,"key":"SMITH"},{"data":"Tantrum","floor":12.0,"key":"SMITH"},{"data":"TalkToTheHand","floor":15.0,"key":"SMITH"},{"data":"Vault","floor":27.0,"key":"SMITH"},{"floor":41,"key":"RECALL"},{"data":"Fasting2","floor":53,"key":"SMITH"}],"circlet_count":0,"master_deck":["AscendersBane","Vigilance+1","Phantasmal Killer+1","FlurryOfBlows+1","Tantrum+1","Tantrum+1","TalkToTheHand+1","FearNoEvil+1","Vault+1","Fasting2+1","AT_ChampionStep+1","MentalFortress+1","Vault+1","Tantrum+1","REME_FirmDetermination+1","Scrawl+1","InnerPeace+1"],"relics":["PureWater","testmod-TestBox","DaveBox","AT_ATBox","REME_ComplimentaryCards","HushsDoor","testmod-SaigiyounoYou","SentryEyes","GuppysPaw","SynthV:TestCard","Centennial Puzzle","AT_PhaseBoots","HowToJump","Potion Belt","HaiYi:Twilight","HornCleat","Incense Burner","Membership Card","AT_SunfireAegis","Ancient Tea Set","SynthV:C4","TheBible","Medical Kit","Lantern","Habit","AT_DeathDance","AT_RedNoBalance","BionicSphere","Red Mask","Frozen Egg 2","Lee\u0027s Waffle","testmod-OneHitWonder","BlankCard","testmod-RealStoneCalender","Frozen Eye","Thread and Needle","InkBottle","PokeGo","SynthV:MejaisSoulstealer","Damocles","GuppysHead","GuppysTail","StrikeDummy","Meat on the Bone","BookofShadows","PreservedInsect","Orrery","Mummified Hand","Pear","Anchor","REME_ArchaeologicalTools","War Paint","SatanicBible","testmod-Brilliant","MoneyPower","testmod-FatalChain","Molten Egg 2","AT_BellDemon","testmod-HeartOfStrike","Pantograph","Sundial","Gremlin Horn","Ornamental Fan","Sling","SteamSale","TeardropLocket","Damaru","Lizard Tail","Technique","UnicornStump","Whetstone"],"acts_visited":["Exordium","TheCity","TheBeyond","TheEnding"],"potions_floor_usage":[54,56,56,56],"damage_taken":[{"damage":4.0,"enemies":"Jaw Worm","floor":1.0,"turns":3.0},{"damage":2.0,"enemies":"Small Slimes","floor":2.0,"turns":2.0},{"damage":0.0,"enemies":"Cultist","floor":4.0,"turns":2.0},{"damage":0.0,"enemies":"3 Louse","floor":5.0,"turns":1.0},{"damage":0.0,"enemies":"3 Sentries","floor":6.0,"turns":1.0},{"damage":0.0,"enemies":"Lagavulin","floor":11.0,"turns":2.0},{"damage":0.0,"enemies":"Large Slime","floor":14.0,"turns":1.0},{"damage":2.0,"enemies":"The Guardian","floor":16.0,"turns":4.0},{"damage":7.0,"enemies":"Shell Parasite","floor":18.0,"turns":2.0},{"damage":2.0,"enemies":"3 Byrds","floor":22.0,"turns":1.0},{"damage":7.0,"enemies":"Book of Stabbing","floor":23.0,"turns":3.0},{"damage":0.0,"enemies":"Snake Plant","floor":25.0,"turns":2.0},{"damage":6.0,"enemies":"Sentry and Sphere","floor":29.0,"turns":1.0},{"damage":0.0,"enemies":"Masked Bandits","floor":30.0,"turns":2.0},{"damage":3.0,"enemies":"Collector","floor":33.0,"turns":3.0},{"damage":0.0,"enemies":"3 Shapes","floor":35.0,"turns":1.0},{"damage":0,"enemies":"Nemesis","floor":40,"turns":1},{"damage":0,"enemies":"Orb Walker","floor":42,"turns":1},{"damage":0,"enemies":"Reptomancer","floor":44,"turns":2},{"damage":0,"enemies":"Maw","floor":45,"turns":2},{"damage":0,"enemies":"Nemesis","floor":46,"turns":1},{"damage":0,"enemies":"Sphere and 2 Shapes","floor":47,"turns":1},{"damage":0,"enemies":"Writhing Mass","floor":48,"turns":1},{"damage":0,"enemies":"Awakened One","floor":50,"turns":2},{"damage":0,"enemies":"Time Eater","floor":51,"turns":1},{"damage":0,"enemies":"Shield and Spear","floor":55,"turns":1},{"damage":0,"enemies":"Delirium","floor":56,"turns":6}],"seed_played":"-4314115512147421964","potions_obtained":[{"floor":2.0,"key":"Regen Potion"},{"floor":4.0,"key":"Block Potion"},{"floor":16.0,"key":"SkillPotion"},{"floor":18.0,"key":"Weak Potion"},{"floor":25.0,"key":"Fire Potion"},{"floor":33.0,"key":"Ancient Potion"}],"is_trial":false,"path_per_floor":["M","M","?","M","M","E","R","$","T","R","E","R","?","M","R","B",null,"M","?","?","?","M","E","R","M","T","R","$","M","?","$","R","B",null,"M","?","$","?","$","E","R","M","T","E","M","E","M","M","R","B","B",null,"R","$","E","B",null],"character_chosen":"WATCHER","items_purchased":["AT_SpeedBoots","testmod-SpacePotion","TalkToTheHand","Membership Card","AT_SunfireAegis","Ancient Tea Set","SynthV:C4","TheBible","Medical Kit","Lantern","Habit","AT_DeathDance","AT_SilverBalance","BionicSphere","Frozen Egg 2","Lee\u0027s Waffle","testmod-OneHitWonder","BlankCard","testmod-RealStoneCalender","Frozen Eye","Thread and Needle","InkBottle","PokeGo","MentalFortress+1","Damocles","GuppysHead","GuppysTail","Meat on the Bone","BookofShadows","PreservedInsect","Orrery","Mummified Hand","Pear","Sundial","Gremlin Horn","Ornamental Fan","Sling","SteamSale","TeardropLocket","Damaru","Lizard Tail","Fruit Juice","testmod-TimePotion","Technique"],"campfire_rested":0,"item_purchase_floors":[8,8,8,24,24,24,24,24,24,28,28,28,28,28,31,31,31,31,31,32,32,32,32,32,34,34,34,37,37,37,37,39,39,49,49,49,49,54,54,54,54,54,54,54],"current_hp_per_floor":[59,58,58,60,63,68,68,68,68,68,68,68,68,68,68,67,63,61,61,42,42,44,50,50,59,59,59,59,32,34,70,70,38,33,33,33,33,33,43,43,43,43,43,43,43,43,43,43,43,43,43,43,43,48,48,48],"gold":3567,"neow_bonus":"TRANSFORM_CARD","is_daily":false,"chose_seed":false,"campfire_upgraded":6,"win_rate":0.0,"timestamp":1609668328,"path_taken":["M","M","?","M","M","E","R","$","T","R","E","R","?","M","R","BOSS","M","?","?","?","M","E","R","M","T","R","$","?","?","$","R","BOSS","M","?","$","?","$","E","R","M","T","E","?","E","M","M","R","BOSS","BOSS","R","$","E","BOSS"],"items_purchased_type":["Relic","Potion","Card","Relic","Relic","Relic","Relic","Relic","Relic","Relic","Relic","Relic","Relic","Relic","Relic","Relic","Relic","Relic","Relic","Relic","Relic","Relic","Relic","Card","Relic","Relic","Relic","Relic","Relic","Relic","Relic","Relic","Relic","Relic","Relic","Relic","Relic","Relic","Relic","Relic","Relic","Potion","Potion","Relic"],"build_version":"2020-12-22","purchased_purges":12,"victory":true,"max_hp_per_floor":[68,68,68,68,68,68,68,68,68,68,68,68,68,68,68,68,63,63,63,63,63,63,63,63,63,63,63,63,63,63,70,70,70,33,33,33,33,33,43,43,43,43,43,43,43,43,43,43,43,43,43,43,43,48,48,48],"card_choices":[{"not_picked":[],"picked":"EpicFetus","floor":0.0},{"not_picked":["MostiFishMod:OutWit","FollowUp"],"picked":"FlurryOfBlows","floor":1.0},{"not_picked":["REME_Repentance","MostiFishMod:ScryFuture","BowlingBash","EmptyMind"],"picked":"Tantrum","floor":2.0},{"not_picked":["Study","CutThroughFate","Crescendo","FlyingSleeves","Weave"],"picked":"SKIP","floor":4.0},{"not_picked":["PathToVictory","ClearTheMind","FearNoEvil","CutThroughFate"],"picked":"Tantrum","floor":5.0},{"not_picked":["Swivel","Prostrate","BattleHymn","Sanctity"],"picked":"MasterReality","floor":6.0},{"not_picked":["Consecrate","Wireheading","REME_Repentance","ForeignInfluence"],"picked":"Bomb","floor":11.0},{"not_picked":["PathToVictory","EmptyFist","Prostrate","ThirdEye"],"picked":"FearNoEvil","floor":14.0},{"not_picked":["MostiFishMod:Moonprays","AT_IrregularMenstruation","MostiFishMod:CyberBuddha","MostiFishMod:StarOceanP"],"picked":"Vault","floor":16.0},{"not_picked":["ThirdEye","AT_RealFormLess","FollowUp","Prostrate"],"picked":"Fasting2","floor":18.0},{"not_picked":["FlyingSleeves","EmptyBody","Crescendo","Halt","Alpha"],"picked":"SKIP","floor":22.0},{"not_picked":["Conclude","FlurryOfBlows","Vengeance","CrushJoints"],"picked":"AT_ChampionStep+1","floor":23.0},{"not_picked":["EmptyFist","Collect","Crescendo+1","ForeignInfluence","Halt"],"picked":"SKIP","floor":25.0},{"not_picked":["Evaluate+1","Consecrate","WindmillStrike","EmptyFist","Halt"],"picked":"SKIP","floor":29.0},{"not_picked":["Devotion+1","REME_EmptyShield","MostiFishMod:StarOceanP","Brilliance"],"picked":"Vault","floor":33.0},{"not_picked":["FlyingSleeves","EmptyMind","Crescendo","Weave"],"picked":"Tantrum+1","floor":35.0},{"not_picked":["Purity","REME_TheoryOfElimination","testmod-Arrangement","SuicideKing"],"picked":"REME_FirmDetermination+1","floor":36},{"not_picked":["WaveOfTheHand","BowlingBash","EmptyFist","JustLucky"],"picked":"Scrawl","floor":40},{"not_picked":["REME_Repentance","BowlingBash+1","Crescendo","PathToVictory+1","AT_SoftenMuscles"],"picked":"SKIP","floor":42},{"not_picked":["Worship","ClearTheMind","EmptyBody","FlurryOfBlows","Crescendo"],"picked":"SKIP","floor":44},{"not_picked":["Consecrate","CutThroughFate+1","WaveOfTheHand+1","Nirvana+1","Prostrate+1"],"picked":"SKIP","floor":45},{"not_picked":["Meditate+1","ThirdEye+1","Prostrate","Crescendo","WindmillStrike+1"],"picked":"SKIP","floor":46},{"not_picked":["ThirdEye","WreathOfFlame","Protect","Blasphemy","CrushJoints+1"],"picked":"SKIP","floor":47},{"not_picked":["Weave+1","PathToVictory+1","Indignation","CrushJoints+1"],"picked":"InnerPeace+1","floor":48},{"not_picked":["MostiFishMod:StarOceanP","Study+1","Indignation","ThirdEye+1","Pray"],"picked":"SKIP","floor":55}],"player_experience":772881,"relics_obtained":[{"floor":1.0,"key":"SynthV:TestCard"},{"floor":6.0,"key":"Centennial Puzzle"},{"floor":9.0,"key":"HowToJump"},{"floor":11.0,"key":"Potion Belt"},{"floor":21.0,"key":"HornCleat"},{"floor":23.0,"key":"Incense Burner"},{"floor":30.0,"key":"Red Mask"},{"floor":35.0,"key":"StrikeDummy"},{"floor":40,"key":"Anchor"},{"floor":40,"key":"REME_ArchaeologicalTools"},{"floor":42,"key":"War Paint"},{"floor":43,"key":"SatanicBible"},{"floor":44,"key":"testmod-Brilliant"},{"floor":45,"key":"MoneyPower"},{"floor":46,"key":"testmod-FatalChain"},{"floor":46,"key":"Molten Egg 2"},{"floor":47,"key":"AT_BellDemon"},{"floor":48,"key":"testmod-HeartOfStrike"},{"floor":48,"key":"Pantograph"},{"floor":55,"key":"UnicornStump"},{"floor":55,"key":"Whetstone"}],"event_choices":[{"damage_healed":0.0,"max_hp_gain":0.0,"max_hp_loss":0.0,"gold_gain":0.0,"event_name":"Liars Game","player_choice":"Ignored","floor":3.0,"gold_loss":0.0,"damage_taken":0.0},{"cards_removed":["Defend_P"],"damage_healed":0.0,"max_hp_gain":0.0,"max_hp_loss":0.0,"gold_gain":0.0,"event_name":"Back to Basics","player_choice":"Elegance","floor":19.0,"gold_loss":0.0,"damage_taken":0.0},{"damage_healed":0.0,"max_hp_gain":0.0,"max_hp_loss":0.0,"gold_gain":0.0,"event_name":"Knowing Skull","player_choice":"POTION POTION ","floor":20.0,"potions_obtained":["DuplicationPotion","testmod-TimePotion"],"gold_loss":0.0,"damage_taken":19.0,"cards_obtained":[]},{"damage_healed":0.0,"max_hp_gain":0.0,"max_hp_loss":0.0,"gold_gain":0.0,"event_name":"Wheel of Change","player_choice":"Relic","floor":21.0,"gold_loss":0.0,"damage_taken":0.0},{"damage_healed":0.0,"max_hp_gain":0.0,"max_hp_loss":0.0,"gold_gain":0.0,"event_name":"Masked Bandits","player_choice":"Fought Bandits","floor":30.0,"gold_loss":0.0,"damage_taken":0.0},{"damage_healed":0,"gold_gain":0,"player_choice":"Memory 1","damage_taken":0,"max_hp_gain":0,"max_hp_loss":0,"event_name":"SensoryStone","floor":36,"gold_loss":0},{"damage_healed":0,"gold_gain":0,"player_choice":"Cursed","damage_taken":0,"max_hp_gain":0,"max_hp_loss":0,"event_name":"Wheel of Change","floor":38,"gold_loss":0,"cards_obtained":["Decay"]}],"is_beta":false,"boss_relics":[{"not_picked":["RhineFirstAidKit","Velvet Choker"],"picked":"HaiYi:Twilight"},{"not_picked":[]},{"not_picked":["TakeMeEscape","TimeKeys"],"picked":"SynthV:MejaisSoulstealer"},{"not_picked":[]}],"items_purged_floors":[8,17,24,28,32,34,37,39,39,49,49,54],"is_endless":false,"potions_floor_spawned":[2,4,16,18,25,30,33,44,46,47,48],"ascension_level":20}}