{"host":"w3q5ijqu8eoknil3","time":1609633558,"event":{"mods":["AchievementEnabler","BaseMod","Block Reminder","Colored Powertips","Minty Spire (QoL Compilation)","Quick Restart","Relic Stats","ojb\u0027s Better Paths Mod","ojb\u0027s Info Mod","slay the spire mod where everything is the same but ironclad has a cowboy hat"],"gold_per_floor":[115,115,133,133,153,187,187,150,150,161,180,180,200,234,234,234,234],"floor_reached":16,"playtime":629,"items_purged":[],"score":224,"play_id":"71d3406a-e3e4-42a2-8927-dc7841a1484a","local_time":"20210103002558","is_ascension_mode":true,"campfire_choices":[{"data":"Bash","floor":7,"key":"SMITH"},{"floor":15,"key":"REST"}],"circlet_count":0,"master_deck":["AscendersBane","Strike_R","Strike_R","Strike_R","Strike_R","Defend_R","Defend_R","Defend_R","Defend_R","Bash+1","Sword Boomerang","Cleave","True Grit","Double Tap","Intimidate","Iron Wave","Power Through","Clothesline"],"relics":["SlaversCollar","Mummified Hand","Unceasing Top","Pear","Golden Idol","Bag of Marbles"],"acts_visited":["Exordium"],"potions_floor_usage":[6,11,14],"damage_taken":[{"damage":4,"enemies":"Small Slimes","floor":1,"turns":5},{"damage":11,"enemies":"2 Louse","floor":3,"turns":3},{"damage":7,"enemies":"Jaw Worm","floor":5,"turns":3},{"damage":4,"enemies":"Gremlin Nob","floor":6,"turns":3},{"damage":8,"enemies":"3 Louse","floor":10,"turns":2},{"damage":0,"enemies":"Looter","floor":11,"turns":3},{"damage":5,"enemies":"Exordium Wildlife","floor":13,"turns":4},{"damage":23,"enemies":"3 Sentries","floor":14,"turns":11},{"damage":30,"enemies":"Hexaghost","floor":16,"turns":9}],"seed_played":"-5859313331942555297","potions_obtained":[{"floor":5,"key":"BlessingOfTheForge"},{"floor":10,"key":"HeartOfIron"},{"floor":13,"key":"DistilledChaos"}],"is_trial":false,"path_per_floor":["M","?","M","?","M","E","R","?","T","M","M","?","M","E","R","B"],"character_chosen":"IRONCLAD","items_purchased":[],"campfire_rested":1,"item_purchase_floors":[],"current_hp_per_floor":[64,59,48,41,34,30,30,30,40,32,32,32,27,4,27,0,0],"gold":234,"neow_bonus":"BOSS_RELIC","is_daily":false,"chose_seed":false,"campfire_upgraded":1,"win_rate":0.0,"timestamp":1609633558,"path_taken":["M","?","M","?","M","E","R","?","T","M","M","?","M","E","R","BOSS"],"items_purchased_type":[],"build_version":"2020-12-22","purchased_purges":0,"victory":false,"max_hp_per_floor":[75,75,75,75,75,75,75,75,85,85,85,77,77,77,77,77,77],"relic_stats":{"counters":[9,43],"Mummified Hand":[0],"Golden Idol":11,"obtain_stats":[{"SlaversCollar":0,"Pear":9,"Mummified Hand":2,"Golden Idol":12,"Bag of Marbles":14,"Burning Blood":0,"Unceasing Top":6},{"SlaversCollar":0,"Pear":4,"Mummified Hand":1,"Golden Idol":6,"Bag of Marbles":8,"Burning Blood":0,"Unceasing Top":4},{"SlaversCollar":0,"Pear":14,"Mummified Hand":5,"Golden Idol":19,"Bag of Marbles":34,"Burning Blood":0,"Unceasing Top":14}],"Unceasing Top":[4]},"card_choices":[{"not_picked":["Warcry","Flex"],"picked":"Sword Boomerang","floor":1},{"not_picked":["Shrug It Off","Headbutt"],"picked":"Cleave","floor":3},{"not_picked":["Cleave","Clash"],"picked":"True Grit","floor":5},{"not_picked":["Shrug It Off","Iron Wave"],"picked":"Double Tap","floor":6},{"not_picked":["Warcry","Heavy Blade"],"picked":"Intimidate","floor":10},{"not_picked":["Seeing Red","Hemokinesis"],"picked":"Iron Wave","floor":11},{"not_picked":["Headbutt","Sentinel"],"picked":"Power Through","floor":13},{"not_picked":["Searing Blow","Seeing Red"],"picked":"Clothesline","floor":14}],"player_experience":973829,"relics_obtained":[{"floor":6,"key":"Unceasing Top"},{"floor":9,"key":"Pear"},{"floor":14,"key":"Bag of Marbles"}],"event_choices":[{"damage_healed":0,"gold_gain":0,"player_choice":"Success","damage_taken":5,"relics_obtained":["Mummified Hand"],"max_hp_gain":0,"max_hp_loss":0,"event_name":"Scrap Ooze","floor":2,"gold_loss":0},{"cards_removed":["Strike_R"],"damage_healed":0,"gold_gain":0,"player_choice":"Card Removal","damage_taken":7,"max_hp_gain":0,"max_hp_loss":0,"event_name":"Golden Wing","floor":4,"gold_loss":0},{"damage_healed":0,"gold_gain":0,"player_choice":"Left Gold","damage_taken":0,"max_hp_gain":0,"max_hp_loss":0,"event_name":"World of Goop","floor":8,"gold_loss":37},{"damage_healed":0,"gold_gain":0,"player_choice":"Lose Max HP","damage_taken":0,"relics_obtained":["Golden Idol"],"max_hp_gain":0,"max_hp_loss":8,"event_name":"Golden Idol","floor":12,"gold_loss":0}],"is_beta":false,"boss_relics":[],"items_purged_floors":[],"is_endless":false,"potions_floor_spawned":[5,10,13],"killed_by":"Hexaghost","ascension_level":20}}