{"host":"s9dep4x43c14s74h","time":1609714011,"event":{"mods":["BaseMod","Downfall","Gremlin Mod","Hermit","HololiveMod","Jorbs\u0027s Wanderer Trilogy","Lobotomy","Marisa????????","Minty Spire (QoL Compilation)","Replay The Spire","StSLib","The Animator","The Bug Knight","The Construct","The Cursed","The Necromancer","The Runesmith","The Servant 0.9.4"],"gold_per_floor":[99,117,134,153,166,193,217,217,242,261,294,309,309,344,356,356,356,356],"floor_reached":16,"playtime":1268,"items_purged":[],"score":154,"play_id":"87a59787-8f1d-425c-a4a7-1b607b9aa4d5","local_time":"20210104014651","is_ascension_mode":true,"campfire_choices":[{"floor":1,"key":"DIG"},{"data":"Slimebound:Split","floor":8,"key":"SMITH"},{"data":"Slimebound:RainOfGoop","floor":13,"key":"SMITH"}],"circlet_count":0,"master_deck":["Slimebound:Strike_Slimebound","Slimebound:Strike_Slimebound","Slimebound:Strike_Slimebound","Slimebound:Tackle","Slimebound:Defend_Slimebound","Slimebound:Defend_Slimebound","Slimebound:Defend_Slimebound","Slimebound:Defend_Slimebound","Slimebound:Split+1","Slimebound:CorrosiveSpit","Slimebound:SplitAcid","Slimebound:FinishingTackle","Slimebound:RollThrough+1","Slimebound:SplitMire","Slimebound:SlimeBarrage+1","Slimebound:RainOfGoop+1","Slimebound:SlimeSpikes","Slimebound:FinishingTackle","Slimebound:ViciousTackle","Slimebound:RallyTheTroops","Slimebound:RollThrough"],"relics":["Slimebound:AbsorbEndCombat","Runesmith:AutoHammer","Ancient Tea Set","Whetstone","ReplayTheSpireMod:Shallot","ReplayFunnel","Bottled Lightning"],"acts_visited":["Exordium"],"potions_floor_usage":[6,6,6],"damage_taken":[{"damage":10,"enemies":"Cultist","floor":2,"turns":4},{"damage":11,"enemies":"Small Slimes","floor":3,"turns":2},{"damage":22,"enemies":"Jaw Worm","floor":4,"turns":4},{"damage":34,"enemies":"Blue Slaver","floor":5,"turns":3},{"damage":30,"enemies":"3 Sentries","floor":6,"turns":6},{"damage":32,"enemies":"Gremlin Nob","floor":9,"turns":3},{"damage":4,"enemies":"Lots of Slimes","floor":10,"turns":2},{"damage":36,"enemies":"3 Sentries","floor":11,"turns":5},{"damage":14,"enemies":"Exordium Wildlife","floor":12,"turns":3},{"damage":30,"enemies":"Lagavulin","floor":14,"turns":4},{"damage":32,"enemies":"Exordium Thugs","floor":15,"turns":3},{"damage":35,"enemies":"downfall:Ironclad","floor":16,"turns":5}],"seed_played":"8595623700301117727","potions_obtained":[{"floor":3,"key":"LifebloodPotion"},{"floor":4,"key":"Slimebound:SlimyTonguePotion"},{"floor":5,"key":"Reflective Coating"},{"floor":11,"key":"Elixir"}],"is_trial":false,"path_per_floor":["R","M","M","M","M","E","T","R","E","M","E","M","R","E","M","B"],"character_chosen":"SLIMEBOUND","items_purchased":[],"campfire_rested":0,"item_purchase_floors":[],"current_hp_per_floor":[66,66,66,59,41,45,45,45,41,41,37,47,47,45,25,10,10,10],"gold":356,"neow_bonus":"TEN_PERCENT_HP_BONUS","is_daily":false,"chose_seed":false,"campfire_upgraded":2,"win_rate":0.0,"timestamp":1609714011,"path_taken":["R","M","?","M","?","E","T","R","E","M","E","M","R","E","M","BOSS"],"items_purchased_type":[],"build_version":"2020-12-22","purchased_purges":0,"victory":false,"max_hp_per_floor":[66,66,66,66,66,66,66,66,66,66,66,66,66,66,66,66,66,66],"card_choices":[{"not_picked":["Slimebound:PressTheAttack","Slimebound:ViciousTackle"],"picked":"Slimebound:SplitAcid","floor":2},{"not_picked":["Slimebound:LeechEnergy","Slimebound:PressTheAttack"],"picked":"Slimebound:FinishingTackle","floor":3},{"not_picked":["Slimebound:RallyTheTroops","Slimebound:GrowthPunch"],"picked":"Slimebound:RollThrough","floor":4},{"not_picked":["Slimebound:Recollect","Slimebound:ViciousTackle"],"picked":"Slimebound:SplitMire","floor":5},{"not_picked":["Slimebound:ComboTackle","Slimebound:WasteNot"],"picked":"Slimebound:SlimeBarrage","floor":6},{"not_picked":["Slimebound:BestDefense","Slimebound:ItLooksTasty"],"picked":"Slimebound:RainOfGoop","floor":9},{"not_picked":["Slimebound:Chomp","Slimebound:ComboTackle"],"picked":"Slimebound:SlimeSpikes","floor":10},{"not_picked":["Slimebound:SplitMire","Slimebound:SlimeSpikes"],"picked":"Slimebound:FinishingTackle","floor":11},{"not_picked":["Slimebound:FirmFortitude","Slimebound:SplitAcid"],"picked":"Slimebound:ViciousTackle","floor":12},{"not_picked":["Slimebound:TongueLash","Slimebound:SplitAcid"],"picked":"Slimebound:RallyTheTroops","floor":14},{"not_picked":["Slimebound:Schlurp","Slimebound:Repurpose"],"picked":"Slimebound:RollThrough","floor":15}],"player_experience":794076,"relics_obtained":[{"floor":1,"key":"Runesmith:AutoHammer"},{"floor":6,"key":"Ancient Tea Set"},{"floor":7,"key":"Whetstone"},{"floor":9,"key":"ReplayTheSpireMod:Shallot"},{"floor":11,"key":"ReplayFunnel"},{"floor":14,"key":"Bottled Lightning"}],"event_choices":[],"is_beta":false,"boss_relics":[],"items_purged_floors":[],"is_endless":false,"potions_floor_spawned":[3,4,5,9,11],"killed_by":"downfall:Ironclad","ascension_level":3}}