{"host":"qheym18ww6mhskxf","time":1609705204,"event":{"mods":["BaseMod","CapriCore","Friendly Minions","GungeonMod","KOR Keyword Fix","Minty Spire (QoL Compilation)","Quick Restart","RRrroohrrRGHHhhh!!","Rare Cards Sparkle","Shop Mod","Spicy Shops","StSLib","Username Fix"],"gold_per_floor":[113,132,207,221,221,221,221,231,231,231,231,19,19,32,32,129,129,142,122,122,133,149,149,149,149,149,181,233,265,265,276,276,276,276],"floor_reached":33,"playtime":1005,"items_purged":["Bash","Strike_R","Strike_R","Defend_R","Strike_R","Strike_R","Strike_R","Decay"],"score":541,"play_id":"422e7eb8-5a05-492d-909c-f9bc0ec98f19","local_time":"20210104052004","daily_mods":["Time Dilation","Flight","DeadlyEvents","Elite Swarm"],"is_ascension_mode":true,"campfire_choices":[{"data":"Anger","floor":6.0,"key":"SMITH"},{"data":"Cleave","floor":7.0,"key":"SMITH"},{"data":"Headbutt","floor":10.0,"key":"SMITH"},{"data":"Shrug It Off","floor":11.0,"key":"SMITH"},{"data":"Trip","floor":13.0,"key":"SMITH"},{"data":"Metallicize","floor":15.0,"key":"SMITH"},{"data":"Defend_R","floor":23.0,"key":"SMITH"},{"data":"Defend_R","floor":24.0,"key":"SMITH"},{"data":"Defend_R","floor":25.0,"key":"SMITH"},{"floor":32.0,"key":"REST"}],"circlet_count":0,"master_deck":["Defend_R+1","Defend_R+1","Defend_R+1","Shrug It Off+1","Anger+1","Cleave+1","Headbutt+1","Trip+1","Twin Strike","Metallicize+1","Double Tap","Shrug It Off+1"],"relics":["Burning Blood","Shovel","OrangePellets","Runic Pyramid","MerchantsRug","Self Forming Clay","Bottled Lightning","DemoMod:GlassGuonStoneRelic"],"acts_visited":["Exordium","TheCity"],"potions_floor_usage":[],"damage_taken":[{"damage":3.0,"enemies":"2 Louse","floor":1.0,"turns":4.0},{"damage":10.0,"enemies":"Cultist","floor":2.0,"turns":4.0},{"damage":6.0,"enemies":"Jaw Worm","floor":4.0,"turns":3.0},{"damage":5.0,"enemies":"Exordium Wildlife","floor":8.0,"turns":4.0},{"damage":1.0,"enemies":"Large Slime","floor":14.0,"turns":3.0},{"damage":18.0,"enemies":"The Guardian","floor":16.0,"turns":7.0},{"damage":6.0,"enemies":"Shell Parasite","floor":18.0,"turns":3.0},{"damage":12.0,"enemies":"2 Thieves","floor":21.0,"turns":3.0},{"damage":0.0,"enemies":"3 Cultists","floor":22.0,"turns":3.0},{"damage":32.0,"enemies":"Slavers","floor":27.0,"turns":4.0},{"damage":14.0,"enemies":"Book of Stabbing","floor":29.0,"turns":4.0},{"damage":20.0,"enemies":"Snake Plant","floor":31.0,"turns":3.0},{"damage":0,"enemies":"Collector","floor":33,"turns":1}],"seed_played":"7920724931890982999","potions_obtained":[{"floor":14.0,"key":"SpeedPotion"},{"floor":18.0,"key":"LiquidMemories"},{"floor":19.0,"key":"BloodPotion"},{"floor":22.0,"key":"PowerPotion"},{"floor":27.0,"key":"Weak Potion"}],"is_trial":true,"path_per_floor":["M","M","?","M","?","R","R","M","T","R","R","$","R","M","R","B",null,"M","?","$","M","M","R","R","R","T","E","$","E","T","M","R","B"],"character_chosen":"IRONCLAD","items_purchased":["Trip","Twin Strike","OrangePellets","MerchantsRug"],"campfire_rested":1,"item_purchase_floors":[12,12,12,28],"current_hp_per_floor":[75,71,63,63,63,63,63,64,64,64,64,64,64,69,69,57,74,74,74,74,68,74,74,74,74,74,48,48,40,40,26,50,50,50],"gold":276,"neow_bonus":"","is_daily":false,"chose_seed":false,"campfire_upgraded":9,"win_rate":0.0,"timestamp":1609705204,"path_taken":["M","M","?","?","?","R","R","M","T","R","R","$","R","?","R","BOSS","M","?","$","?","?","R","R","R","T","E","$","?","?","?","R","BOSS"],"items_purchased_type":["Card","Card","Relic","Relic"],"build_version":"2020-12-22","purchased_purges":8,"victory":false,"max_hp_per_floor":[80,80,80,80,80,80,80,80,80,80,80,80,80,80,80,80,80,80,80,80,80,80,80,80,80,80,80,80,80,80,80,80,80,80],"card_choices":[{"not_picked":["Twin Strike","Clothesline"],"picked":"Shrug It Off","floor":1.0},{"not_picked":["Havoc","Entrench"],"picked":"Anger","floor":2.0},{"not_picked":["Seeing Red","Pommel Strike"],"picked":"Cleave","floor":4.0},{"not_picked":["Juggernaut","Power Through"],"picked":"Headbutt","floor":8.0},{"not_picked":["Thunderclap","Iron Wave"],"picked":"Metallicize","floor":14.0},{"not_picked":["Thunderclap","Clothesline","Sever Soul"],"picked":"SKIP","floor":18.0},{"not_picked":["Anger","Iron Wave","Burning Pact"],"picked":"SKIP","floor":21.0},{"not_picked":["Blood for Blood","Clash","Iron Wave"],"picked":"SKIP","floor":22.0},{"not_picked":["Demon Form","Brutality"],"picked":"Double Tap","floor":27.0},{"not_picked":["Reaper","Brutality","Double Tap"],"picked":"SKIP","floor":29.0},{"not_picked":["DemoMod:BlackBlade+1","Iron Wave+1"],"picked":"Shrug It Off+1","floor":31.0}],"player_experience":414999,"relics_obtained":[{"floor":9.0,"key":"Shovel"},{"floor":26.0,"key":"Pocketwatch"},{"floor":27.0,"key":"DemoMod:BigBoy"},{"floor":29.0,"key":"Self Forming Clay"},{"floor":30.0,"key":"Bottled Lightning"}],"event_choices":[{"damage_healed":0.0,"max_hp_gain":0.0,"max_hp_loss":0.0,"gold_gain":75.0,"event_name":"FaceTrader","player_choice":"Touch","floor":3.0,"gold_loss":0.0,"damage_taken":8.0},{"damage_healed":0.0,"max_hp_gain":0.0,"max_hp_loss":0.0,"gold_gain":0.0,"event_name":"The Woman in Blue","player_choice":"Bought 1 Potion","floor":19.0,"gold_loss":0.0,"damage_taken":0.0}],"is_beta":false,"boss_relics":[{"not_picked":["Pandora\u0027s Box","Coffee Dripper"],"picked":"Runic Pyramid"}],"items_purged_floors":[12,12,12,12,12,12,12,12],"is_endless":true,"potions_floor_spawned":[14,18,22,27],"killed_by":"Collector","ascension_level":9}}