{"host":"yvb207ks1sg3cxef","time":1609666392,"event":{"mods":["2.2 Compatiblity","BaseMod","Bestiary","Colored Powertips","Minty Spire (QoL Compilation)","Permanent Neow","Quick Restart","Relic Stats","StSLib"],"gold_per_floor":[111,111,111,130,5,5,5],"floor_reached":6,"playtime":161,"items_purged":["Decay"],"score":68,"play_id":"3665ecbd-6da5-4c8a-a9be-33909331bb86","local_time":"20210103150312","is_ascension_mode":true,"campfire_choices":[],"circlet_count":0,"master_deck":["AscendersBane","Strike_G","Strike_G+1","Strike_G","Strike_G","Strike_G","Defend_G","Defend_G","Defend_G","Defend_G+1","Defend_G","Survivor","Neutralize","Poisoned Stab","Caltrops","Deadly Poison"],"relics":["Runic Dome"],"acts_visited":["Exordium"],"potions_floor_usage":[],"damage_taken":[{"damage":6.0,"enemies":"Small Slimes","floor":1.0,"turns":5.0},{"damage":0.0,"enemies":"2 Louse","floor":4.0,"turns":3.0},{"damage":34,"enemies":"Lagavulin","floor":6,"turns":6}],"seed_played":"1013361782193415047","potions_obtained":[],"is_trial":false,"path_per_floor":["M","?","?","M","$","E"],"character_chosen":"THE_SILENT","items_purchased":["Deadly Poison"],"campfire_rested":0,"item_purchase_floors":[5],"current_hp_per_floor":[53,33,33,33,33,0,0],"gold":5,"neow_bonus":"BOSS_RELIC","is_daily":false,"chose_seed":false,"campfire_upgraded":0,"win_rate":0.0,"timestamp":1609666392,"path_taken":["M","?","?","M","$","E"],"items_purchased_type":["Card"],"build_version":"2020-12-22","purchased_purges":1,"victory":false,"max_hp_per_floor":[66,66,66,66,66,66,66],"relic_stats":{"counters":[3,14],"obtain_stats":[{"Runic Dome":0,"Ring of the Snake":0},{"Runic Dome":0,"Ring of the Snake":0},{"Runic Dome":0,"Ring of the Snake":0}]},"card_choices":[{"not_picked":["Dagger Spray","Underhanded Strike"],"picked":"Poisoned Stab","floor":1.0},{"not_picked":["Deflect","Sucker Punch"],"picked":"Caltrops","floor":4.0}],"player_experience":290233,"relics_obtained":[],"event_choices":[{"damage_healed":0.0,"max_hp_gain":0.0,"max_hp_loss":0.0,"gold_gain":0.0,"event_name":"Shining Light","player_choice":"Entered Light","floor":2.0,"gold_loss":0.0,"damage_taken":20.0,"cards_upgraded":["Defend_G","Strike_G"]},{"damage_healed":0.0,"max_hp_gain":0.0,"max_hp_loss":0.0,"gold_gain":0.0,"event_name":"Wheel of Change","player_choice":"Cursed","floor":3.0,"gold_loss":0.0,"damage_taken":0.0,"cards_obtained":["Decay"]}],"is_beta":false,"boss_relics":[],"items_purged_floors":[5],"is_endless":false,"potions_floor_spawned":[],"killed_by":"Lagavulin","ascension_level":20}}