{"host":"i0avyit1s6jb1siw","time":1609640533,"event":{"mods":["BaseMod","DeckTracker","Dota2Spire","Highlight Path","Minty Spire (QoL Compilation)","Quick Restart","StSLib","SuperFastMode"],"gold_per_floor":[177,177,187,233,251,251,293,353,353,353,385,425,425,43,43,152,152,162,203,44,44,44],"floor_reached":21,"playtime":497,"items_purged":["Strike_R"],"score":382,"play_id":"68100e1c-ba37-4d3e-be32-a7947a50f672","local_time":"20210103032213","is_ascension_mode":true,"campfire_choices":[{"data":"Bash","floor":6.0,"key":"SMITH"},{"floor":10.0,"key":"REST"},{"data":"Inflame","floor":13,"key":"SMITH"},{"data":"True Grit","floor":15,"key":"SMITH"}],"circlet_count":0,"master_deck":["AscendersBane","Strike_R","Strike_R","Strike_R","Strike_R","Defend_R","Defend_R","Defend_R","Defend_R","Bash+1","Perfected Strike","Wild Strike","Intimidate","Inflame+1","Corruption","Sword Boomerang","True Grit+1","Barricade","Armaments+1","Entrench","Flame Barrier"],"relics":["Burning Blood","Dota2Spire:HandOfMidas","Dota2Spire:Desolator","Du-Vu Doll","Eternal Feather","Dota2Spire:AssaultCuirass","Dota2Spire:RefresherOrb"],"acts_visited":["Exordium","TheCity"],"potions_floor_usage":[16],"damage_taken":[{"damage":0.0,"enemies":"2 Louse","floor":1.0,"turns":7.0},{"damage":0.0,"enemies":"Cultist","floor":3.0,"turns":2.0},{"damage":23.0,"enemies":"Small Slimes","floor":4.0,"turns":4.0},{"damage":13.0,"enemies":"Blue Slaver","floor":5.0,"turns":3.0},{"damage":9.0,"enemies":"3 Louse","floor":7.0,"turns":5.0},{"damage":20.0,"enemies":"Lagavulin","floor":8.0,"turns":7.0},{"damage":8.0,"enemies":"Gremlin Nob","floor":11.0,"turns":3.0},{"damage":24,"enemies":"Gremlin Gang","floor":12,"turns":5},{"damage":47,"enemies":"Hexaghost","floor":16,"turns":10},{"damage":24,"enemies":"Chosen","floor":18,"turns":4},{"damage":9,"enemies":"Spheric Guardian","floor":19,"turns":4},{"damage":43,"enemies":"Shelled Parasite and Fungi","floor":21,"turns":4}],"seed_played":"5004408921771893179","potions_obtained":[{"floor":2.0,"key":"ElixirPotion"},{"floor":2.0,"key":"ColorlessPotion"},{"floor":3.0,"key":"PowerPotion"},{"floor":12,"key":"Weak Potion"},{"floor":16,"key":"AttackPotion"},{"floor":18,"key":"Dota2Spire:HealingSalve"}],"is_trial":false,"path_per_floor":["M","?","M","M","M","R","M","E","T","R","E","M","R","$","R","B",null,"M","M","$","M"],"character_chosen":"IRONCLAD","items_purchased":["Dota2Spire:AssaultCuirass","True Grit","Flame Barrier"],"campfire_rested":1,"item_purchase_floors":[14,14,20],"current_hp_per_floor":[74,74,75,58,51,51,48,34,34,56,54,36,45,45,54,13,60,42,39,39,0,0],"gold":44,"neow_bonus":"RANDOM_COMMON_RELIC","is_daily":false,"chose_seed":false,"campfire_upgraded":3,"win_rate":0.0,"timestamp":1609640533,"path_taken":["M","?","M","?","M","R","M","E","T","R","E","M","R","$","R","BOSS","M","M","$","M"],"items_purchased_type":["Relic","Card","Card"],"build_version":"2020-12-22","purchased_purges":1,"victory":false,"max_hp_per_floor":[75,75,75,75,75,75,75,75,75,75,75,75,75,75,75,75,75,75,75,75,75,75],"card_choices":[{"not_picked":["Cleave","Heavy Blade"],"picked":"Perfected Strike","floor":1.0},{"not_picked":["Cleave","Searing Blow","Reckless Charge"],"picked":"SKIP","floor":3.0},{"not_picked":["Clothesline","Evolve"],"picked":"Wild Strike","floor":4.0},{"not_picked":["Wild Strike","Twin Strike"],"picked":"Intimidate","floor":5.0},{"not_picked":["Entrench","Dual Wield"],"picked":"Inflame","floor":7.0},{"not_picked":["Pommel Strike","Perfected Strike"],"picked":"Corruption","floor":8.0},{"not_picked":["Thunderclap","Cleave","Dark Embrace"],"picked":"SKIP","floor":11.0},{"not_picked":["Rage","Dropkick"],"picked":"Sword Boomerang","floor":12},{"not_picked":["Immolate","Bludgeon"],"picked":"Barricade","floor":16},{"not_picked":["Warcry","Fire Breathing"],"picked":"Armaments+1","floor":18},{"not_picked":["Flex","Dark Embrace"],"picked":"Entrench","floor":19}],"player_experience":2168201,"relics_obtained":[{"floor":8.0,"key":"Dota2Spire:Desolator"},{"floor":9.0,"key":"Du-Vu Doll"},{"floor":11.0,"key":"Eternal Feather"}],"event_choices":[{"damage_healed":0.0,"max_hp_gain":0.0,"max_hp_loss":0.0,"gold_gain":0.0,"event_name":"Lab","player_choice":"Got Potions","floor":2.0,"gold_loss":0.0,"damage_taken":0.0}],"is_beta":false,"boss_relics":[{"not_picked":["Calling Bell","Tiny House"],"picked":"Dota2Spire:RefresherOrb"}],"items_purged_floors":[20],"is_endless":false,"potions_floor_spawned":[3,5,7,12,16,18],"killed_by":"Shelled Parasite and Fungi","ascension_level":20}}