{"host":"7rmsgc3rayi00cdt","time":1609681865,"event":{"mods":["BaseMod","Minty Spire (QoL Compilation)"],"gold_per_floor":[18,18,93,104,64,64,93,105,105,105,120,137,196,215,215,290,290,308,308,308,325,342,342,352,352,375,405,405,405,405,425,425,503,503,517,537,537,380,380,380,391,391,391,406,439,439,458,3,3,3],"floor_reached":51,"playtime":2700,"items_purged":["Writhe"],"score":1304,"play_id":"a0b426da-a06b-4f81-97f4-7bcd43d476fe","local_time":"20210103135105","is_ascension_mode":true,"campfire_choices":[{"data":"Survivor","floor":6,"key":"SMITH"},{"floor":10,"key":"REST"},{"floor":15,"key":"REST"},{"floor":23,"key":"REST"},{"floor":25,"key":"REST"},{"floor":28,"key":"REST"},{"data":"Prepared","floor":30,"key":"SMITH"},{"floor":32,"key":"REST"},{"data":"Dagger Throw","floor":40,"key":"SMITH"},{"floor":42,"key":"REST"},{"floor":49,"key":"REST"}],"circlet_count":0,"master_deck":["AscendersBane","Strike_G","Strike_G","Strike_G","Strike_G","Strike_G","Defend_G","Defend_G","Defend_G","Defend_G","Defend_G","Survivor+1","Neutralize+1","Dagger Throw+1","Leg Sweep","Crippling Poison","Underhanded Strike","Blade Dance","Poisoned Stab","Noxious Fumes","Dagger Throw","Tools of the Trade","CurseOfTheBell","Blade Dance","Backstab","Prepared+1","Cloak And Dagger","Escape Plan","Acrobatics","Venomology","Backflip+1","Blade Dance+1","Accuracy","Footwork","Backflip"],"relics":["Ring of the Snake","Pocketwatch","Gremlin Horn","Blue Candle","Tough Bandages","Calling Bell","Bronze Scales","Paper Crane","Tingsha","White Beast Statue","Oddly Smooth Stone","Happy Flower","Mummified Hand","Busted Crown","Toy Ornithopter","HornCleat","Juzu Bracelet","Shuriken"],"acts_visited":["Exordium","TheCity","TheBeyond"],"potions_floor_usage":[13,13,16,21,24,24,27,35,35,36,36,41,41,44,44,45,45,47,47,50],"damage_taken":[{"damage":0,"enemies":"Jaw Worm","floor":1,"turns":5},{"damage":0,"enemies":"Cultist","floor":4,"turns":4},{"damage":36,"enemies":"Gremlin Nob","floor":7,"turns":6},{"damage":0,"enemies":"2 Louse","floor":8,"turns":2},{"damage":0,"enemies":"Red Slaver","floor":11,"turns":4},{"damage":0,"enemies":"Blue Slaver","floor":12,"turns":4},{"damage":8,"enemies":"Gremlin Nob","floor":13,"turns":3},{"damage":4,"enemies":"2 Fungi Beasts","floor":14,"turns":2},{"damage":25,"enemies":"Slime Boss","floor":16,"turns":12},{"damage":7,"enemies":"2 Thieves","floor":18,"turns":5},{"damage":8,"enemies":"3 Byrds","floor":21,"turns":3},{"damage":27,"enemies":"Sentry and Sphere","floor":22,"turns":6},{"damage":1,"enemies":"Snake Plant","floor":24,"turns":3},{"damage":18,"enemies":"Gremlin Leader","floor":27,"turns":6},{"damage":13,"enemies":"Cultist and Chosen","floor":31,"turns":7},{"damage":33,"enemies":"Collector","floor":33,"turns":12},{"damage":0,"enemies":"3 Shapes","floor":35,"turns":5},{"damage":13,"enemies":"3 Darklings","floor":36,"turns":6},{"damage":46,"enemies":"Spire Growth","floor":41,"turns":6},{"damage":0,"enemies":"Jaw Worm Horde","floor":44,"turns":4},{"damage":18,"enemies":"Nemesis","floor":45,"turns":9},{"damage":0,"enemies":"Sphere and 2 Shapes","floor":47,"turns":4},{"damage":38,"enemies":"Donu and Deca","floor":50,"turns":10}],"seed_played":"5143025685951814502","potions_obtained":[{"floor":7,"key":"GamblersBrew"},{"floor":11,"key":"SteroidPotion"},{"floor":14,"key":"GamblersBrew"},{"floor":18,"key":"Explosive Potion"},{"floor":21,"key":"SteroidPotion"},{"floor":22,"key":"BlessingOfTheForge"},{"floor":24,"key":"FearPotion"},{"floor":27,"key":"Fire Potion"},{"floor":31,"key":"Weak Potion"},{"floor":33,"key":"GhostInAJar"},{"floor":35,"key":"Ancient Potion"},{"floor":36,"key":"Explosive Potion"},{"floor":41,"key":"Swift Potion"},{"floor":44,"key":"Energy Potion"},{"floor":45,"key":"LiquidBronze"},{"floor":47,"key":"Energy Potion"}],"is_trial":false,"path_per_floor":["M","?","?","M","$","R","E","M","T","R","M","M","?","M","R","B",null,"M","?","?","M","M","R","M","R","T","E","R","?","R","M","R","B",null,"M","M","?","$","?","R","M","R","T","M","E","?","M","$","R","B",null],"character_chosen":"THE_SILENT","items_purchased":["Crippling Poison","Toy Ornithopter","Shuriken","Footwork","Backflip"],"campfire_rested":8,"item_purchase_floors":[5,38,48,48,48],"current_hp_per_floor":[59,59,48,48,48,48,12,12,12,31,31,31,23,19,38,13,53,46,46,46,38,11,30,29,48,48,30,49,49,49,36,55,22,55,55,42,42,42,42,42,6,25,25,35,42,42,52,52,66,33],"gold":3,"neow_bonus":"ONE_RARE_RELIC","is_daily":false,"chose_seed":false,"campfire_upgraded":3,"win_rate":0.0,"timestamp":1609681865,"path_taken":["M","?","?","M","?","R","E","M","T","R","?","M","?","M","R","BOSS","M","?","?","M","?","R","M","R","T","E","R","?","R","M","R","BOSS","M","M","?","?","?","R","M","R","T","M","E","?","M","$","R","BOSS"],"items_purchased_type":["Card","Relic","Relic","Card","Card"],"build_version":"2020-12-22","purchased_purges":1,"victory":true,"max_hp_per_floor":[66,66,66,66,66,66,66,66,66,66,66,66,66,66,66,66,66,66,66,66,66,66,66,66,66,66,66,66,66,66,66,66,66,66,66,66,66,66,66,66,66,66,66,66,66,66,66,66,66,66],"card_choices":[{"not_picked":["Slice","Cloak And Dagger"],"picked":"Dagger Throw","floor":1},{"not_picked":["Poisoned Stab","Deflect"],"picked":"Leg Sweep","floor":4},{"not_picked":["Outmaneuver","Slice"],"picked":"Underhanded Strike","floor":7},{"not_picked":["Deflect","Wraith Form v2"],"picked":"Blade Dance","floor":8},{"not_picked":["Sucker Punch","Riddle With Holes"],"picked":"Poisoned Stab","floor":11},{"not_picked":["Accuracy","Dagger Spray","Dash"],"picked":"SKIP","floor":12},{"not_picked":["Deflect","Blur"],"picked":"Noxious Fumes","floor":13},{"not_picked":["Caltrops","Slice"],"picked":"Dagger Throw","floor":14},{"not_picked":["Night Terror","Storm of Steel"],"picked":"Tools of the Trade","floor":16},{"not_picked":["Cloak And Dagger","Dodge and Roll","Outmaneuver"],"picked":"SKIP","floor":18},{"not_picked":["Bane+1","Leg Sweep"],"picked":"Backstab","floor":21},{"not_picked":["Dagger Throw","PiercingWail"],"picked":"Prepared","floor":22},{"not_picked":["Endless Agony","Outmaneuver"],"picked":"Cloak And Dagger","floor":24},{"not_picked":["Concentrate","Bullet Time"],"picked":"Escape Plan","floor":27},{"not_picked":["Prepared","Bane"],"picked":"Acrobatics","floor":31},{"not_picked":["Storm of Steel","Corpse Explosion"],"picked":"Venomology","floor":33},{"not_picked":[],"picked":"Backflip+1","floor":35},{"not_picked":[],"picked":"Blade Dance+1","floor":36},{"not_picked":["Flying Knee+1"],"picked":"SKIP","floor":41},{"not_picked":["Poisoned Stab"],"picked":"SKIP","floor":44},{"not_picked":[],"picked":"Accuracy","floor":45},{"not_picked":["Backflip"],"picked":"SKIP","floor":47}],"player_experience":742841,"relics_obtained":[{"floor":7,"key":"Gremlin Horn"},{"floor":9,"key":"Blue Candle"},{"floor":13,"key":"Tough Bandages"},{"floor":17,"key":"Bronze Scales"},{"floor":17,"key":"Paper Crane"},{"floor":17,"key":"Tingsha"},{"floor":26,"key":"Oddly Smooth Stone"},{"floor":27,"key":"Happy Flower"},{"floor":43,"key":"HornCleat"},{"floor":45,"key":"Juzu Bracelet"}],"event_choices":[{"damage_healed":0,"gold_gain":0,"player_choice":"Grow","damage_taken":0,"max_hp_gain":0,"max_hp_loss":0,"event_name":"Living Wall","floor":2,"gold_loss":0,"cards_upgraded":["Neutralize"]},{"damage_healed":0,"gold_gain":75,"player_choice":"Gather Gold","damage_taken":11,"max_hp_gain":0,"max_hp_loss":0,"event_name":"World of Goop","floor":3,"gold_loss":0},{"damage_healed":0,"gold_gain":0,"player_choice":"Searched \u00272\u0027 times","damage_taken":0,"max_hp_gain":0,"max_hp_loss":0,"event_name":"Dead Adventurer","floor":13,"gold_loss":0},{"damage_healed":0,"gold_gain":0,"player_choice":"Stole Relic","damage_taken":0,"relics_obtained":["White Beast Statue"],"max_hp_gain":0,"max_hp_loss":0,"event_name":"Addict","floor":19,"gold_loss":0,"cards_obtained":["Shame"]},{"damage_healed":0,"gold_gain":0,"player_choice":"1 cards matched","damage_taken":0,"max_hp_gain":0,"max_hp_loss":0,"event_name":"Match and Keep!","floor":20,"gold_loss":0,"cards_obtained":["Blade Dance"]},{"damage_healed":0,"gold_gain":0,"player_choice":"Opened","damage_taken":0,"relics_obtained":["Mummified Hand"],"max_hp_gain":0,"max_hp_loss":0,"event_name":"The Mausoleum","floor":29,"gold_loss":0,"cards_obtained":["Writhe"]},{"cards_removed":["Shame"],"damage_healed":0,"gold_gain":0,"player_choice":"Card Removal","damage_taken":0,"max_hp_gain":0,"max_hp_loss":0,"event_name":"Wheel of Change","floor":37,"gold_loss":0},{"damage_healed":0,"gold_gain":0,"player_choice":"Got Potions","damage_taken":0,"max_hp_gain":0,"max_hp_loss":0,"event_name":"Lab","floor":39,"gold_loss":0},{"damage_healed":0,"gold_gain":0,"player_choice":"Ignored","damage_taken":0,"max_hp_gain":0,"max_hp_loss":0,"event_name":"Tomb of Lord Red Mask","floor":46,"gold_loss":0}],"is_beta":false,"boss_relics":[{"not_picked":["Velvet Choker","Runic Dome"],"picked":"Calling Bell"},{"not_picked":["Pandora\u0027s Box","Sozu"],"picked":"Busted Crown"}],"items_purged_floors":[48],"is_endless":false,"potions_floor_spawned":[7,11,14,18,21,22,24,27,31,33,35,36,41,44,45,47],"ascension_level":18}}