{"host":"zekcc3vicrep0och","time":1609684736,"event":{"mods":["AchievementEnabler","BaseMod","Colored Map","Colored Powertips","Displayed Cursed Tome","Highlight Path","Minty Spire (QoL Compilation)","Quick Restart","Relic Stats","StSLib","The Cursed"],"gold_per_floor":[117,117,117,136,152,182,24,57,57,78,121,121,145,156,156,156,156],"floor_reached":16,"playtime":758,"items_purged":[],"score":318,"play_id":"6ecfb5f7-84eb-4c2d-a107-b87657cf919d","local_time":"20210103173856","is_ascension_mode":true,"campfire_choices":[{"data":"Dual Wield","floor":15,"key":"SMITH"}],"circlet_count":0,"master_deck":["AscendersBane","Strike_R","Strike_R","Strike_R","Strike_R","Defend_R","Defend_R","Defend_R","Defend_R","Bash","Dual Wield+1","Armaments+1","Pummel","Shockwave","Cleave","Flame Barrier","Shrug It Off","Reaper"],"relics":["Burning Blood","Potion Belt","Sundial","HandDrill","HornCleat","CeramicFish","White Beast Statue"],"acts_visited":[],"potions_floor_usage":[11,13],"damage_taken":[{"damage":1.0,"enemies":"2 Louse","floor":1.0,"turns":4.0},{"damage":2.0,"enemies":"Cultist","floor":4.0,"turns":4.0},{"damage":7.0,"enemies":"Small Slimes","floor":5.0,"turns":4.0},{"damage":24.0,"enemies":"Lagavulin","floor":6.0,"turns":7.0},{"damage":20.0,"enemies":"Gremlin Nob","floor":8.0,"turns":5.0},{"damage":0,"enemies":"Blue Slaver","floor":10,"turns":3},{"damage":14,"enemies":"Lagavulin","floor":11,"turns":7},{"damage":4,"enemies":"Exordium Wildlife","floor":13,"turns":4},{"damage":10,"enemies":"Large Slime","floor":14,"turns":8},{"damage":77,"enemies":"The Guardian","floor":16,"turns":21}],"seed_played":"-2380306120888231487","potions_obtained":[{"floor":5.0,"key":"SkillPotion"},{"floor":8.0,"key":"DuplicationPotion"},{"floor":11,"key":"Explosive Potion"},{"floor":13,"key":"FairyPotion"},{"floor":14,"key":"ElixirPotion"}],"is_trial":false,"path_per_floor":["M","?","?","M","M","E","$","E","T","M","E","?","M","M","R","B"],"character_chosen":"IRONCLAD","items_purchased":["HandDrill"],"campfire_rested":0,"item_purchase_floors":[7],"current_hp_per_floor":[73,62,62,66,65,47,47,33,33,39,31,31,33,37,37,0,0],"gold":156,"neow_bonus":"TRANSFORM_CARD","is_daily":false,"chose_seed":false,"campfire_upgraded":1,"win_rate":0.0,"timestamp":1609684736,"path_taken":["M","?","?","M","?","E","$","E","T","M","E","?","M","M","R","BOSS"],"items_purchased_type":["Relic"],"build_version":"2020-12-22","purchased_purges":0,"victory":false,"max_hp_per_floor":[75,75,75,75,75,75,75,75,75,75,75,75,75,75,75,75,75],"relic_stats":{"counters":[10,67],"Sundial":[8],"CeramicFish":27,"HandDrill":[6],"obtain_stats":[{"Potion Belt":2,"HornCleat":8,"Sundial":6,"CeramicFish":9,"HandDrill":7,"Burning Blood":0,"White Beast Statue":11},{"Potion Belt":1,"HornCleat":5,"Sundial":4,"CeramicFish":5,"HandDrill":4,"Burning Blood":0,"White Beast Statue":7},{"Potion Belt":4,"HornCleat":24,"Sundial":19,"CeramicFish":24,"HandDrill":19,"Burning Blood":0,"White Beast Statue":34}],"Burning Blood":54},"card_choices":[{"not_picked":["Clothesline","Body Slam"],"picked":"Armaments","floor":1.0},{"not_picked":["Anger","Warcry"],"picked":"Pummel","floor":4.0},{"not_picked":["Flex","Combust"],"picked":"Shockwave","floor":5.0},{"not_picked":["Sword Boomerang","Iron Wave"],"picked":"Cleave","floor":6.0},{"not_picked":["Warcry","Sword Boomerang","Burning Pact"],"picked":"SKIP","floor":8.0},{"not_picked":["Twin Strike","Blood for Blood"],"picked":"Flame Barrier","floor":10},{"not_picked":["Evolve","Clothesline"],"picked":"Shrug It Off","floor":11},{"not_picked":["Cleave","Whirlwind"],"picked":"Reaper","floor":13},{"not_picked":["Carnage","Twin Strike","Thunderclap"],"picked":"SKIP","floor":14}],"player_experience":500345,"relics_obtained":[{"floor":6.0,"key":"Sundial"},{"floor":8.0,"key":"HornCleat"},{"floor":9.0,"key":"CeramicFish"},{"floor":11,"key":"White Beast Statue"}],"event_choices":[{"damage_healed":0.0,"max_hp_gain":0.0,"max_hp_loss":0.0,"gold_gain":0.0,"event_name":"Scrap Ooze","player_choice":"Success","floor":2.0,"gold_loss":0.0,"damage_taken":11.0,"relics_obtained":["Potion Belt"]},{"damage_healed":0.0,"max_hp_gain":0.0,"max_hp_loss":0.0,"gold_gain":0.0,"event_name":"Accursed Blacksmith","player_choice":"Forge","floor":3.0,"gold_loss":0.0,"damage_taken":0.0,"cards_upgraded":["Armaments"]},{"damage_healed":0,"gold_gain":0,"player_choice":"Ignored","damage_taken":0,"max_hp_gain":0,"max_hp_loss":0,"event_name":"Liars Game","floor":12,"gold_loss":0}],"is_beta":false,"boss_relics":[],"items_purged_floors":[],"is_endless":false,"potions_floor_spawned":[5,8,11,13,14],"killed_by":"The Guardian","ascension_level":17}}