{"host":"mydft8i2zzydgggw","time":1609690671,"event":{"mods":["AchievementEnabler","BaseMod","Colored Map","Colored Powertips","Minty Spire (QoL Compilation)","StSLib","The Hierophant","The Poker Player","The Runesmith"],"gold_per_floor":[111,111,186,204,220,247,24,24,24],"floor_reached":8,"playtime":381,"items_purged":[],"score":87,"play_id":"3d450580-044f-4541-a110-23088c37f9de","local_time":"20210104011751","is_ascension_mode":true,"campfire_choices":[],"circlet_count":0,"master_deck":["Strike_R","Strike_R","Strike_R","Strike_R","Strike_R","Defend_R","Defend_R","Defend_R","Defend_R","Bash","Seeing Red","Warcry","Shrug It Off","Flex"],"relics":["Burning Blood","Oddly Smooth Stone","Runesmith:AutoHammer"],"acts_visited":["Exordium"],"potions_floor_usage":[6,7,8],"damage_taken":[{"damage":0,"enemies":"Small Slimes","floor":1,"turns":3},{"damage":0,"enemies":"2 Louse","floor":4,"turns":3},{"damage":13,"enemies":"Jaw Worm","floor":5,"turns":4},{"damage":52,"enemies":"3 Sentries","floor":6,"turns":14},{"damage":45,"enemies":"Lagavulin","floor":8,"turns":11}],"seed_played":"-6390346946317808830","potions_obtained":[{"floor":5,"key":"BlessingOfTheForge"},{"floor":6,"key":"Energy Potion"}],"is_trial":false,"path_per_floor":["M","?","?","M","M","E","$","E"],"character_chosen":"IRONCLAD","items_purchased":["Runesmith:AutoHammer","Flex","BloodPotion"],"campfire_rested":0,"item_purchase_floors":[7,7,7],"current_hp_per_floor":[78,78,67,73,66,20,39,0,0],"gold":24,"neow_bonus":"TWENTY_PERCENT_HP_BONUS","is_daily":false,"chose_seed":false,"campfire_upgraded":0,"win_rate":0.0,"timestamp":1609690671,"path_taken":["M","?","?","M","M","E","?","E"],"items_purchased_type":["Relic","Card","Potion"],"build_version":"2020-12-22","purchased_purges":0,"victory":false,"max_hp_per_floor":[96,96,96,96,96,96,96,96,96],"card_choices":[{"not_picked":["Shrug It Off","Flame Barrier"],"picked":"Seeing Red","floor":1},{"not_picked":["Seeing Red","Twin Strike"],"picked":"Warcry","floor":4},{"not_picked":["Burning Pact","Ghostly Armor"],"picked":"Shrug It Off","floor":5},{"not_picked":["Cleave","Carnage","Reckless Charge"],"picked":"SKIP","floor":6}],"player_experience":79238,"relics_obtained":[{"floor":6,"key":"Oddly Smooth Stone"}],"event_choices":[{"damage_healed":0,"gold_gain":0,"player_choice":"Ignored","damage_taken":0,"max_hp_gain":0,"max_hp_loss":0,"event_name":"Liars Game","floor":2,"gold_loss":0},{"damage_healed":0,"gold_gain":75,"player_choice":"Gather Gold","damage_taken":11,"max_hp_gain":0,"max_hp_loss":0,"event_name":"World of Goop","floor":3,"gold_loss":0}],"is_beta":false,"boss_relics":[],"items_purged_floors":[],"is_endless":false,"potions_floor_spawned":[5,6],"killed_by":"Lagavulin","ascension_level":2}}