{"host":"63howft1cojq0ioc","time":1609637329,"event":{"mods":["Act Like it!","Aspiration","BaseMod","DeckTracker","Downfall","Infinite Spire","Minty Spire (QoL Compilation)","Quick Restart","Relic Stats","Replay The Spire","StSLib","SuperFastMode","The Jungle"],"gold_per_floor":[117,117,135,148,162,195,209,227,227,243,243,299,201,213,213,315,315,331,331,331,343,363,398,398,433,456,371,385,385,405,440,440,548,548,576,576,596,297,307,307,320,320,345,345,376,398,413,429,429,443,443],"floor_reached":50,"playtime":1686,"items_purged":["Strike_R","Defend_R"],"score":713,"play_id":"801e70e5-ffe3-4590-bd40-5d6538e061e3","local_time":"20210102232849","is_ascension_mode":true,"campfire_choices":[{"data":"Inflame","floor":11,"key":"SMITH"},{"floor":15,"key":"REST"},{"data":"Spot Weakness","floor":24,"key":"SMITH"},{"data":"Demon Form","floor":29,"key":"SMITH"},{"floor":32,"key":"REST"},{"data":"Anger","floor":40,"key":"SMITH"},{"data":"Clash","floor":42,"key":"SMITH"},{"floor":44,"key":"REST"},{"floor":49,"key":"REST"}],"circlet_count":0,"master_deck":["Strike_R","Strike_R","Strike_R","Strike_R","Defend_R","Defend_R","Defend_R","Bash","Thunderclap+1","Inflame+1","Flex","Thunderclap","Clash+1","Demon Form+1","Twin Strike+1","Thunderclap","Spot Weakness+1","Inflame+1","Anger+1","Cleave+1"],"relics":["Burning Blood","Orichalcum","TungstenRod","infinitespire:Golems Mask","FossilizedHelix","Runic Pyramid","aspiration:RitualStick","ReplayTheSpireMod:TigerMarble","Vajra","Happy Flower","infinitespire:Midas Blood","Red Mask","Sozu","aspiration:Lifesprig","Lantern","ReplayFunnel"],"acts_visited":["Exordium","TheCity","TheBeyond"],"potions_floor_usage":[28,28,28,50],"damage_taken":[{"damage":14,"enemies":"Small Slimes","floor":1,"turns":4},{"damage":0,"enemies":"Cultist","floor":3,"turns":3},{"damage":1,"enemies":"2 Louse","floor":4,"turns":2},{"damage":5,"enemies":"Looter","floor":5,"turns":2},{"damage":20,"enemies":"Replay:BlueRogue","floor":6,"turns":5},{"damage":2,"enemies":"Blue Slaver","floor":7,"turns":3},{"damage":6,"enemies":"Large Slime","floor":8,"turns":4},{"damage":6,"enemies":"3 Louse","floor":10,"turns":2},{"damage":10,"enemies":"3 Sentries","floor":12,"turns":4},{"damage":13,"enemies":"Lots of Slimes","floor":14,"turns":3},{"damage":0,"enemies":"Slime Boss","floor":16,"turns":6},{"damage":10,"enemies":"Chosen","floor":18,"turns":5},{"damage":7,"enemies":"3 Byrds","floor":21,"turns":4},{"damage":0,"enemies":"Centurion and Healer","floor":22,"turns":4},{"damage":22,"enemies":"Gremlin Leader","floor":23,"turns":5},{"damage":9,"enemies":"Replay:Snechameleon","floor":25,"turns":3},{"damage":6,"enemies":"Shelled Parasite and Fungi","floor":28,"turns":3},{"damage":10,"enemies":"Snecko","floor":30,"turns":5},{"damage":0,"enemies":"Masked Bandits","floor":31,"turns":3},{"damage":29,"enemies":"Champ","floor":33,"turns":6},{"damage":23,"enemies":"3 Shapes","floor":35,"turns":4},{"damage":0,"enemies":"3 Darklings","floor":37,"turns":4},{"damage":0,"enemies":"Transient","floor":39,"turns":5},{"damage":19,"enemies":"Jaw Worm Horde","floor":41,"turns":3},{"damage":13,"enemies":"Giant Head","floor":45,"turns":5},{"damage":7,"enemies":"3 Darklings","floor":46,"turns":3},{"damage":30,"enemies":"Spire Growth","floor":47,"turns":4},{"damage":0,"enemies":"Transient","floor":48,"turns":5},{"damage":101,"enemies":"Time Eater","floor":50,"turns":5}],"seed_played":"-3785568299510447508","potions_obtained":[{"floor":4,"key":"Reflective Coating"},{"floor":5,"key":"SteroidPotion"},{"floor":7,"key":"AttackPotion"},{"floor":8,"key":"PowerPotion"},{"floor":25,"key":"Fire Potion"},{"floor":28,"key":"Regen Potion"}],"is_trial":false,"path_per_floor":["M","?","M","M","M","E","M","M","T","M","R","?","$","M","R","B",null,"M","?","?","M","M","E","R","E","T","?","M","R","M","?","R","B",null,"M","?","M","$","M","R","M","R","T","R","E","M","M","M","R","B"],"character_chosen":"IRONCLAD","items_purchased":["Clash","aspiration:Lifesprig","Anger"],"campfire_rested":4,"item_purchase_floors":[13,38,38],"current_hp_per_floor":[72,72,78,80,80,66,70,70,70,70,70,66,66,59,80,80,80,76,61,69,68,74,58,58,55,55,55,55,55,51,57,80,57,74,57,57,63,63,69,69,56,56,56,80,73,72,48,54,78,0,0],"gold":443,"neow_bonus":"RANDOM_COMMON_RELIC","is_daily":false,"chose_seed":false,"campfire_upgraded":5,"win_rate":0.0,"timestamp":1609637329,"path_taken":["M","?","M","M","M","E","?","M","T","M","R","?","$","M","R","BOSS","M","?","?","M","M","E","R","E","T","?","M","R","M","?","R","BOSS","M","?","M","$","?","R","M","R","T","R","E","M","?","M","R","BOSS"],"items_purchased_type":["Card","Relic","Card"],"build_version":"2020-12-22","purchased_purges":2,"victory":false,"max_hp_per_floor":[80,80,80,80,80,80,80,80,80,80,80,80,80,80,80,80,80,80,80,80,80,80,80,80,80,80,80,80,80,80,80,80,80,80,80,80,80,80,80,80,80,80,80,80,80,80,80,80,80,80,80],"relic_stats":{"Sozu":3,"Happy Flower":[18],"counters":[29,114],"Orichalcum":[282],"obtain_stats":[{"ReplayFunnel":45,"aspiration:Lifesprig":38,"Lantern":43,"Happy Flower":26,"Vajra":25,"Orichalcum":0,"Burning Blood":0,"aspiration:RitualStick":19,"Sozu":34,"infinitespire:Golems Mask":9,"ReplayTheSpireMod:TigerMarble":23,"Red Mask":31,"TungstenRod":6,"FossilizedHelix":12,"Runic Pyramid":17,"infinitespire:Midas Blood":27},{"ReplayFunnel":25,"aspiration:Lifesprig":22,"Lantern":24,"Happy Flower":16,"Vajra":16,"Orichalcum":0,"Burning Blood":0,"aspiration:RitualStick":12,"Sozu":20,"infinitespire:Golems Mask":7,"ReplayTheSpireMod:TigerMarble":15,"Red Mask":19,"TungstenRod":5,"FossilizedHelix":9,"Runic Pyramid":11,"infinitespire:Midas Blood":16},{"ReplayFunnel":97,"aspiration:Lifesprig":84,"Lantern":92,"Happy Flower":59,"Vajra":59,"Orichalcum":0,"Burning Blood":0,"aspiration:RitualStick":43,"Sozu":76,"infinitespire:Golems Mask":23,"ReplayTheSpireMod:TigerMarble":56,"Red Mask":70,"TungstenRod":16,"FossilizedHelix":29,"Runic Pyramid":38,"infinitespire:Midas Blood":59}],"Burning Blood":158,"TungstenRod":63,"aspiration:RitualStick":[0]},"card_choices":[{"not_picked":["Twin Strike","Power Through"],"picked":"Thunderclap","floor":1},{"not_picked":["Armaments","Havoc"],"picked":"Inflame","floor":3},{"not_picked":["Power Through","Warcry"],"picked":"Flex","floor":4},{"not_picked":["Defy Death","Havoc","Metallicize"],"picked":"SKIP","floor":5},{"not_picked":["Pummel","Uppercut","Clothesline"],"picked":"SKIP","floor":6},{"not_picked":["Pommel Strike","Iron Wave"],"picked":"Thunderclap","floor":7},{"not_picked":["Perfected Strike","Demonic Infusion","Armaments"],"picked":"SKIP","floor":8},{"not_picked":["ReplayTheSpireMod:LeadingStrike","Pommel Strike","Havoc"],"picked":"SKIP","floor":10},{"not_picked":["Pommel Strike","Flex","Heavy Blade"],"picked":"SKIP","floor":14},{"not_picked":["Immolate","Reaper"],"picked":"Demon Form","floor":16},{"not_picked":["Flex","Iron Wave"],"picked":"Twin Strike+1","floor":18},{"not_picked":["Searing Blow+1","Flex"],"picked":"Thunderclap","floor":21},{"not_picked":["Feel No Pain","Pummel+1","Twin Strike"],"picked":"SKIP","floor":22},{"not_picked":["Wild Strike+1","Carnage+1"],"picked":"Spot Weakness","floor":23},{"not_picked":["Exhume","Bloodletting","Heavy Blade"],"picked":"SKIP","floor":25},{"not_picked":["Clash","Clothesline"],"picked":"Inflame","floor":28},{"not_picked":["Havoc","Infernal Blade","Immolate"],"picked":"SKIP","floor":30},{"not_picked":["Sentinel+1","Dark Embrace+1","Body Slam+1"],"picked":"SKIP","floor":35},{"not_picked":["Hemokinesis","Headbutt+1","Iron Wave"],"picked":"SKIP","floor":37},{"not_picked":["Headbutt+1","Dual Wield","Metallicize"],"picked":"SKIP","floor":39},{"not_picked":["Warcry+1","Brutality"],"picked":"Cleave+1","floor":41},{"not_picked":["Armaments","Battle Trance","ReplayTheSpireMod:LeadingStrike"],"picked":"SKIP","floor":45},{"not_picked":["Entrench+1","ReplayTheSpireMod:Strike From Hell+1","Reckless Charge+1"],"picked":"SKIP","floor":46},{"not_picked":["Feel No Pain","infinitespire:OneForAll","ReplayTheSpireMod:Corrosion Curse+1"],"picked":"SKIP","floor":47},{"not_picked":["Perfected Strike+1","Thunderclap","Pommel Strike"],"picked":"SKIP","floor":48}],"player_experience":108364,"relics_obtained":[{"floor":6,"key":"TungstenRod"},{"floor":9,"key":"infinitespire:Golems Mask"},{"floor":12,"key":"FossilizedHelix"},{"floor":23,"key":"ReplayTheSpireMod:TigerMarble"},{"floor":25,"key":"Vajra"},{"floor":26,"key":"Happy Flower"},{"floor":31,"key":"Red Mask"},{"floor":43,"key":"Lantern"},{"floor":45,"key":"ReplayFunnel"}],"event_choices":[{"damage_healed":0,"gold_gain":0,"player_choice":"Upgraded","damage_taken":0,"max_hp_gain":0,"max_hp_loss":0,"event_name":"Upgrade Shrine","floor":2,"gold_loss":0,"cards_upgraded":["Thunderclap"]},{"damage_healed":0,"gold_gain":30,"player_choice":"Searched \u00272\u0027 times","damage_taken":0,"max_hp_gain":0,"max_hp_loss":0,"event_name":"Dead Adventurer","floor":12,"gold_loss":0},{"damage_healed":0,"gold_gain":0,"player_choice":"Obtained Relic","damage_taken":0,"relics_obtained":["infinitespire:Midas Blood"],"max_hp_gain":0,"max_hp_loss":0,"event_name":"Addict","floor":27,"gold_loss":85},{"damage_healed":0,"gold_gain":0,"player_choice":"Fought Bandits","damage_taken":0,"max_hp_gain":0,"max_hp_loss":0,"event_name":"Masked Bandits","floor":31,"gold_loss":0},{"damage_healed":0,"gold_gain":0,"player_choice":"Forge","damage_taken":0,"max_hp_gain":0,"max_hp_loss":0,"event_name":"Accursed Blacksmith","floor":36,"gold_loss":0,"cards_upgraded":["Inflame"]}],"is_beta":false,"boss_relics":[{"not_picked":["Runic Cube","Runic Dome"],"picked":"Runic Pyramid"},{"not_picked":["Mark of Pain","Painkiller Herb"],"picked":"Sozu"}],"items_purged_floors":[13,38],"is_endless":false,"potions_floor_spawned":[4,5,7,8,14,16,23,25,28,37,41,46],"killed_by":"Time Eater","ascension_level":5}}