{"host":"zxkjcgzis4pm3za5","time":1609675154,"event":{"mods":["AchievementEnabler","BaseMod","Colored Map","Colored Powertips","Minty Spire (QoL Compilation)","Quick Restart","RNG Fix","Random Character Button","StSLib"],"gold_per_floor":[113,63,63,79,53,53,87,87,160,187,187,197,21,34,34,129,129,139,139,155,70,148,148,177,177,201,230,247,281,35,45,45,148,148,158,158,177,177,196,227,102,102,126,138,169,169,169,185,185,185,185,185,35,70,70,70],"floor_reached":55,"playtime":2046,"items_purged":["Strike_G","Strike_G","Defend_G"],"score":1426,"play_id":"9315e895-527a-4f75-8c67-3e4e16508f39","local_time":"20210103172914","is_ascension_mode":true,"campfire_choices":[{"data":"Neutralize","floor":6,"key":"SMITH"},{"floor":8,"key":"REST"},{"floor":11,"key":"REST"},{"data":"Footwork","floor":15,"key":"SMITH"},{"data":"After Image","floor":23,"key":"SMITH"},{"data":"Cloak And Dagger","floor":25,"key":"SMITH"},{"data":"Blade Dance","floor":32,"key":"SMITH"},{"floor":42,"key":"REST"},{"data":"Well Laid Plans","floor":47,"key":"SMITH"},{"floor":49,"key":"RECALL"},{"floor":52,"key":"REST"}],"circlet_count":0,"master_deck":["AscendersBane","Defend_G+1","Defend_G","Defend_G","Survivor","Neutralize+1","Quick Slash","Blade Dance+1","Escape Plan","Backflip","Acrobatics","Footwork+1","Deflect","After Image+1","Finisher","Cloak And Dagger+1","Infinite Blades","Escape Plan+1","Well Laid Plans+1","Expertise","PiercingWail+1","Madness","Madness","Dodge and Roll+1","Backflip+1"],"relics":["Sozu","Snake Skull","Shuriken","Potion Belt","WristBlade","PreservedInsect","Paper Crane","Vajra","Anchor","Gambling Chip","Akabeko","ClockworkSouvenir","Empty Cage","Centennial Puzzle","Ice Cream","War Paint","Turnip"],"acts_visited":["Exordium","TheCity","TheBeyond","TheEnding"],"potions_floor_usage":[],"damage_taken":[{"damage":2,"enemies":"Cultist","floor":1,"turns":4},{"damage":2,"enemies":"Jaw Worm","floor":4,"turns":5},{"damage":40,"enemies":"Lagavulin","floor":7,"turns":8},{"damage":25,"enemies":"Gremlin Nob","floor":10,"turns":5},{"damage":0,"enemies":"2 Louse","floor":12,"turns":2},{"damage":0,"enemies":"Large Slime","floor":14,"turns":3},{"damage":0,"enemies":"The Guardian","floor":16,"turns":9},{"damage":0,"enemies":"3 Byrds","floor":18,"turns":5},{"damage":0,"enemies":"Chosen","floor":20,"turns":2},{"damage":0,"enemies":"Slavers","floor":24,"turns":3},{"damage":0,"enemies":"Book of Stabbing","floor":27,"turns":4},{"damage":0,"enemies":"Snake Plant","floor":28,"turns":4},{"damage":0,"enemies":"Gremlin Leader","floor":29,"turns":2},{"damage":0,"enemies":"3 Cultists","floor":31,"turns":4},{"damage":17,"enemies":"Collector","floor":33,"turns":7},{"damage":0,"enemies":"Orb Walker","floor":35,"turns":2},{"damage":6,"enemies":"3 Darklings","floor":37,"turns":5},{"damage":15,"enemies":"4 Shapes","floor":39,"turns":8},{"damage":13,"enemies":"Nemesis","floor":40,"turns":7},{"damage":1,"enemies":"Spire Growth","floor":44,"turns":3},{"damage":0,"enemies":"Reptomancer","floor":45,"turns":4},{"damage":0,"enemies":"Jaw Worm Horde","floor":48,"turns":5},{"damage":24,"enemies":"Donu and Deca","floor":50,"turns":9},{"damage":15,"enemies":"Shield and Spear","floor":54,"turns":5},{"damage":56,"enemies":"The Heart","floor":55,"turns":5}],"seed_played":"-4826384721875714427","potions_obtained":[],"is_trial":false,"path_per_floor":["M","?","?","M","$","R","E","R","T","E","R","M","$","M","R","B",null,"M","?","M","?","T","R","E","R","T","E","M","E","$","M","R","B",null,"M","?","M","?","M","E","$","R","T","M","E","?","R","M","R","B",null,"R","$","E","B"],"character_chosen":"THE_SILENT","items_purchased":["Blade Dance","Blade Dance","Footwork","ClockworkSouvenir","War Paint"],"campfire_rested":4,"item_purchase_floors":[5,13,13,30,53],"current_hp_per_floor":[61,61,54,52,52,52,12,33,33,8,29,29,29,29,29,29,60,60,60,60,60,60,60,60,60,60,60,60,60,60,60,60,43,63,63,63,57,48,33,20,20,41,41,40,40,40,40,40,40,16,57,70,70,55,0,0],"gold":70,"neow_bonus":"BOSS_RELIC","is_daily":false,"chose_seed":false,"campfire_upgraded":6,"win_rate":0.0,"timestamp":1609675154,"path_taken":["M","?","?","?","?","R","E","R","T","E","R","M","$","M","R","BOSS","M","?","M","?","?","R","E","R","T","E","M","E","$","M","R","BOSS","M","?","M","?","?","E","$","R","T","M","E","?","R","?","R","BOSS","R","$","E","BOSS"],"items_purchased_type":["Card","Card","Card","Relic","Relic"],"build_version":"2020-12-22","purchased_purges":3,"victory":false,"max_hp_per_floor":[70,70,70,70,70,70,70,70,70,70,70,70,70,70,70,70,70,70,70,70,70,70,70,70,70,70,70,70,70,70,70,70,70,70,70,70,70,70,70,70,70,70,70,70,70,70,70,70,70,70,70,70,70,70,70,70],"card_choices":[{"not_picked":["Underhanded Strike","Bane"],"picked":"Quick Slash","floor":1},{"not_picked":["Backstab","Reflex"],"picked":"Sucker Punch","floor":4},{"not_picked":["Slice","Outmaneuver"],"picked":"Escape Plan","floor":7},{"not_picked":["Quick Slash","Acrobatics"],"picked":"Backflip","floor":10},{"not_picked":["Deadly Poison","Distraction"],"picked":"Acrobatics","floor":12},{"not_picked":["Skewer","Setup"],"picked":"Deflect","floor":14},{"not_picked":["Corpse Explosion","Phantasmal Killer"],"picked":"After Image","floor":16},{"not_picked":["Dagger Throw","Setup"],"picked":"Finisher","floor":18},{"not_picked":["Underhanded Strike","Sucker Punch"],"picked":"Cloak And Dagger","floor":20},{"not_picked":["All Out Attack","Sucker Punch"],"picked":"Infinite Blades","floor":24},{"not_picked":["Deflect","Cloak And Dagger"],"picked":"Escape Plan+1","floor":27},{"not_picked":["Slice","Flechettes"],"picked":"Well Laid Plans","floor":28},{"not_picked":["Choke","Outmaneuver"],"picked":"Expertise","floor":29},{"not_picked":["A Thousand Cuts","Bane","Flechettes"],"picked":"SKIP","floor":31},{"not_picked":["Outmaneuver","Underhanded Strike","Prepared"],"picked":"SKIP","floor":35},{"not_picked":["Blur","Cloak And Dagger+1"],"picked":"PiercingWail+1","floor":37},{"not_picked":["Outmaneuver","Tactician","Slice+1"],"picked":"SKIP","floor":39},{"not_picked":["PiercingWail","Deadly Poison","Bouncing Flask+1"],"picked":"SKIP","floor":40},{"not_picked":["Well Laid Plans","Endless Agony"],"picked":"Dodge and Roll+1","floor":44},{"not_picked":["Slice","Caltrops","PiercingWail"],"picked":"SKIP","floor":45},{"not_picked":["Finisher","Underhanded Strike"],"picked":"Backflip","floor":48},{"not_picked":["Underhanded Strike","Backstab","A Thousand Cuts"],"picked":"SKIP","floor":54}],"player_experience":176553,"relics_obtained":[{"floor":7,"key":"Snake Skull"},{"floor":9,"key":"Shuriken"},{"floor":10,"key":"Potion Belt"},{"floor":22,"key":"Paper Crane"},{"floor":24,"key":"Vajra"},{"floor":26,"key":"Anchor"},{"floor":27,"key":"Gambling Chip"},{"floor":29,"key":"Akabeko"},{"floor":40,"key":"Centennial Puzzle"},{"floor":45,"key":"Ice Cream"},{"floor":54,"key":"Turnip"}],"event_choices":[{"cards_removed":["Defend_G"],"damage_healed":0,"gold_gain":0,"player_choice":"Card Removal","damage_taken":0,"max_hp_gain":0,"max_hp_loss":0,"event_name":"The Cleric","floor":2,"gold_loss":50},{"cards_removed":["Strike_G"],"damage_healed":0,"gold_gain":0,"player_choice":"Card Removal","damage_taken":7,"max_hp_gain":0,"max_hp_loss":0,"event_name":"Golden Wing","floor":3,"gold_loss":0},{"cards_removed":["Strike_G"],"damage_healed":0,"gold_gain":0,"player_choice":"Elegance","damage_taken":0,"max_hp_gain":0,"max_hp_loss":0,"event_name":"Back to Basics","floor":19,"gold_loss":0},{"damage_healed":0,"gold_gain":0,"player_choice":"Obtained Relic","damage_taken":0,"relics_obtained":["PreservedInsect"],"max_hp_gain":0,"max_hp_loss":0,"event_name":"Addict","floor":21,"gold_loss":85},{"damage_healed":0,"gold_gain":0,"player_choice":"Ignored","damage_taken":0,"max_hp_gain":0,"max_hp_loss":0,"event_name":"WeMeetAgain","floor":36,"gold_loss":0},{"damage_healed":0,"gold_gain":0,"player_choice":"Embrace Madness","damage_taken":9,"max_hp_gain":0,"max_hp_loss":0,"event_name":"Winding Halls","floor":38,"gold_loss":0,"cards_obtained":["Madness","Madness"]},{"cards_removed":["Blade Dance"],"damage_healed":0,"gold_gain":0,"player_choice":"Removed Skill","damage_taken":0,"max_hp_gain":0,"max_hp_loss":0,"event_name":"Falling","floor":46,"gold_loss":0}],"is_beta":false,"boss_relics":[{"not_picked":["Runic Pyramid","Astrolabe"],"picked":"WristBlade"},{"not_picked":["SacredBark","Tiny House"],"picked":"Empty Cage"}],"items_purged_floors":[13,30,41],"is_endless":false,"potions_floor_spawned":[10,12,27,29,40,44],"killed_by":"The Heart","ascension_level":12}}