{"host":"qgrlfjrqk9z96gfi","time":1609696737,"event":{"mods":["BaseMod","Block Reminder","Colored Map","DeckTracker","Minty Spire (QoL Compilation)"],"gold_per_floor":[99,21,21,21,21,21,21,21,21,21,21,21,21,21,21,21,21,21,21,21,21,21,21,21,21,21,21,21,21,21,21,21,21,21,21,21,21,21,21,21,21],"floor_reached":40,"playtime":1612,"items_purged":[],"score":884,"play_id":"aa21a847-7e0d-46b6-83c3-5d9d441e2af6","local_time":"20210103075857","is_ascension_mode":true,"campfire_choices":[{"floor":6,"key":"REST"},{"floor":8,"key":"REST"},{"floor":15,"key":"REST"},{"floor":23,"key":"REST"},{"floor":27,"key":"REST"},{"data":"Noxious Fumes","floor":29,"key":"SMITH"},{"floor":32,"key":"REST"}],"circlet_count":0,"master_deck":["AscendersBane","Survivor","Neutralize","Noxious Fumes+1","Footwork","Bane","Blade Dance","Predator","Parasite","Backflip","PiercingWail","Malaise","Die Die Die","Choke","Crippling Poison","Tactician","Catalyst","Terror","Accuracy","Prepared","Deadly Poison","Blade Dance+1","Dodge and Roll","Accuracy","Backflip","Blur+1","Blur","After Image","Backflip"],"relics":["Ectoplasm","Happy Flower","Orichalcum","Mango","Lantern","Pandora\u0027s Box","Bottled Flame","Boot","Gambling Chip","Sozu"],"acts_visited":["Exordium","TheCity","TheBeyond"],"potions_floor_usage":[7,14,16,25,25,25,28,30,40],"damage_taken":[{"damage":3,"enemies":"Cultist","floor":1,"turns":6},{"damage":0,"enemies":"2 Louse","floor":3,"turns":4},{"damage":7,"enemies":"Jaw Worm","floor":5,"turns":5},{"damage":41,"enemies":"Gremlin Nob","floor":7,"turns":5},{"damage":20,"enemies":"3 Sentries","floor":10,"turns":10},{"damage":7,"enemies":"3 Louse","floor":12,"turns":3},{"damage":12,"enemies":"Gremlin Nob","floor":14,"turns":4},{"damage":31,"enemies":"Slime Boss","floor":16,"turns":10},{"damage":14,"enemies":"Shell Parasite","floor":18,"turns":4},{"damage":27,"enemies":"3 Byrds","floor":21,"turns":5},{"damage":13,"enemies":"Gremlin Leader","floor":25,"turns":6},{"damage":0,"enemies":"Snake Plant","floor":28,"turns":4},{"damage":8,"enemies":"Book of Stabbing","floor":30,"turns":6},{"damage":15,"enemies":"3 Cultists","floor":31,"turns":5},{"damage":43,"enemies":"Collector","floor":33,"turns":9},{"damage":0,"enemies":"3 Darklings","floor":35,"turns":5},{"damage":6,"enemies":"Orb Walker","floor":37,"turns":4},{"damage":35,"enemies":"Spire Growth","floor":39,"turns":5},{"damage":25,"enemies":"Reptomancer","floor":40,"turns":2}],"seed_played":"7497809960812886478","potions_obtained":[{"floor":1,"key":"BlessingOfTheForge"},{"floor":10,"key":"Ancient Potion"},{"floor":14,"key":"CunningPotion"},{"floor":21,"key":"EntropicBrew"},{"floor":25,"key":"GhostInAJar"},{"floor":28,"key":"SkillPotion"},{"floor":33,"key":"Poison Potion"}],"is_trial":false,"path_per_floor":["M","$","M","?","M","R","E","R","T","E","?","M","$","E","R","B",null,"M","?","?","M","?","R","?","E","T","R","M","R","E","M","R","B",null,"M","?","M","?","M","E"],"character_chosen":"THE_SILENT","items_purchased":["Footwork"],"campfire_rested":6,"item_purchase_floors":[2],"current_hp_per_floor":[56,56,56,36,29,48,7,26,26,20,40,33,33,21,45,14,64,50,50,50,23,23,47,47,34,34,58,58,58,50,35,59,16,64,64,64,58,58,23,0,0],"gold":21,"neow_bonus":"BOSS_RELIC","is_daily":false,"chose_seed":false,"campfire_upgraded":1,"win_rate":0.0,"timestamp":1609696737,"path_taken":["M","?","M","?","?","R","E","R","T","E","?","M","?","E","R","BOSS","M","?","?","M","?","R","?","E","T","R","?","R","E","M","R","BOSS","M","?","M","?","?","E"],"items_purchased_type":["Card"],"build_version":"2020-12-22","purchased_purges":0,"victory":false,"max_hp_per_floor":[66,66,66,66,66,66,66,66,66,80,80,80,80,80,80,80,80,80,80,80,80,80,80,80,80,80,80,80,80,80,80,80,80,80,80,76,76,76,76,76,76],"card_choices":[{"not_picked":["Cloak And Dagger","Concentrate"],"picked":"Noxious Fumes","floor":1},{"not_picked":["Underhanded Strike","Prepared"],"picked":"Bane","floor":3},{"not_picked":["Cloak And Dagger","Caltrops"],"picked":"Blade Dance","floor":5},{"not_picked":["Masterful Stab","Quick Slash","Dagger Throw"],"picked":"SKIP","floor":7},{"not_picked":["Dagger Throw","Deflect"],"picked":"Predator","floor":10},{"not_picked":["Deflect","Cloak And Dagger"],"picked":"Backflip","floor":12},{"not_picked":["Dagger Throw","Backflip"],"picked":"PiercingWail","floor":14},{"not_picked":["Phantasmal Killer","Storm of Steel"],"picked":"Malaise","floor":16},{"not_picked":["Backflip","Setup"],"picked":"Blade Dance+1","floor":18},{"not_picked":["Dagger Throw","Deadly Poison"],"picked":"Accuracy","floor":21},{"not_picked":["Slice","Glass Knife"],"picked":"Backflip","floor":25},{"not_picked":["Flying Knee","Footwork"],"picked":"Blur+1","floor":28},{"not_picked":["Setup","Sucker Punch","Cloak And Dagger"],"picked":"SKIP","floor":30},{"not_picked":["Dash","Underhanded Strike"],"picked":"Blur","floor":31},{"not_picked":["A Thousand Cuts","Phantasmal Killer"],"picked":"After Image","floor":33},{"not_picked":["Outmaneuver+1","Bane","Poisoned Stab"],"picked":"SKIP","floor":35},{"not_picked":["Dodge and Roll","Setup+1","Slice+1"],"picked":"SKIP","floor":37},{"not_picked":["Caltrops+1","Deadly Poison","Bane+1"],"picked":"SKIP","floor":39}],"player_experience":960962,"relics_obtained":[{"floor":7,"key":"Happy Flower"},{"floor":9,"key":"Orichalcum"},{"floor":10,"key":"Mango"},{"floor":14,"key":"Lantern"},{"floor":25,"key":"Bottled Flame"},{"floor":26,"key":"Boot"},{"floor":30,"key":"Gambling Chip"}],"event_choices":[{"damage_healed":0,"gold_gain":0,"player_choice":"Entered Light","damage_taken":20,"max_hp_gain":0,"max_hp_loss":0,"event_name":"Shining Light","floor":4,"gold_loss":0,"cards_upgraded":["Defend_G","Defend_G"]},{"damage_healed":20,"gold_gain":0,"player_choice":"Healed and dodged fight","damage_taken":0,"max_hp_gain":0,"max_hp_loss":0,"event_name":"Mushrooms","floor":11,"gold_loss":0,"cards_obtained":["Parasite"]},{"damage_healed":0,"gold_gain":0,"player_choice":"Read","damage_taken":0,"max_hp_gain":0,"max_hp_loss":0,"event_name":"The Library","floor":19,"gold_loss":0,"cards_obtained":["Dodge and Roll"]},{"damage_healed":0,"gold_gain":0,"player_choice":"Ignored","damage_taken":0,"max_hp_gain":0,"max_hp_loss":0,"event_name":"Cursed Tome","floor":20,"gold_loss":0},{"damage_healed":0,"gold_gain":0,"player_choice":"Ignored","damage_taken":0,"max_hp_gain":0,"max_hp_loss":0,"event_name":"The Mausoleum","floor":22,"gold_loss":0},{"damage_healed":0,"gold_gain":0,"player_choice":"Ignored","damage_taken":0,"max_hp_gain":0,"max_hp_loss":0,"event_name":"Golden Shrine","floor":24,"gold_loss":0},{"damage_healed":0,"gold_gain":0,"player_choice":"Max HP","damage_taken":0,"max_hp_gain":0,"max_hp_loss":4,"event_name":"Winding Halls","floor":36,"gold_loss":0},{"damage_healed":0,"gold_gain":0,"cards_transformed":["Grand Finale"],"player_choice":"Transformed","damage_taken":0,"max_hp_gain":0,"max_hp_loss":0,"event_name":"Transmorgrifier","floor":38,"gold_loss":0,"cards_obtained":["Backflip"]}],"is_beta":false,"boss_relics":[{"not_picked":["Calling Bell","Busted Crown"],"picked":"Pandora\u0027s Box"},{"not_picked":["Coffee Dripper","Runic Dome"],"picked":"Sozu"}],"items_purged_floors":[],"is_endless":false,"potions_floor_spawned":[1,10,14,21,25,28,33,35],"killed_by":"Reptomancer","ascension_level":20}}