{"host":"csp9nt53rootlkah","time":1609673937,"event":{"mods":["Act Like it!","BaseMod","Colored Powertips","Friendly Minions","Gensokyo","Highlight Path","Minty Spire (QoL Compilation)","Quick Restart","Replay The Spire","StSLib","TestMod","The Factory","The Jungle","The Poker Player","UnlockEverythingMod","【遗物卡牌】REMEMod"],"gold_per_floor":[112,112,112,139,139,139,172,97,121,146,181,181,208,223,223,319,319,330,346,546,566,466,493,512,512,512,512,544,123,149,175,175,276,326,343,49,64,74,74,105,125,125,172,197,197,248,275,325,406,406],"floor_reached":51,"playtime":3766,"items_purged":["PokerPlayerMod:Diamond1","PokerPlayerMod:Spade1","PokerPlayerMod:Club1","PokerPlayerMod:HotShotCut"],"score":915,"play_id":"72132b94-b434-4adf-980a-04c78e877a4c","local_time":"20210103193857","is_ascension_mode":false,"metric_token":1046,"campfire_choices":[{"data":"testmod-ShutDown","floor":6.0,"key":"SMITH"},{"data":"PokerPlayerMod:Sharpen","floor":12.0,"key":"SMITH"},{"data":"PokerPlayerMod:ItsShowtime","floor":25.0,"key":"SMITH"},{"data":"PokerPlayerMod:Raise","floor":27.0,"key":"SMITH"},{"data":"PokerPlayerMod:FillThePot","floor":32.0,"key":"SMITH"},{"data":"PokerPlayerMod:TrumpStrike","floor":42,"key":"SMITH"}],"circlet_count":0,"master_deck":["PokerPlayerMod:Diamond2","PokerPlayerMod:Diamond3","PokerPlayerMod:Diamond5","PokerPlayerMod:Diamond5","PokerPlayerMod:Spade2","PokerPlayerMod:Spade3","PokerPlayerMod:Spade4","PokerPlayerMod:Club2","PokerPlayerMod:Heart2","PokerPlayerMod:TrumpStrike+1","PokerPlayerMod:BadJoker","testmod-ShutDown+1","PokerPlayerMod:Heart4","PokerPlayerMod:Sharpen+1","PokerPlayerMod:FillThePot+1","PokerPlayerMod:Diamond4","PokerPlayerMod:Heart8","PokerPlayerMod:Manipulation","PokerPlayerMod:ItsShowtime+1","PokerPlayerMod:Raise+1","PokerPlayerMod:Raise+1"],"relics":["PokerPlayerMod:DeckCase","testmod-TestBox","REME_ComplimentaryCards","testmod-CardMagician","NeowsBlessing","Anchor","Dream Catcher","Vajra","testmod-LifeArmor","Quantum Egg","Blue Doll","testmod-DreamHouse","Happy Flower","Lantern","Pen Nib","testmod-Justice","Ice Cream","ReplayTheSpireMod:TigerMarble","testmod-Register","PokerPlayerMod:Splitter","Chameleon Ring","Tiny House","DollysMirror","testmod-HeartOfStrike","Akabeko","Replay:Mystery Machine","ReplayTheSpireMod:Ring of Addiction","Ring of Fury","Toy Ornithopter","Potion Belt","testmod-BlackFramedGlasses","Bottled Tornado","testmod-ThousandKnives"],"acts_visited":["Gensokyo:Gensokyo","TheCity","TheBeyond"],"potions_floor_usage":[47,50],"damage_taken":[{"damage":0.0,"enemies":"Gensokyo:Python","floor":1.0,"turns":1.0},{"damage":0.0,"enemies":"Gensokyo:Aya","floor":7.0,"turns":1.0},{"damage":0.0,"enemies":"Gensokyo:Cirno","floor":10.0,"turns":2.0},{"damage":0.0,"enemies":"Gensokyo:Cirno","floor":11.0,"turns":4.0},{"damage":15.0,"enemies":"Gensokyo:Mamizou","floor":13.0,"turns":4.0},{"damage":0.0,"enemies":"Gensokyo:3_Fairies","floor":14.0,"turns":2.0},{"damage":3.0,"enemies":"Gensokyo:Kokoro","floor":16.0,"turns":7.0},{"damage":0.0,"enemies":"Shell Parasite","floor":18.0,"turns":3.0},{"damage":13.0,"enemies":"2 Thieves","floor":19.0,"turns":3.0},{"damage":10.0,"enemies":"Sentry and Sphere","floor":21.0,"turns":4.0},{"damage":6.0,"enemies":"Replay:Snechameleon","floor":23.0,"turns":4.0},{"damage":12.0,"enemies":"Cultist and Chosen","floor":24.0,"turns":4.0},{"damage":23.0,"enemies":"Book of Stabbing","floor":28.0,"turns":4.0},{"damage":0.0,"enemies":"Slavers","floor":31.0,"turns":1.0},{"damage":0.0,"enemies":"Automaton","floor":33.0,"turns":3.0},{"damage":0,"enemies":"Orb Walker","floor":35,"turns":1},{"damage":7,"enemies":"3 Shapes","floor":37,"turns":3},{"damage":8,"enemies":"Maw","floor":38,"turns":3},{"damage":37,"enemies":"Nemesis","floor":40,"turns":3},{"damage":0,"enemies":"3 Darklings","floor":41,"turns":2},{"damage":0,"enemies":"R_Hoarder","floor":44,"turns":4},{"damage":0,"enemies":"2 Orb Walkers","floor":46,"turns":2},{"damage":0,"enemies":"Giant Head","floor":47,"turns":3},{"damage":0,"enemies":"Mind Bloom Boss Battle","floor":48,"turns":1},{"damage":0,"enemies":"Replay:Hell Engine","floor":50,"turns":2}],"seed_played":"-8279132387697658317","potions_obtained":[{"floor":7.0,"key":"SkillPotion"},{"floor":11.0,"key":"EssenceOfSteel"},{"floor":13.0,"key":"AttackPotion"},{"floor":14.0,"key":"GamblersBrew"},{"floor":23.0,"key":"Block Potion"},{"floor":24.0,"key":"LifebloodPotion"},{"floor":34,"key":"Adrenaline Potion"},{"floor":45,"key":"Explosive Potion"},{"floor":45,"key":"Flashbang"},{"floor":45,"key":"Energy Potion"},{"floor":46,"key":"BlessingOfTheForge"}],"is_trial":false,"path_per_floor":["M","?","?","T","?","R","E","$","T","?","E","R","E","M","R","B",null,"M","M","?","M","$","E","M","R","T","R","E","$","T","E","R","B",null,"M","$","M","M","?","E","M","R","T","E","?","?","E","?","R","B",null],"character_chosen":"THE_POKER_PLAYER","items_purchased":["ReplayTheSpireMod:TigerMarble","testmod-Register","DollysMirror"],"campfire_rested":0,"item_purchase_floors":[29,29,36],"current_hp_per_floor":[52,52,52,52,52,52,52,52,52,52,52,52,37,52,52,49,52,52,39,39,52,52,46,40,40,40,40,41,41,41,52,52,52,57,57,57,57,49,49,35,57,57,57,57,57,57,57,57,57,57],"gold":406,"neow_bonus":"THREE_ENEMY_KILL","is_daily":false,"chose_seed":false,"campfire_upgraded":6,"win_rate":0.0,"timestamp":1609673937,"path_taken":["M","?","?","?","?","R","E","$","T","?","E","R","E","M","R","BOSS","M","M","?","M","?","E","M","R","T","R","E","$","?","E","R","BOSS","M","$","M","M","?","E","M","R","T","E","?","?","E","?","R","BOSS"],"items_purchased_type":["Relic","Relic","Relic"],"build_version":"2020-12-22","purchased_purges":4,"victory":true,"max_hp_per_floor":[52,52,52,52,52,52,52,52,52,52,52,52,52,52,52,52,52,52,52,52,52,52,52,52,52,52,52,52,52,52,52,52,52,57,57,57,57,57,57,57,57,57,57,57,57,57,57,57,57,57],"card_choices":[{"not_picked":["PokerPlayerMod:Diamond3","PokerPlayerMod:Spade3"],"picked":"PokerPlayerMod:HotShotCut","floor":1.0},{"not_picked":["PokerPlayerMod:SecondChance","PokerPlayerMod:Spade1"],"picked":"PokerPlayerMod:Heart4","floor":3.0},{"not_picked":["PokerPlayerMod:SecretDealer","PokerPlayerMod:ClubsClub"],"picked":"PokerPlayerMod:Sharpen","floor":7.0},{"not_picked":["PokerPlayerMod:DiamondStrike","PokerPlayerMod:Harden"],"picked":"PokerPlayerMod:FillThePot","floor":10.0},{"not_picked":["PokerPlayerMod:Heart3","PokerPlayerMod:Diamond2"],"picked":"PokerPlayerMod:Diamond4","floor":11.0},{"not_picked":["PokerPlayerMod:Spade2","PokerPlayerMod:Fold"],"picked":"PokerPlayerMod:Heart8","floor":13.0},{"not_picked":["PokerPlayerMod:CardBurn","PokerPlayerMod:Spade3","PokerPlayerMod:MagicTrick"],"picked":"SKIP","floor":14.0},{"not_picked":["PokerPlayerMod:ChangeRules","PokerPlayerMod:Club10+"],"picked":"PokerPlayerMod:ItsShowtime","floor":16.0},{"not_picked":["PokerPlayerMod:Configure","PokerPlayerMod:ClubsClub+1","PokerPlayerMod:FillThePot+1"],"picked":"SKIP","floor":18.0},{"not_picked":["PokerPlayerMod:Spade1","PokerPlayerMod:Club4"],"picked":"PokerPlayerMod:Raise","floor":19.0},{"not_picked":["PokerPlayerMod:Trickery","PokerPlayerMod:ClubDance","PokerPlayerMod:Spade3"],"picked":"SKIP","floor":21.0},{"not_picked":["PokerPlayerMod:Diamond2","PokerPlayerMod:Diamond1","PokerPlayerMod:Spade4"],"picked":"SKIP","floor":23.0},{"not_picked":["PokerPlayerMod:Diamond5","PokerPlayerMod:CardBurn+1"],"picked":"PokerPlayerMod:Raise+1","floor":24.0},{"not_picked":["PokerPlayerMod:Spade10+","PokerPlayerMod:Spade1","PokerPlayerMod:FlyingCard"],"picked":"SKIP","floor":28.0},{"not_picked":["PokerPlayerMod:Heart1","PokerPlayerMod:Sharpen","PokerPlayerMod:Overdeal"],"picked":"SKIP","floor":31.0},{"not_picked":["PokerPlayerMod:Spade7","PokerPlayerMod:Diamond8"],"picked":"PokerPlayerMod:Club8","floor":33.0},{"not_picked":["PokerPlayerMod:CloakAndDiamond","PokerPlayerMod:Diamond1"],"picked":"PokerPlayerMod:Diamond10+","floor":34},{"not_picked":["PokerPlayerMod:DiamondStrike","PokerPlayerMod:DartThrow+1","PokerPlayerMod:Fold+1"],"picked":"SKIP","floor":35},{"not_picked":["PokerPlayerMod:Diamond4","PokerPlayerMod:Spade8","PokerPlayerMod:SecondChance"],"picked":"SKIP","floor":37},{"not_picked":["PokerPlayerMod:Club4","PokerPlayerMod:MagicTrick","PokerPlayerMod:Heart1"],"picked":"SKIP","floor":38},{"not_picked":["PokerPlayerMod:Diamond1","PokerPlayerMod:Club3","PokerPlayerMod:Club1"],"picked":"SKIP","floor":40},{"not_picked":["PokerPlayerMod:CardBurn","PokerPlayerMod:Club1","PokerPlayerMod:Spade2"],"picked":"SKIP","floor":41},{"not_picked":["PokerPlayerMod:HiddenCard+1","PokerPlayerMod:Diamond5","PokerPlayerMod:MagicTrick+1"],"picked":"SKIP","floor":44},{"not_picked":["PokerPlayerMod:Diamond5","PokerPlayerMod:Overdeal+1","PokerPlayerMod:Configure"],"picked":"SKIP","floor":47}],"player_experience":120286,"relics_obtained":[{"floor":4.0,"key":"Anchor"},{"floor":7.0,"key":"Dream Catcher"},{"floor":9.0,"key":"Vajra"},{"floor":10.0,"key":"testmod-LifeArmor"},{"floor":11.0,"key":"Quantum Egg"},{"floor":13.0,"key":"Blue Doll"},{"floor":23.0,"key":"Pen Nib"},{"floor":26.0,"key":"testmod-Justice"},{"floor":28.0,"key":"Ice Cream"},{"floor":30.0,"key":"PokerPlayerMod:Splitter"},{"floor":31.0,"key":"Chameleon Ring"},{"floor":40,"key":"testmod-HeartOfStrike"},{"floor":43,"key":"Akabeko"},{"floor":44,"key":"Replay:Mystery Machine"},{"floor":45,"key":"ReplayTheSpireMod:Ring of Addiction"},{"floor":45,"key":"Ring of Fury"},{"floor":45,"key":"Toy Ornithopter"},{"floor":45,"key":"Potion Belt"},{"floor":46,"key":"testmod-BlackFramedGlasses"},{"floor":47,"key":"Bottled Tornado"},{"floor":48,"key":"testmod-ThousandKnives"}],"event_choices":[{"damage_healed":0.0,"max_hp_gain":0.0,"max_hp_loss":0.0,"gold_gain":0.0,"event_name":"给自己的盒子","player_choice":"Ignored","floor":5.0,"gold_loss":0.0,"damage_taken":0.0},{"damage_healed":0.0,"max_hp_gain":0.0,"max_hp_loss":0.0,"gold_gain":200.0,"event_name":"Wheel of Change","player_choice":"Gold","floor":20.0,"gold_loss":0.0,"damage_taken":0.0},{"damage_healed":0,"gold_gain":0,"player_choice":"Memory 1","damage_taken":0,"max_hp_gain":0,"max_hp_loss":0,"event_name":"SensoryStone","floor":39,"gold_loss":0},{"damage_healed":0,"gold_gain":0,"player_choice":"Fight","damage_taken":0,"max_hp_gain":0,"max_hp_loss":0,"event_name":"Mysterious Sphere","floor":46,"gold_loss":0},{"damage_healed":0,"gold_gain":0,"player_choice":"Fight","damage_taken":0,"max_hp_gain":0,"max_hp_loss":0,"event_name":"MindBloom","floor":48,"gold_loss":0}],"is_beta":false,"boss_relics":[{"not_picked":["ReplayTheSpireMod:DimensionalGlitch","Honey Jar"],"picked":"testmod-DreamHouse"},{"not_picked":["Replay:Fungal Core","Astrolabe"],"picked":"Tiny House"}],"items_purged_floors":[8,22,29,36],"is_endless":false,"potions_floor_spawned":[7,11,13,14,21,23,24,28,41,44,46],"ascension_level":0}}