{"host":"ta9mufxydm4vkknf","time":1609698718,"event":{"mods":["AchievementEnabler","BaseMod","Minty Spire (QoL Compilation)"],"gold_per_floor":[168,178,192,192,192,222,241,241,241,241,260,270,289,289,289,384,384,402,402,419,434,446,446,473,473,473,503,522,540,540,540],"floor_reached":30,"playtime":7712,"items_purged":[],"score":317,"play_id":"a1210645-6d3e-4362-b1d9-e001aa5d7aff","local_time":"20210103193158","is_ascension_mode":true,"campfire_choices":[{"floor":8,"key":"REST"},{"data":"Hello World","floor":10,"key":"SMITH"},{"floor":15,"key":"REST"},{"data":"Electrodynamics","floor":23,"key":"SMITH"},{"floor":25,"key":"REST"}],"circlet_count":0,"master_deck":["Strike_B","Strike_B","Defend_B","Defend_B+1","Defend_B","Defend_B+1","Zap","Dualcast","Auto Shields","Ball Lightning+1","Conserve Battery","Streamline","Hello World+1","Defragment","Conserve Battery+1","Go for the Eyes","Glacier+1","Electrodynamics+1","Redo+1","Force Field+1","Amplify+1","Redo+1","BootSequence+1","Darkness+1"],"relics":["Tiny House","Toxic Egg 2","Gambling Chip","Turnip","Philosopher\u0027s Stone","Letter Opener","Darkstone Periapt","Art of War"],"acts_visited":["Exordium","TheCity"],"potions_floor_usage":[12,20,24,24,27],"damage_taken":[{"damage":8,"enemies":"Small Slimes","floor":1,"turns":4},{"damage":0,"enemies":"2 Louse","floor":2,"turns":3},{"damage":3,"enemies":"Jaw Worm","floor":3,"turns":5},{"damage":12,"enemies":"Gremlin Nob","floor":6,"turns":4},{"damage":12,"enemies":"Lots of Slimes","floor":7,"turns":5},{"damage":11,"enemies":"Red Slaver","floor":11,"turns":4},{"damage":0,"enemies":"Looter","floor":12,"turns":4},{"damage":4,"enemies":"Blue Slaver","floor":13,"turns":4},{"damage":16,"enemies":"Slime Boss","floor":16,"turns":10},{"damage":6,"enemies":"Spheric Guardian","floor":18,"turns":5},{"damage":0,"enemies":"3 Byrds","floor":20,"turns":2},{"damage":3,"enemies":"3 Cultists","floor":21,"turns":4},{"damage":3,"enemies":"Chosen and Byrds","floor":22,"turns":6},{"damage":46,"enemies":"Book of Stabbing","floor":24,"turns":8},{"damage":26,"enemies":"Gremlin Leader","floor":27,"turns":7},{"damage":8,"enemies":"Centurion and Healer","floor":28,"turns":5},{"damage":0,"enemies":"Snake Plant","floor":29,"turns":5},{"damage":18,"enemies":"Shelled Parasite and Fungi","floor":30,"turns":3}],"seed_played":"6335712493955300299","potions_obtained":[{"floor":0,"key":"ColorlessPotion"},{"floor":3,"key":"Energy Potion"},{"floor":11,"key":"Fire Potion"},{"floor":12,"key":"Weak Potion"},{"floor":20,"key":"Block Potion"},{"floor":22,"key":"PowerPotion"},{"floor":24,"key":"BlessingOfTheForge"}],"is_trial":false,"path_per_floor":["M","M","M","?","?","E","M","R","T","R","M","M","M","?","R","B",null,"M","?","M","M","M","R","E","R","T","E","M","M","M"],"character_chosen":"DEFECT","items_purchased":[],"campfire_rested":3,"item_purchase_floors":[],"current_hp_per_floor":[72,72,69,62,46,34,22,46,46,46,35,35,31,24,48,32,80,74,74,74,71,68,68,22,46,46,20,12,12,0,0],"gold":540,"neow_bonus":"BOSS_RELIC","is_daily":false,"chose_seed":false,"campfire_upgraded":2,"win_rate":0.0,"timestamp":1609698718,"path_taken":["M","M","M","?","?","E","M","R","T","R","M","M","M","?","R","BOSS","M","?","M","M","M","R","E","R","T","E","M","M","M"],"items_purchased_type":[],"build_version":"2020-12-22","purchased_purges":0,"victory":false,"max_hp_per_floor":[80,80,80,80,80,80,80,80,80,80,80,80,80,80,80,80,80,80,80,80,80,80,80,80,80,80,80,80,80,80,80],"card_choices":[{"not_picked":["Stack","Skim"],"picked":"Auto Shields","floor":0},{"not_picked":["Hologram","Sweeping Beam"],"picked":"Ball Lightning","floor":1},{"not_picked":["Force Field","Rebound"],"picked":"Conserve Battery","floor":2},{"not_picked":["Leap","Steam"],"picked":"Streamline","floor":3},{"not_picked":["Melter","Compile Driver"],"picked":"Hello World","floor":6},{"not_picked":["Barrage","Stack+1"],"picked":"Defragment","floor":7},{"not_picked":["Double Energy+1","Steam+1"],"picked":"Conserve Battery+1","floor":11},{"not_picked":["Steam+1","Compile Driver"],"picked":"Go for the Eyes","floor":12},{"not_picked":["Turbo+1","Ball Lightning"],"picked":"Glacier+1","floor":13},{"not_picked":["Amplify+1","Seek+1"],"picked":"Electrodynamics","floor":16},{"not_picked":["Turbo+1","Aggregate+1"],"picked":"Redo+1","floor":18},{"not_picked":["Compile Driver","Go for the Eyes","Rebound"],"picked":"SKIP","floor":20},{"not_picked":["Barrage","Beam Cell"],"picked":"Force Field+1","floor":21},{"not_picked":["Turbo+1","Steam Power+1"],"picked":"Amplify+1","floor":22},{"not_picked":["Cold Snap","Stack+1"],"picked":"Redo+1","floor":24},{"not_picked":["Reboot+1","Redo+1"],"picked":"BootSequence+1","floor":27},{"not_picked":["Gash","FTL","Rebound"],"picked":"SKIP","floor":28},{"not_picked":["Streamline","Cold Snap+1"],"picked":"Darkness+1","floor":29}],"player_experience":166195,"relics_obtained":[{"floor":6,"key":"Toxic Egg 2"},{"floor":9,"key":"Gambling Chip"},{"floor":24,"key":"Letter Opener"},{"floor":26,"key":"Darkstone Periapt"},{"floor":27,"key":"Art of War"}],"event_choices":[{"cards_removed":["Strike_B"],"damage_healed":0,"gold_gain":0,"player_choice":"Card Removal","damage_taken":7,"max_hp_gain":0,"max_hp_loss":0,"event_name":"Golden Wing","floor":4,"gold_loss":0},{"damage_healed":0,"gold_gain":0,"player_choice":"Entered Light","damage_taken":16,"max_hp_gain":0,"max_hp_loss":0,"event_name":"Shining Light","floor":5,"gold_loss":0,"cards_upgraded":["Ball Lightning","Defend_B"]},{"damage_healed":0,"gold_gain":0,"player_choice":"Success","damage_taken":7,"relics_obtained":["Turnip"],"max_hp_gain":0,"max_hp_loss":0,"event_name":"Scrap Ooze","floor":14,"gold_loss":0},{"cards_removed":["Strike_B"],"damage_healed":0,"gold_gain":0,"player_choice":"Purged","damage_taken":0,"max_hp_gain":0,"max_hp_loss":0,"event_name":"Purifier","floor":19,"gold_loss":0}],"is_beta":false,"boss_relics":[{"not_picked":["Velvet Choker","SacredBark"],"picked":"Philosopher\u0027s Stone"}],"items_purged_floors":[],"is_endless":false,"potions_floor_spawned":[3,11,12,16,20,22,24],"killed_by":"Shelled Parasite and Fungi","ascension_level":3}}