{"host":"q9718omregw4er46","time":1609672822,"event":{"mods":["BaseMod","Bestiary","Colored Powertips","Minty Spire (QoL Compilation)","Quick Restart","Relic Stats"],"gold_per_floor":[117,192,205,305,320,355,355],"floor_reached":6,"playtime":119,"items_purged":[],"score":92,"play_id":"42c7504b-85c2-472e-895a-f9732d2e752f","local_time":"20210103162022","is_ascension_mode":true,"campfire_choices":[],"circlet_count":0,"master_deck":["AscendersBane","Strike_B","Strike_B","Strike_B","Strike_B","Defend_B","Defend_B","Defend_B","Defend_B","Zap","Dualcast","Melter","Sunder"],"relics":["Cracked Core","NeowsBlessing","MawBank"],"acts_visited":["Exordium"],"potions_floor_usage":[],"damage_taken":[{"damage":0,"enemies":"Cultist","floor":1,"turns":1},{"damage":0,"enemies":"Small Slimes","floor":3,"turns":1},{"damage":0,"enemies":"2 Louse","floor":5,"turns":1},{"damage":52,"enemies":"3 Sentries","floor":6,"turns":7}],"seed_played":"968047106240537830","potions_obtained":[{"floor":6,"key":"SpeedPotion"}],"is_trial":false,"path_per_floor":["M","?","M","?","M","E"],"character_chosen":"DEFECT","items_purchased":[],"campfire_rested":0,"item_purchase_floors":[],"current_hp_per_floor":[64,53,53,53,53,1,1],"gold":355,"neow_bonus":"THREE_ENEMY_KILL","is_daily":false,"chose_seed":false,"campfire_upgraded":0,"win_rate":0.0,"timestamp":1609672822,"path_taken":["M","?","M","?","?","E"],"items_purchased_type":[],"build_version":"2020-12-22","purchased_purges":0,"victory":false,"max_hp_per_floor":[71,71,71,71,71,71,71],"relic_stats":{"counters":[4,10],"MawBank":0,"obtain_stats":[{"NeowsBlessing":0,"Cracked Core":0,"MawBank":6},{"NeowsBlessing":0,"Cracked Core":0,"MawBank":4},{"NeowsBlessing":0,"Cracked Core":0,"MawBank":10}]},"card_choices":[{"not_picked":["Coolheaded","Barrage"],"picked":"Melter","floor":1},{"not_picked":["Recycle","Auto Shields","Fusion"],"picked":"SKIP","floor":3},{"not_picked":["Leap","Reprogram"],"picked":"Sunder","floor":5},{"not_picked":["Blizzard","Steam","Double Energy"],"picked":"SKIP","floor":6}],"player_experience":1161875,"relics_obtained":[{"floor":6,"key":"MawBank"}],"event_choices":[{"damage_healed":0,"gold_gain":75,"player_choice":"Gather Gold","damage_taken":11,"max_hp_gain":0,"max_hp_loss":0,"event_name":"World of Goop","floor":2,"gold_loss":0},{"damage_healed":0,"gold_gain":100,"player_choice":"Gold","damage_taken":0,"max_hp_gain":0,"max_hp_loss":0,"event_name":"Wheel of Change","floor":4,"gold_loss":0}],"is_beta":false,"boss_relics":[],"items_purged_floors":[],"is_endless":false,"potions_floor_spawned":[6],"killed_by":"3 Sentries","ascension_level":20}}