{"host":"appz8zkad29u9482","time":1609640702,"event":{"mods":["2.2 Compatiblity","Act Like it!","Aspiration","BaseMod","Beaked The Cultist","Better Altar","Better Match","Better Note","Better Skull","Better Third Choice","BetterRewards","CapriCore","Conspire","Disable Question Mark Monsters","Energized Spire","Gensokyo","GifTheSpireLib","Gold Saver","Halation","Hermit","Hubris","Infinite Spire","Jedi Mod","Jorbs\u0027s Wanderer Trilogy","Koishi","Marisa????????","Minty Spire (QoL Compilation)","Permanent Neow","Reimu??????","Replay The Spire","Spicy Shops","StSLib","Strawberry Spire","Stuff the Spire","The Administrix","The Cursed","The Hierophant","The Immortal","The Marked","The Servant 0.9.4","yUi"],"gold_per_floor":[214,214,232,242,342,376,376,116,140,150,150,179,192,227,227,227,227],"floor_reached":16,"playtime":1000,"items_purged":[],"score":170,"play_id":"d199ded9-7972-441d-9a2c-087f31626509","local_time":"20210102162502","is_ascension_mode":false,"campfire_choices":[{"data":"beaked:BloodRitual","floor":7.0,"key":"SMITH"},{"data":"beaked:Insight","floor":11.0,"key":"SMITH"},{"floor":15.0,"key":"REST"}],"circlet_count":0,"master_deck":["beaked:Strike_Y","beaked:Strike_Y","beaked:Strike_Y","beaked:Strike_Y","beaked:Strike_Y","beaked:Defend_Y","beaked:Defend_Y","beaked:Defend_Y","beaked:Ceremony","beaked:Ceremony","beaked:Ceremony","beaked:WildInstinct","beaked:Insight+1","beaked:BloodRitual+1","beaked:HuntressSpirit","beaked:Brace","beaked:RitualOfBody+1","ReplayTheSpireMod:Owlgaze+1","beaked:Hexing","beaked:MachineSpirit","beaked:Struggle","hubris:DuctTapeCard"],"relics":["beaked:MendingPlumage","hubris:EvacipatedBox","HandDrill","jedi:heavyjacket","strawberrySpire:GlyphStone","halation:Jellyphish","StuffTheSpire:Experiment12","hubris:DisguiseKit","Gremlin Food","hubris:DuctTape"],"acts_visited":["Exordium"],"potions_floor_usage":[],"damage_taken":[{"damage":5.0,"enemies":"Cultist","floor":1.0,"turns":4.0},{"damage":5.0,"enemies":"Jaw Worm","floor":3.0,"turns":4.0},{"damage":9.0,"enemies":"2 Louse","floor":4.0,"turns":4.0},{"damage":36.0,"enemies":"Lagavulin","floor":6.0,"turns":6.0},{"damage":7.0,"enemies":"Gremlin Gang","floor":10.0,"turns":4.0},{"damage":13.0,"enemies":"3 Sentries","floor":12.0,"turns":4.0},{"damage":16.0,"enemies":"Red Slaver","floor":13.0,"turns":5.0},{"damage":21.0,"enemies":"Gremlin Nob","floor":14.0,"turns":5.0},{"damage":0,"enemies":"The Guardian","floor":16,"turns":1}],"seed_played":"-2983574541632843901","potions_obtained":[{"floor":1.0,"key":"Dexterity Potion"},{"floor":3.0,"key":"Block Potion"},{"floor":10.0,"key":"Weak Potion"},{"floor":14.0,"key":"Strength Potion"}],"is_trial":false,"path_per_floor":["M","$","M","M","?","E","R","$","T","M","R","E","M","E","R","B"],"character_chosen":"BEAKED_THE_CULTIST","items_purchased":["beaked:Insight","hubris:EvacipatedBox","HandDrill","strawberrySpire:GlyphStone","halation:Jellyphish","beaked:Hexing"],"campfire_rested":1,"item_purchase_floors":[0,2,2,8,8,8],"current_hp_per_floor":[49,20,30,34,34,15,15,15,15,21,21,15,19,10,25,25,25],"gold":227,"neow_bonus":"","is_daily":false,"chose_seed":false,"campfire_upgraded":2,"win_rate":0.0,"timestamp":1609640702,"path_taken":["M","?","M","?","?","E","R","$","T","M","R","E","?","E","R","BOSS"],"items_purchased_type":["Card","Relic","Relic","Relic","Relic","Card"],"build_version":"2020-12-22","purchased_purges":0,"victory":false,"max_hp_per_floor":[50,50,50,50,50,50,50,50,50,50,50,50,50,50,50,50,50],"card_choices":[{"not_picked":["beaked:Redirect","beaked:SurvivalInstinct"],"picked":"ReplayTheSpireMod:Prepare the Ceremony","floor":1.0},{"not_picked":["beaked:MimicHuntress","beaked:DesperateSwing"],"picked":"beaked:BloodRitual","floor":3.0},{"not_picked":["beaked:Tweet","beaked:Molting"],"picked":"beaked:HuntressSpirit","floor":4.0},{"not_picked":["beaked:DigDeeper","beaked:TuckingFeathers"],"picked":"beaked:Brace","floor":6.0},{"not_picked":["beaked:RuinSticks","beaked:Pecker"],"picked":"beaked:MachineSpirit","floor":10.0},{"not_picked":["beaked:Hexing","beaked:DigDeep","beaked:FeelMyPain"],"picked":"SKIP","floor":12.0},{"not_picked":["beaked:FullHouse","beaked:SurvivalInstinct","Static Discharge"],"picked":"beaked:Recite","floor":13.0},{"not_picked":["beaked:MimicWarrior","beaked:SacrificialAttack","StuffTheSpire:Coldhearted"],"picked":"beaked:Struggle","floor":14.0}],"player_experience":425870,"relics_obtained":[{"floor":6.0,"key":"jedi:heavyjacket"},{"floor":9.0,"key":"StuffTheSpire:Experiment12"},{"floor":12.0,"key":"hubris:DisguiseKit"},{"floor":14.0,"key":"Gremlin Food"}],"event_choices":[{"damage_healed":0.0,"max_hp_gain":0.0,"max_hp_loss":0.0,"gold_gain":100.0,"event_name":"Golden Shrine","player_choice":"Pray","floor":5.0,"gold_loss":0.0,"damage_taken":0.0}],"is_beta":false,"boss_relics":[],"items_purged_floors":[],"is_endless":false,"potions_floor_spawned":[1,3,10,14],"killed_by":"The Guardian","ascension_level":0}}