{"host":"9l4mw5jqza9qz9hr","time":1609650910,"event":{"mods":["AchievementEnabler","Always Whale","BaseMod","Colored Map","Minty Spire (QoL Compilation)","StSLib","SuperFastMode"],"gold_per_floor":[115,115,28,45,59,93,106,137,137,137,137,156,156,166,166,262,312,327,28,28,41,41,68,42,75,75,109,109,109,109,109],"floor_reached":30,"playtime":976,"items_purged":["Strike_G"],"score":454,"play_id":"3e0439ed-b055-4564-adaf-b28bc8943ee8","local_time":"20210103141510","is_ascension_mode":true,"campfire_choices":[{"floor":11.0,"key":"REST"},{"data":"Blade Dance","floor":13.0,"key":"SMITH"},{"data":"Terror","floor":15.0,"key":"SMITH"}],"circlet_count":0,"master_deck":["Strike_G+1","Strike_G+1","Strike_G+1","Strike_G+1","Defend_G+1","Defend_G+1","Defend_G+1","Defend_G+1","Defend_G+1","Survivor","Neutralize","Deadly Poison+1","Blade Dance+1","Backstab","Catalyst","Accuracy+1","Footwork","Terror+1","Blade Dance","Backflip","Cloak And Dagger","Burst","Escape Plan","Tactician","Reflex","Writhe","PiercingWail","Dagger Throw+1","Wraith Form v2"],"relics":["Ring of the Snake","NeowsBlessing","FaceOfCleric","Anchor","Bottled Lightning","Meat on the Bone","Tiny House","PrismaticShard","Pantograph","Juzu Bracelet","Smiling Mask","Blue Candle","Lantern","Snake Skull"],"acts_visited":["Exordium","TheCity"],"potions_floor_usage":[21,23,25,27],"damage_taken":[{"damage":0.0,"enemies":"Small Slimes","floor":1.0,"turns":1.0},{"damage":0.0,"enemies":"Cultist","floor":4.0,"turns":1.0},{"damage":0.0,"enemies":"2 Louse","floor":5.0,"turns":1.0},{"damage":24.0,"enemies":"3 Sentries","floor":6.0,"turns":8.0},{"damage":2.0,"enemies":"Exordium Wildlife","floor":7.0,"turns":4.0},{"damage":32.0,"enemies":"Gremlin Nob","floor":8.0,"turns":4.0},{"damage":0.0,"enemies":"Blue Slaver","floor":12.0,"turns":1.0},{"damage":0.0,"enemies":"Gremlin Gang","floor":14.0,"turns":3.0},{"damage":36.0,"enemies":"Slime Boss","floor":16.0,"turns":11.0},{"damage":17.0,"enemies":"3 Byrds","floor":18.0,"turns":4.0},{"damage":0,"enemies":"Chosen","floor":21,"turns":4},{"damage":26,"enemies":"Gremlin Leader","floor":23,"turns":9},{"damage":35,"enemies":"Book of Stabbing","floor":25,"turns":6},{"damage":10,"enemies":"Gremlin Leader","floor":27,"turns":8},{"damage":35,"enemies":"Book of Stabbing","floor":30,"turns":4}],"seed_played":"6812669226517331241","potions_obtained":[{"floor":4.0,"key":"BlessingOfTheForge"},{"floor":7.0,"key":"ColorlessPotion"},{"floor":8.0,"key":"EntropicBrew"},{"floor":12.0,"key":"LiquidBronze"},{"floor":17.0,"key":"Fire Potion"},{"floor":18.0,"key":"FairyPotion"},{"floor":23,"key":"CunningPotion"},{"floor":25,"key":"SkillPotion"}],"is_trial":false,"path_per_floor":["M","?","$","M","M","E","M","E","T","?","R","M","R","M","R","B",null,"M","$","?","M","?","E","$","E","T","E","T","?","E"],"character_chosen":"THE_SILENT","items_purchased":["Blade Dance","Backstab","Reflex","PrismaticShard","PiercingWail"],"campfire_rested":1,"item_purchase_floors":[3,3,19,19,24],"current_hp_per_floor":[63,63,63,64,65,42,41,10,10,10,32,45,45,46,46,23,69,53,53,53,54,54,41,41,19,19,22,22,5,0,0],"gold":109,"neow_bonus":"THREE_ENEMY_KILL","is_daily":false,"chose_seed":false,"campfire_upgraded":2,"win_rate":0.0,"timestamp":1609650910,"path_taken":["M","?","?","M","?","E","M","E","T","?","R","M","R","M","R","BOSS","M","$","?","M","?","E","?","E","T","E","?","?","E"],"items_purchased_type":["Card","Card","Card","Relic","Card"],"build_version":"2020-12-22","purchased_purges":1,"victory":false,"max_hp_per_floor":[70,70,70,71,72,73,74,75,75,75,75,76,76,77,77,78,83,84,84,84,85,85,86,86,87,87,88,88,93,93,93],"card_choices":[{"not_picked":["Dagger Throw","Quick Slash"],"picked":"Deadly Poison","floor":1.0},{"not_picked":["Quick Slash","Acrobatics"],"picked":"Catalyst","floor":4.0},{"not_picked":["Sucker Punch","Eviscerate"],"picked":"Accuracy","floor":5.0},{"not_picked":["Underhanded Strike","Slice"],"picked":"Footwork","floor":6.0},{"not_picked":["Bane","Grand Finale"],"picked":"Terror","floor":7.0},{"not_picked":["Slice","Backstab"],"picked":"Blade Dance","floor":8.0},{"not_picked":["Sucker Punch","Flechettes"],"picked":"Backflip","floor":12.0},{"not_picked":["Acrobatics","Underhanded Strike"],"picked":"Cloak And Dagger","floor":14.0},{"not_picked":["Doppelganger","Bullet Time"],"picked":"Burst","floor":16.0},{"not_picked":["Predator","Bane"],"picked":"Escape Plan","floor":17.0},{"not_picked":["Quick Slash+1","Dagger Throw+1"],"picked":"Tactician","floor":18.0},{"not_picked":["LikeWater","DeceiveReality","Beam Cell"],"picked":"SKIP","floor":21},{"not_picked":["Streamline","Wireheading+1","SandsOfTime+1"],"picked":"SKIP","floor":23},{"not_picked":["Conclude","Blind"],"picked":"Dagger Throw+1","floor":25},{"not_picked":["Go for the Eyes","Biased Cognition"],"picked":"Wraith Form v2","floor":27}],"player_experience":136620,"relics_obtained":[{"floor":6.0,"key":"Anchor"},{"floor":8.0,"key":"Bottled Lightning"},{"floor":9.0,"key":"Meat on the Bone"},{"floor":23,"key":"Juzu Bracelet"},{"floor":25,"key":"Smiling Mask"},{"floor":26,"key":"Blue Candle"},{"floor":27,"key":"Lantern"},{"floor":28,"key":"Snake Skull"}],"event_choices":[{"damage_healed":0.0,"max_hp_gain":0.0,"max_hp_loss":0.0,"gold_gain":0.0,"event_name":"FaceTrader","player_choice":"Trade","floor":2.0,"gold_loss":0.0,"damage_taken":0.0,"relics_obtained":["FaceOfCleric"]},{"damage_healed":0.0,"max_hp_gain":0.0,"max_hp_loss":0.0,"gold_gain":0.0,"event_name":"Accursed Blacksmith","player_choice":"Forge","floor":10.0,"gold_loss":0.0,"damage_taken":0.0,"cards_upgraded":["Accuracy"]},{"damage_healed":0,"gold_gain":0,"player_choice":"Opened","damage_taken":0,"relics_obtained":["Pantograph"],"max_hp_gain":0,"max_hp_loss":0,"event_name":"The Mausoleum","floor":20,"gold_loss":0,"cards_obtained":["Writhe"]},{"damage_healed":0,"gold_gain":0,"player_choice":"Simplicity","damage_taken":0,"max_hp_gain":0,"max_hp_loss":0,"event_name":"Back to Basics","floor":22,"gold_loss":0,"cards_upgraded":["Strike_G","Strike_G","Strike_G","Strike_G","Defend_G","Defend_G","Defend_G","Defend_G","Defend_G"]},{"damage_healed":0,"gold_gain":0,"player_choice":"Shed Blood","damage_taken":22,"max_hp_gain":5,"max_hp_loss":0,"event_name":"Forgotten Altar","floor":29,"gold_loss":0}],"is_beta":false,"boss_relics":[{"not_picked":["Snecko Eye","Fusion Hammer"],"picked":"Tiny House"}],"items_purged_floors":[19],"is_endless":false,"potions_floor_spawned":[4,7,8,12,18,23,25],"killed_by":"Book of Stabbing","ascension_level":9}}