{"host":"ixqzyafodex1tsi5","time":1609672985,"event":{"mods":["ATMod(°¢èªMod)","AchievementEnabler","Act Like it!","BaseMod","Gensokyo","GifTheSpireLib","Lobotomy","LobotomyExtend","Luminous","Minty Spire (QoL Compilation)","Relic Stats","Replay The Spire","RumiaBox-Â¶Ã×æ«µÄÉñÃØºÐ×Ó","Shop Mod","Spicy Shops","StSLib","The Cursed","[IsaacMod]ÒÔÈö¼âËþ","¡¾¹¦ÄÜMod¡¿»ìãçÖ®»·ÐÞ¸´²¹¶¡","¡¾ÒÅÎï¿¨ÅÆ¡¿REMEMod"],"gold_per_floor":[119,139,139,155,255,290,290,301,378,378,398,398,398,23,23,146,146,162,102,102,102,102,102,119,131,131],"floor_reached":25,"playtime":1066,"items_purged":["Voices"],"score":361,"play_id":"a84c6051-6af0-473e-8229-4e517792b404","local_time":"20210103192305","is_ascension_mode":true,"campfire_choices":[{"data":"AT_DarkMatter","floor":7.0,"key":"SMITH"},{"data":"AT_WindFlip","floor":10.0,"key":"SMITH"},{"floor":15.0,"key":"REST"},{"data":"REME_CopyPotion","floor":23,"key":"SMITH"}],"circlet_count":0,"master_deck":["Strike_G","Strike_G","Strike_G","Strike_G+1","Defend_G+1","Defend_G+1","Defend_G+1","Defend_G","Defend_G","Survivor+1","Underhanded Strike+1","AT_WindFlip+1","Funeral","Escape Plan","Doubt","DespairKnight","Setup+1","RedShoes","Cloak And Dagger","Endless Agony","Parasite"],"relics":["Ring of the Snake","REME_ComplimentaryCards","HushsDoor","AT_ATBox","GuppysTail","CogitoBucket","LetterFromLob","Ring of Peace","ReplayTheSpireMod:Ring of Collecting","FossilizedHelix","Ring of Misfortune","Blue Candle","LuminousBracelet","Bloody Idol","AT_SilvercatRing","AT_BellDemon","StoneCalendar","Coffee Dripper","GuppysCollar","Damocles","Nunchaku","Replay:Bottled Flurry","Calipers","Regal Pillow","ReplayTheSpireMod:TigerMarble","MawBank","War Paint","ShedSkin_r"],"acts_visited":["Exordium","TheCity"],"potions_floor_usage":[16],"damage_taken":[{"damage":0.0,"enemies":"Cultist","floor":1.0,"turns":2.0},{"damage":1.0,"enemies":"Small Slimes","floor":2.0,"turns":4.0},{"damage":0.0,"enemies":"Jaw Worm","floor":4.0,"turns":6.0},{"damage":25.0,"enemies":"Replay:BlueRogue","floor":6.0,"turns":6.0},{"damage":0.0,"enemies":"Red Slaver","floor":8.0,"turns":3.0},{"damage":20.0,"enemies":"Gremlin Gang","floor":11.0,"turns":5.0},{"damage":0,"enemies":"Slime Boss","floor":16,"turns":7},{"damage":0,"enemies":"3 Byrds","floor":18,"turns":5},{"damage":16,"enemies":"2 Thieves","floor":19,"turns":4},{"damage":0,"enemies":"Cultist and Chosen","floor":24,"turns":5},{"damage":55,"enemies":"Book of Stabbing","floor":25,"turns":4}],"seed_played":"6748757651470520967","potions_obtained":[{"floor":8.0,"key":"CultistPotion"},{"floor":11.0,"key":"Doom Potion"}],"is_trial":false,"path_per_floor":["M","M","?","M","?","E","R","M","T","R","M","?","?","$","R","B",null,"M","M","?","?","$","R","M","E"],"character_chosen":"THE_SILENT","items_purchased":["AT_SilvercatRing","AT_BellDemon","GuppysCollar","Damocles"],"campfire_rested":1,"item_purchase_floors":[14,14,17,17],"current_hp_per_floor":[70,69,69,69,69,44,44,44,44,44,40,40,24,24,47,49,46,46,21,6,6,6,6,12,0,0],"gold":131,"neow_bonus":"","is_daily":false,"chose_seed":false,"campfire_upgraded":3,"win_rate":0.0,"timestamp":1609672985,"path_taken":["M","M","?","M","?","E","R","?","T","R","M","?","?","?","R","BOSS","M","M","?","?","?","R","M","E"],"items_purchased_type":["Relic","Relic","Relic","Relic"],"build_version":"2020-12-22","purchased_purges":1,"victory":false,"max_hp_per_floor":[70,70,70,70,70,70,70,70,70,70,85,79,79,79,79,69,46,46,36,36,36,36,36,36,36,36],"relic_stats":{"Nunchaku":[2],"Regal Pillow":0,"counters":[12,52],"Blue Candle":[1],"Bloody Idol":10,"StoneCalendar":[0],"War Paint":["Defend_G","Defend_G"],"MawBank":12,"obtain_stats":[{"AT_BellDemon":14,"GuppysTail":0,"Damocles":17,"Regal Pillow":19,"AT_ATBox":0,"Calipers":19,"LuminousBracelet":11,"StoneCalendar":16,"CogitoBucket":0,"Nunchaku":18,"Ring of Peace":3,"Replay:Bottled Flurry":18,"Ring of the Snake":0,"KeepersGift":0,"Golden Idol":12,"Blue Candle":9,"AT_SilvercatRing":14,"War Paint":24,"MawBank":24,"ReplayTheSpireMod:Ring of Collecting":3,"Ring of Misfortune":9,"Bloody Idol":21,"LetterFromLob":1,"Coffee Dripper":17,"ReplayTheSpireMod:TigerMarble":20,"HushsDoor":0,"FossilizedHelix":6,"GuppysCollar":17,"ShedSkin_r":25,"REME_ComplimentaryCards":0},{"AT_BellDemon":7,"GuppysTail":0,"Damocles":8,"Regal Pillow":10,"AT_ATBox":0,"Calipers":10,"LuminousBracelet":7,"StoneCalendar":8,"CogitoBucket":0,"Nunchaku":9,"Ring of Peace":2,"Replay:Bottled Flurry":9,"Ring of the Snake":0,"KeepersGift":0,"Golden Idol":7,"Blue Candle":5,"AT_SilvercatRing":7,"War Paint":11,"MawBank":11,"ReplayTheSpireMod:Ring of Collecting":2,"Ring of Misfortune":5,"Bloody Idol":10,"LetterFromLob":1,"Coffee Dripper":8,"ReplayTheSpireMod:TigerMarble":10,"HushsDoor":0,"FossilizedHelix":4,"GuppysCollar":8,"ShedSkin_r":11,"REME_ComplimentaryCards":0},{"AT_BellDemon":27,"GuppysTail":0,"Damocles":34,"Regal Pillow":43,"AT_ATBox":0,"Calipers":43,"LuminousBracelet":27,"StoneCalendar":34,"CogitoBucket":0,"Nunchaku":39,"Ring of Peace":6,"Replay:Bottled Flurry":39,"Ring of the Snake":0,"KeepersGift":0,"Golden Idol":27,"Blue Candle":21,"AT_SilvercatRing":27,"War Paint":48,"MawBank":48,"ReplayTheSpireMod:Ring of Collecting":6,"Ring of Misfortune":21,"Bloody Idol":43,"LetterFromLob":2,"Coffee Dripper":34,"ReplayTheSpireMod:TigerMarble":43,"HushsDoor":0,"FossilizedHelix":18,"GuppysCollar":34,"ShedSkin_r":48,"REME_ComplimentaryCards":0}],"Ring of the Snake":[24]},"card_choices":[{"not_picked":[],"picked":"ChaosCard","floor":0.0},{"not_picked":["PunishingBird","BeautyBeast","MeatLantern"],"picked":"Singing Bowl","floor":1.0},{"not_picked":["Choke","Skewer","AT_KneejerkReflex"],"picked":"SKIP","floor":1.0},{"not_picked":["Scorched","Porccubus","UniverseFragment"],"picked":"Singing Bowl","floor":2.0},{"not_picked":["Eviscerate","AT_WindRun","ReplayTheSpireMod:From All Sides"],"picked":"SKIP","floor":2.0},{"not_picked":["CherryBlossoms","CrumblingArmor","MHz"],"picked":"Singing Bowl","floor":4.0},{"not_picked":["LittlePrince","Wellcheers"],"picked":"CrumblingArmor","floor":4.0},{"not_picked":["Deadly Poison","PiercingWail"],"picked":"Underhanded Strike","floor":4.0},{"not_picked":["Freischutz","HappyTeddy","FairyFestival"],"picked":"Singing Bowl","floor":6.0},{"not_picked":["Heel Hook","Poisoned Stab"],"picked":"AT_WindFlip","floor":6.0},{"not_picked":["OldLady","Variant"],"picked":"Funeral","floor":8.0},{"not_picked":["Leg Sweep","Predator","REME_GreenPollution"],"picked":"SKIP","floor":8.0},{"not_picked":["OSAHOGD","Alriune"],"picked":"CrumblingArmor","floor":11.0},{"not_picked":["AT_WindFlip","Dodge and Roll"],"picked":"Escape Plan","floor":11.0},{"not_picked":["WallGazer","HeroicMonk","Scorched"],"picked":"Singing Bowl","floor":16},{"not_picked":["Scarecrow","ShyLook"],"picked":"DespairKnight","floor":16},{"not_picked":["Burst","ReplayTheSpireMod:Necrosis"],"picked":"REME_CopyPotion","floor":16},{"not_picked":["QueenOfHatred","UniverseFragment","CherryBlossoms"],"picked":"Singing Bowl","floor":18},{"not_picked":["Escape Plan","REME_ShadowStrike"],"picked":"Setup","floor":18},{"not_picked":["HappyTeddy","Wellcheers"],"picked":"RedShoes","floor":19},{"not_picked":["REME_ShadowStrike","Acrobatics+1","Cloak And Dagger"],"picked":"SKIP","floor":19},{"not_picked":["REME_ShadowStrike","Acrobatics+1"],"picked":"Cloak And Dagger","floor":19},{"not_picked":["Bloodbath","ShyLook","LittleHelper"],"picked":"Singing Bowl","floor":24},{"not_picked":["Sucker Punch","Prepared"],"picked":"Endless Agony","floor":24}],"player_experience":213053,"relics_obtained":[{"floor":1.0,"key":"LetterFromLob"},{"floor":3.0,"key":"Ring of Peace"},{"floor":3.0,"key":"ReplayTheSpireMod:Ring of Collecting"},{"floor":6.0,"key":"FossilizedHelix"},{"floor":9.0,"key":"Ring of Misfortune"},{"floor":9.0,"key":"Blue Candle"},{"floor":16,"key":"StoneCalendar"},{"floor":18,"key":"Nunchaku"},{"floor":18,"key":"Replay:Bottled Flurry"},{"floor":19,"key":"Calipers"},{"floor":19,"key":"Regal Pillow"},{"floor":24,"key":"MawBank"},{"floor":24,"key":"War Paint"}],"event_choices":[{"damage_healed":0.0,"max_hp_gain":0.0,"max_hp_loss":0.0,"gold_gain":100.0,"event_name":"Wheel of Change","player_choice":"Gold","floor":5.0,"gold_loss":0.0,"damage_taken":0.0},{"damage_healed":0.0,"max_hp_gain":0.0,"max_hp_loss":6.0,"gold_gain":0.0,"event_name":"Golden Idol","player_choice":"Lose Max HP","floor":12.0,"gold_loss":0.0,"damage_taken":0.0,"relics_obtained":["Golden Idol"]},{"damage_healed":0.0,"max_hp_gain":0.0,"max_hp_loss":0.0,"gold_gain":0.0,"event_name":"Shining Light","player_choice":"Entered Light","floor":13.0,"gold_loss":0.0,"damage_taken":16.0,"cards_upgraded":["Survivor","Defend_G"]},{"damage_healed":0,"gold_gain":0,"player_choice":"Gave Idol","damage_taken":0,"relics_obtained":["Bloody Idol"],"max_hp_gain":0,"max_hp_loss":0,"event_name":"Forgotten Altar","floor":21,"relics_lost":["Golden Idol"],"gold_loss":0}],"is_beta":false,"boss_relics":[{"not_picked":["SacredBark","Runic Pyramid"],"picked":"Coffee Dripper"},{"not_picked":[]}],"items_purged_floors":[14],"is_endless":false,"potions_floor_spawned":[8,11],"killed_by":"Book of Stabbing","ascension_level":5}}