{"host":"p1xsuo25udtrkbq2","time":1609670515,"event":{"mods":["BaseMod","Colored Map","Minty Spire (QoL Compilation)","Rare Cards Sparkle","Relic Stats","Slay the Relics Exporter","StSLib","everything is the same but u backflip on backflip"],"gold_per_floor":[115,115,38,38,12,12,51,5,5,41,8,48,223,237,237,333,333,352,365,365,123,137,137,170,190,214,214,139,139,22,46,46,135,198,219,240,240,240,10,43,57,110,133,168,182,182,223,246,246,246,246,246,49,87,87,87],"floor_reached":55,"playtime":9897,"items_purged":["Accuracy"],"score":1552,"play_id":"848a0c1e-c36b-4b59-8bbf-e68b87719a86","local_time":"20210103054155","is_ascension_mode":true,"campfire_choices":[{"data":"Noxious Fumes","floor":6.0,"key":"SMITH"},{"floor":15.0,"key":"REST"},{"data":"Well Laid Plans","floor":23.0,"key":"SMITH"},{"data":"Night Terror","floor":27.0,"key":"SMITH"},{"data":"Crippling Poison","floor":29.0,"key":"SMITH"},{"floor":32.0,"key":"REST"},{"data":"Crippling Poison","floor":46.0,"key":"SMITH"},{"floor":49.0,"key":"RECALL"},{"data":"Footwork","floor":52.0,"key":"SMITH"}],"circlet_count":0,"master_deck":["AscendersBane","Defend_G+1","Defend_G","Defend_G","Defend_G","Defend_G","Survivor","Neutralize","Noxious Fumes+1","Dagger Throw","Tools of the Trade","Deflect","Crippling Poison+1","Footwork","Infinite Blades","Night Terror+1","Cloak And Dagger","Footwork+1","Bite","Bite","Bite","Bite","Well Laid Plans+1","Swift Strike","Terror","Blade Dance","Footwork","Backstab","Phantasmal Killer","Dodge and Roll+1","Acrobatics","Transmutation","Dark Shackles","Noxious Fumes","Backflip","Crippling Poison+1","Night Terror","Flechettes","Catalyst"],"relics":["Ring of the Snake","NeowsBlessing","Golden Idol","Mummified Hand","InkBottle","Omamori","Anchor","Philosopher\u0027s Stone","Orichalcum","Snake Skull","Tiny House","TungstenRod","Thread and Needle","Prayer Wheel","Bag of Preparation","Lantern"],"acts_visited":["Exordium","TheCity","TheBeyond","TheEnding"],"potions_floor_usage":[],"damage_taken":[{"damage":0.0,"enemies":"2 Louse","floor":1.0,"turns":1.0},{"damage":0.0,"enemies":"Gremlin Nob","floor":7.0,"turns":1.0},{"damage":0.0,"enemies":"Lagavulin","floor":10.0,"turns":1.0},{"damage":26.0,"enemies":"Gremlin Nob","floor":12.0,"turns":5.0},{"damage":5.0,"enemies":"Small Slimes","floor":14.0,"turns":3.0},{"damage":29.0,"enemies":"The Guardian","floor":16.0,"turns":11.0},{"damage":13.0,"enemies":"Spheric Guardian","floor":18.0,"turns":5.0},{"damage":17.0,"enemies":"3 Byrds","floor":19.0,"turns":5.0},{"damage":9.0,"enemies":"Centurion and Healer","floor":22.0,"turns":7.0},{"damage":1.0,"enemies":"Book of Stabbing","floor":24.0,"turns":6.0},{"damage":20.0,"enemies":"Shelled Parasite and Fungi","floor":25.0,"turns":7.0},{"damage":19.0,"enemies":"Snecko","floor":31.0,"turns":5.0},{"damage":24.0,"enemies":"Champ","floor":33.0,"turns":11.0},{"damage":11.0,"enemies":"3 Darklings","floor":35.0,"turns":4.0},{"damage":0.0,"enemies":"3 Shapes","floor":36.0,"turns":5.0},{"damage":10.0,"enemies":"Nemesis","floor":40.0,"turns":9.0},{"damage":4.0,"enemies":"Transient","floor":41.0,"turns":5.0},{"damage":0.0,"enemies":"Giant Head","floor":42.0,"turns":10.0},{"damage":3.0,"enemies":"Nemesis","floor":44.0,"turns":9.0},{"damage":11.0,"enemies":"Maw","floor":45.0,"turns":8.0},{"damage":0.0,"enemies":"Reptomancer","floor":47.0,"turns":6.0},{"damage":6.0,"enemies":"3 Darklings","floor":48.0,"turns":5.0},{"damage":61.0,"enemies":"Awakened One","floor":50.0,"turns":16.0},{"damage":14.0,"enemies":"Shield and Spear","floor":54.0,"turns":6.0},{"damage":40,"enemies":"The Heart","floor":55,"turns":2}],"seed_played":"2857658311066071658","potions_obtained":[{"floor":10.0,"key":"Poison Potion"},{"floor":18.0,"key":"EssenceOfSteel"},{"floor":25.0,"key":"DuplicationPotion"},{"floor":33.0,"key":"GamblersBrew"},{"floor":34.0,"key":"CunningPotion"},{"floor":35.0,"key":"EntropicBrew"},{"floor":40.0,"key":"Explosive Potion"},{"floor":41.0,"key":"SteroidPotion"},{"floor":47.0,"key":"CultistPotion"},{"floor":54.0,"key":"Strength Potion"}],"is_trial":false,"path_per_floor":["M","?","$","?","$","R","E","$","T","E","$","E","?","M","R","B",null,"M","M","?","$","M","R","E","M","T","R","?","R","$","M","R","B",null,"M","M","?","?","$","E","M","E","T","E","M","R","E","M","R","B",null,"R","$","E","B"],"character_chosen":"THE_SILENT","items_purchased":["Noxious Fumes","Dagger Throw","Deflect","Footwork","Well Laid Plans","Swift Strike","Regen Potion","Footwork","Poison Potion","Dark Shackles","Noxious Fumes","Flechettes","Block Potion","DistilledChaos"],"campfire_rested":2,"item_purchase_floors":[3,5,8,11,21,21,21,30,30,39,39,53,53,53],"current_hp_per_floor":[59,52,52,52,52,52,52,52,52,52,52,26,26,21,39,10,48,35,18,18,18,38,38,42,30,30,30,30,30,30,27,39,38,46,41,45,45,35,35,35,43,47,47,47,46,46,47,47,47,3,36,36,36,34,0,0],"gold":87,"neow_bonus":"THREE_ENEMY_KILL","is_daily":false,"chose_seed":false,"campfire_upgraded":6,"win_rate":0.0,"timestamp":1609670515,"path_taken":["M","?","$","?","?","R","E","$","T","E","?","E","?","M","R","BOSS","M","M","?","$","M","R","E","M","T","R","?","R","$","M","R","BOSS","M","M","?","?","$","E","M","E","T","E","M","R","E","M","R","BOSS","R","$","E","BOSS"],"items_purchased_type":["Card","Card","Card","Card","Card","Card","Potion","Card","Potion","Card","Card","Card","Potion","Potion"],"build_version":"2020-12-22","purchased_purges":1,"victory":false,"max_hp_per_floor":[66,66,66,61,61,61,61,61,61,61,61,61,61,61,61,61,61,61,61,42,42,42,42,42,42,42,42,42,42,42,42,42,42,47,47,47,47,47,47,47,47,47,47,47,47,47,47,47,47,47,47,47,47,47,47,47],"relic_stats":{"counters":[25,153],"Golden Idol":177,"Mummified Hand":[164],"Prayer Wheel":2,"Snake Skull":[107],"Bag of Preparation":[8],"Orichalcum":[48],"obtain_stats":[{"Lantern":54,"Tiny House":34,"NeowsBlessing":0,"Golden Idol":4,"Thread and Needle":42,"Snake Skull":26,"Omamori":10,"Bag of Preparation":47,"Orichalcum":24,"Anchor":12,"Mummified Hand":7,"Philosopher\u0027s Stone":17,"Prayer Wheel":44,"InkBottle":9,"TungstenRod":40,"Ring of the Snake":0},{"Lantern":24,"Tiny House":13,"NeowsBlessing":0,"Golden Idol":1,"Thread and Needle":18,"Snake Skull":11,"Omamori":3,"Bag of Preparation":21,"Orichalcum":10,"Anchor":4,"Mummified Hand":2,"Philosopher\u0027s Stone":6,"Prayer Wheel":19,"InkBottle":2,"TungstenRod":16,"Ring of the Snake":0},{"Lantern":151,"Tiny House":68,"NeowsBlessing":0,"Golden Idol":1,"Thread and Needle":101,"Snake Skull":52,"Omamori":3,"Bag of Preparation":124,"Orichalcum":45,"Anchor":8,"Mummified Hand":2,"Philosopher\u0027s Stone":22,"Prayer Wheel":110,"InkBottle":2,"TungstenRod":86,"Ring of the Snake":0}],"InkBottle":[92],"TungstenRod":31,"Ring of the Snake":[50]},"card_choices":[{"not_picked":["Dodge and Roll","Outmaneuver"],"picked":"Sucker Punch","floor":1.0},{"not_picked":["Deadly Poison","Sucker Punch"],"picked":"Tools of the Trade","floor":7.0},{"not_picked":["Tactician","Blade Dance"],"picked":"Crippling Poison","floor":10.0},{"not_picked":["Quick Slash","Acrobatics"],"picked":"Infinite Blades","floor":12.0},{"not_picked":["Bane","Tactician"],"picked":"Accuracy","floor":14.0},{"not_picked":["Doppelganger","Venomology"],"picked":"Night Terror","floor":16.0},{"not_picked":["Bane","Deadly Poison"],"picked":"Cloak And Dagger","floor":18.0},{"not_picked":["Backstab","Riddle With Holes"],"picked":"Footwork","floor":19.0},{"not_picked":["Bane","Heel Hook","All Out Attack"],"picked":"SKIP","floor":22.0},{"not_picked":["Sucker Punch","Catalyst"],"picked":"Terror","floor":24.0},{"not_picked":["Leg Sweep","Blur"],"picked":"Blade Dance","floor":25.0},{"not_picked":["Sucker Punch","Tools of the Trade"],"picked":"Backstab","floor":31.0},{"not_picked":["Grand Finale","Malaise"],"picked":"Phantasmal Killer","floor":33.0},{"not_picked":["Backflip+1","All Out Attack"],"picked":"Dodge and Roll+1","floor":35.0},{"not_picked":["Underhanded Strike+1","Dodge and Roll"],"picked":"Acrobatics","floor":36.0},{"not_picked":["Madness","Jack Of All Trades"],"picked":"Transmutation","floor":38.0},{"not_picked":["Terror","Outmaneuver","Accuracy"],"picked":"SKIP","floor":40.0},{"not_picked":["Setup","Cloak And Dagger"],"picked":"Backflip","floor":41.0},{"not_picked":["Sucker Punch","Blade Dance","Deflect"],"picked":"SKIP","floor":42.0},{"not_picked":["Caltrops","Quick Slash","Well Laid Plans"],"picked":"SKIP","floor":44.0},{"not_picked":["Reflex","Acrobatics"],"picked":"Crippling Poison","floor":45.0},{"not_picked":["Heel Hook","Dodge and Roll","Slice+1"],"picked":"SKIP","floor":45.0},{"not_picked":["Expertise","Cloak And Dagger+1","Slice"],"picked":"SKIP","floor":47.0},{"not_picked":["Dodge and Roll","Flying Knee"],"picked":"Night Terror","floor":48.0},{"not_picked":["Crippling Poison","Expertise","Flying Knee"],"picked":"SKIP","floor":48.0},{"not_picked":["Sucker Punch","Crippling Poison"],"picked":"Catalyst","floor":54.0}],"player_experience":838080,"relics_obtained":[{"floor":7.0,"key":"Mummified Hand"},{"floor":9.0,"key":"InkBottle"},{"floor":10.0,"key":"Omamori"},{"floor":12.0,"key":"Anchor"},{"floor":24.0,"key":"Orichalcum"},{"floor":26.0,"key":"Snake Skull"},{"floor":40.0,"key":"TungstenRod"},{"floor":42.0,"key":"Thread and Needle"},{"floor":44.0,"key":"Prayer Wheel"},{"floor":47.0,"key":"Bag of Preparation"},{"floor":54.0,"key":"Lantern"}],"event_choices":[{"cards_removed":["Strike_G"],"damage_healed":0.0,"max_hp_gain":0.0,"max_hp_loss":0.0,"gold_gain":0.0,"event_name":"Golden Wing","player_choice":"Card Removal","floor":2.0,"gold_loss":0.0,"damage_taken":7.0},{"damage_healed":0.0,"max_hp_gain":0.0,"max_hp_loss":5.0,"gold_gain":0.0,"event_name":"Golden Idol","player_choice":"Lose Max HP","floor":4.0,"gold_loss":0.0,"damage_taken":0.0,"relics_obtained":["Golden Idol"]},{"damage_healed":0.0,"max_hp_gain":0.0,"max_hp_loss":0.0,"gold_gain":175.0,"event_name":"Liars Game","player_choice":"AGREE","floor":13.0,"gold_loss":0.0,"damage_taken":0.0,"cards_obtained":["Doubt"]},{"damage_healed":0.0,"max_hp_gain":0.0,"max_hp_loss":19.0,"gold_gain":0.0,"event_name":"Vampires","player_choice":"Became a vampire","floor":20.0,"gold_loss":0.0,"damage_taken":0.0,"cards_obtained":["Bite","Bite","Bite","Bite","Bite"]},{"cards_removed":["Sucker Punch"],"damage_healed":0.0,"max_hp_gain":0.0,"max_hp_loss":0.0,"gold_gain":0.0,"event_name":"Beggar","player_choice":"Gave Gold","floor":28.0,"gold_loss":75.0,"damage_taken":0.0},{"cards_removed":["Bite"],"damage_healed":0.0,"max_hp_gain":0.0,"max_hp_loss":0.0,"gold_gain":0.0,"event_name":"Falling","player_choice":"Removed Attack","floor":37.0,"gold_loss":0.0,"damage_taken":0.0},{"damage_healed":0.0,"max_hp_gain":0.0,"max_hp_loss":0.0,"gold_gain":0.0,"event_name":"SensoryStone","player_choice":"Memory 3","floor":38.0,"gold_loss":0.0,"damage_taken":10.0}],"is_beta":false,"boss_relics":[{"not_picked":["WristBlade","Coffee Dripper"],"picked":"Philosopher\u0027s Stone"},{"not_picked":["SacredBark","Empty Cage"],"picked":"Tiny House"}],"items_purged_floors":[39],"is_endless":false,"potions_floor_spawned":[10,18,25,33,35,40,41,47,54],"killed_by":"The Heart","ascension_level":14}}