{"host":"og6lam4kt3nibbw0","time":1609702082,"event":{"mods":["AchievementEnabler","BaseMod","Colored Map","DeckTracker","Highlight Path","Keyboard Shortcuts","Minty Spire (QoL Compilation)","Permanent Neow","Quick Restart","StSLib","SuperFastMode"],"gold_per_floor":[369,42,56,68,68,68,102,102,102,102,102,46,62,78,78,157,157,172,182,82,82,53,53,53,53],"floor_reached":24,"playtime":1279,"items_purged":["Defend_B","Defend_B"],"score":388,"play_id":"f63adced-24c0-420a-80df-080fa9eead10","local_time":"20210104042802","is_ascension_mode":true,"campfire_choices":[{"data":"Dualcast","floor":6.0,"key":"SMITH"},{"data":"Compile Driver","floor":8.0,"key":"SMITH"},{"floor":15.0,"key":"REST"},{"data":"Coolheaded","floor":23.0,"key":"SMITH"}],"circlet_count":0,"master_deck":["AscendersBane","Strike_B","Strike_B","Strike_B","Defend_B","Defend_B+1","Zap","Dualcast+1","Static Discharge","Finesse","Glacier","Compile Driver+1","Genetic Algorithm+1","Coolheaded","Reboot","Blizzard","Shame","Coolheaded+1"],"relics":["FrozenCore","TheAbacus","Incense Burner","Pocketwatch","Unceasing Top"],"acts_visited":["Exordium","TheCity"],"potions_floor_usage":[],"damage_taken":[{"damage":4.0,"enemies":"Small Slimes","floor":1.0,"turns":4.0},{"damage":6.0,"enemies":"2 Louse","floor":3.0,"turns":3.0},{"damage":1.0,"enemies":"Jaw Worm","floor":4.0,"turns":5.0},{"damage":18.0,"enemies":"3 Sentries","floor":7.0,"turns":10.0},{"damage":0.0,"enemies":"2 Fungi Beasts","floor":13.0,"turns":4.0},{"damage":7.0,"enemies":"Exordium Thugs","floor":14.0,"turns":4.0},{"damage":17.0,"enemies":"The Guardian","floor":16.0,"turns":14.0},{"damage":5.0,"enemies":"3 Byrds","floor":18.0,"turns":7.0},{"damage":0.0,"enemies":"Chosen","floor":19.0,"turns":8.0},{"damage":55,"enemies":"Gremlin Leader","floor":24,"turns":6}],"seed_played":"-1732390479508177388","potions_obtained":[{"floor":4.0,"key":"Fire Potion"},{"floor":14.0,"key":"Ancient Potion"},{"floor":19.0,"key":"LiquidMemories"}],"is_trial":false,"path_per_floor":["M","$","M","M","?","R","E","R","T","?","?","$","M","M","R","B",null,"M","M","$","?","$","R","E"],"character_chosen":"DEFECT","items_purchased":["TheAbacus","Finesse","Coolheaded","Coolheaded"],"campfire_rested":1,"item_purchase_floors":[2,2,12,22],"current_hp_per_floor":[60,60,54,53,53,53,35,35,35,35,16,16,16,9,28,11,51,46,46,46,46,46,46,0,0],"gold":53,"neow_bonus":"TWO_FIFTY_GOLD","is_daily":false,"chose_seed":false,"campfire_upgraded":3,"win_rate":0.0,"timestamp":1609702082,"path_taken":["M","$","M","M","?","R","E","R","T","?","?","$","M","M","R","BOSS","M","M","$","?","$","R","E"],"items_purchased_type":["Relic","Card","Card","Card"],"build_version":"2020-12-22","purchased_purges":2,"victory":false,"max_hp_per_floor":[64,64,64,64,64,64,64,64,64,64,64,64,64,64,64,64,64,64,64,64,64,64,64,64,64],"card_choices":[{"not_picked":["Compile Driver","Go for the Eyes"],"picked":"Static Discharge","floor":1.0},{"not_picked":["Gash","Streamline"],"picked":"Glacier","floor":3.0},{"not_picked":["Beam Cell","Conserve Battery"],"picked":"Compile Driver","floor":4.0},{"not_picked":["Stack","Conserve Battery"],"picked":"Genetic Algorithm","floor":7.0},{"not_picked":["Barrage","Gash","Redo"],"picked":"SKIP","floor":13.0},{"not_picked":["Ball Lightning","All For One","Doom and Gloom"],"picked":"SKIP","floor":14.0},{"not_picked":["Thunder Strike","Buffer"],"picked":"Reboot","floor":16.0},{"not_picked":["Gash","Turbo+1","Rebound"],"picked":"SKIP","floor":18.0},{"not_picked":["Force Field","Sweeping Beam"],"picked":"Blizzard","floor":19.0}],"player_experience":814136,"relics_obtained":[{"floor":7.0,"key":"Incense Burner"},{"floor":9.0,"key":"Pocketwatch"}],"event_choices":[{"damage_healed":0.0,"max_hp_gain":0.0,"max_hp_loss":0.0,"gold_gain":0.0,"event_name":"Liars Game","player_choice":"Ignored","floor":5.0,"gold_loss":0.0,"damage_taken":0.0},{"cards_removed":["Strike_B"],"damage_healed":0.0,"max_hp_gain":0.0,"max_hp_loss":0.0,"gold_gain":0.0,"event_name":"Living Wall","player_choice":"Forget","floor":10.0,"gold_loss":0.0,"damage_taken":0.0},{"damage_healed":0.0,"max_hp_gain":0.0,"max_hp_loss":0.0,"gold_gain":0.0,"event_name":"Shining Light","player_choice":"Entered Light","floor":11.0,"gold_loss":0.0,"damage_taken":19.0,"cards_upgraded":["Genetic Algorithm","Defend_B"]},{"damage_healed":0.0,"max_hp_gain":0.0,"max_hp_loss":0.0,"gold_gain":0.0,"event_name":"Addict","player_choice":"Stole Relic","floor":21.0,"gold_loss":0.0,"damage_taken":0.0,"relics_obtained":["Unceasing Top"],"cards_obtained":["Shame"]}],"is_beta":false,"boss_relics":[{"not_picked":["Inserter","Busted Crown"],"picked":"FrozenCore"}],"items_purged_floors":[2,20],"is_endless":false,"potions_floor_spawned":[4,14,19],"killed_by":"Gremlin Leader","ascension_level":20}}