{"host":"sjo4oracihb00px1","time":1609637613,"event":{"mods":["Astrologer","BaseMod","Better Note","Colored Powertips","Defective Defect","Friendly Minions","Hermit","HololiveMod","Hubris","Jorbs\u0027s Wanderer Trilogy","Kiyohime????","Marisa????????","Minty Spire (QoL Compilation)","Quick Restart","Random Character Button","Remilia??????","Replay The Spire","Shop Mod","ShortenTheSpire","Somnambulant","StSLib","The Administrix","The Animator","The Awakened One except there are too many feathers","The Bug Knight","The Cursed","The Death Knight","The Disciple","The Gatherer","The IronCluck","The Necromancer","The Problem Sleuth","The Runesmith","The Servant 0.9.4","The Vixen","TheBandit","Waifu the Spire","Wandering Minibosses","Yuri Mod","everything is the same but u backflip on backflip","slay the spire mod where everything is the same but ironclad has a cowboy hat","thorton"],"gold_per_floor":[115,290,290,290,290,323,323,338,338,338,401,401,421,454,454,454,454],"floor_reached":16,"playtime":3048,"items_purged":[],"score":144,"play_id":"3adde735-d8c3-4d1e-8ef5-a762caf5a62a","local_time":"20210102203333","is_ascension_mode":true,"campfire_choices":[{"data":"FlawlessForm","floor":7,"key":"SMITH"},{"data":"MoonPhase","floor":12,"key":"SMITH"},{"data":"RealityMarble","floor":15,"key":"SMITH"}],"circlet_count":0,"master_deck":["Strike_S+1","Strike_S","Strike_S","Strike_S","Defend_S","Defend_S","Defend_S","Defend_S","KidneyShot","Exchange+1","TimeWarp","Doubt","BottledTime","FlawlessForm+1","Regret","MoonPhase+1","RealityMarble+1","Unruled"],"relics":["Uniform","NeowsBlessing","Bag of Marbles","HollowMod:StagPassRelic","Ice Cream","Replay:Wax Seal","Gambling Chip"],"acts_visited":["Exordium"],"potions_floor_usage":[14,14,16],"damage_taken":[{"damage":0,"enemies":"2 Louse","floor":1,"turns":1},{"damage":0,"enemies":"3 Sentries","floor":6,"turns":1},{"damage":0,"enemies":"Small Slimes","floor":8,"turns":1},{"damage":0,"enemies":"Cultist","floor":13,"turns":5},{"damage":5,"enemies":"Gremlin Nob","floor":14,"turns":5},{"damage":37,"enemies":"Slime Boss","floor":16,"turns":15}],"seed_played":"4845905202005854179","potions_obtained":[{"floor":1,"key":"Strength Potion"},{"floor":11,"key":"DuplicationPotion"},{"floor":13,"key":"SteroidPotion"}],"is_trial":false,"path_per_floor":["M","?","?","?","?","E","R","M","T","?","?","R","M","E","R","B"],"character_chosen":"THE_SERVANT","items_purchased":[],"campfire_rested":0,"item_purchase_floors":[],"current_hp_per_floor":[65,65,65,65,65,65,65,65,65,65,39,39,39,34,34,0,0],"gold":454,"neow_bonus":"THREE_ENEMY_KILL","is_daily":false,"chose_seed":false,"campfire_upgraded":3,"win_rate":0.0,"timestamp":1609637613,"path_taken":["M","?","?","?","?","E","R","?","T","?","?","R","?","E","R","BOSS"],"items_purchased_type":[],"build_version":"2020-12-22","purchased_purges":0,"victory":false,"max_hp_per_floor":[65,65,65,65,65,65,65,65,65,65,65,65,65,65,65,65,65],"card_choices":[{"not_picked":["Manipulate","WasteNot"],"picked":"TimeWarp","floor":1},{"not_picked":["TimeWarp","TimeTheft"],"picked":"FlawlessForm","floor":6},{"not_picked":["Rearm","ShiftingGears","Defy"],"picked":"SKIP","floor":8},{"not_picked":["SurpressingFire","FastForward"],"picked":"MoonPhase","floor":11},{"not_picked":["BottledTime","Gouge"],"picked":"RealityMarble","floor":11},{"not_picked":["Sabotage","MoonPhase"],"picked":"Unruled","floor":13},{"not_picked":["Collapse","FastForward","TimeWarp"],"picked":"SKIP","floor":14}],"player_experience":714080,"relics_obtained":[{"floor":6,"key":"Bag of Marbles"},{"floor":9,"key":"HollowMod:StagPassRelic"},{"floor":11,"key":"Replay:Wax Seal"},{"floor":14,"key":"Gambling Chip"}],"event_choices":[{"damage_healed":0,"gold_gain":175,"player_choice":"AGREE","damage_taken":0,"max_hp_gain":0,"max_hp_loss":0,"event_name":"Liars Game","floor":2,"gold_loss":0,"cards_obtained":["Doubt"]},{"damage_healed":0,"gold_gain":0,"player_choice":"Upgraded","damage_taken":0,"max_hp_gain":0,"max_hp_loss":0,"event_name":"Upgrade Shrine","floor":5,"gold_loss":0,"cards_upgraded":["Exchange"]},{"damage_healed":0,"gold_gain":0,"player_choice":"Box","damage_taken":0,"relics_obtained":["Ice Cream"],"max_hp_gain":0,"max_hp_loss":0,"event_name":"Big Fish","floor":10,"gold_loss":0,"cards_obtained":["Regret"]}],"is_beta":false,"boss_relics":[],"items_purged_floors":[],"is_endless":false,"potions_floor_spawned":[1,13],"killed_by":"Slime Boss","ascension_level":2}}