{"host":"aav8addp4mncoxty","time":1609667166,"event":{"mods":["Act Like it!","BaseMod","Hallownest","Hermit","Lobotomy","Minty Spire (QoL Compilation)","Replay The Spire","StSLib","The Bug Knight"],"gold_per_floor":[112,112,112,135,148,184,184,202,202,202,3,27,27,43,43,174,174,195,195,195,214,230,230,260,260,284,302,378,378,378,378,378,395,395,495,495,495,495,495],"floor_reached":38,"playtime":7144,"items_purged":["Injury"],"score":692,"play_id":"cce40a4d-111b-4359-ba3e-05d12e068459","local_time":"20210103184606","is_ascension_mode":false,"campfire_choices":[{"data":"HollowMod:FocusHealStart","floor":7.0,"key":"SMITH"},{"floor":10.0,"key":"REST"},{"floor":15.0,"key":"REST"},{"data":"HollowMod:ChannelNail","floor":23.0,"key":"SMITH"},{"floor":25.0,"key":"REST"},{"data":"HollowMod:SiblingsSouls","floor":29.0,"key":"SMITH"},{"data":"HollowMod:LifebloodCore","floor":32.0,"key":"SMITH"}],"circlet_count":0,"master_deck":["Apo_Pray","Apo_SoulSlash","Apo_Charge","Apo_Charge","Apo_Charge","Apo_Charge","Apo_Beam","Apo_Beam","Apo_Beam","Apo_Execute","Apo_Slash","Apo_Slash","Apo_SoulSlash"],"relics":["HollowMod:VesselMask","CogitoBucket","Bloody Idol","Omamori","Smiling Mask","Ancient Tea Set","AdjustmentMirror","Replay:Drink Me","ResearcherNote","Chameleon Ring","Centennial Puzzle","Calling Bell","HollowMod:PaleOreRelic","Garlic","Prayer Wheel","ApostleMask"],"acts_visited":["Exordium","TheCity","TheCity"],"potions_floor_usage":[37],"damage_taken":[{"damage":3.0,"enemies":"Jaw Worm","floor":1.0,"turns":4.0},{"damage":6.0,"enemies":"2 Louse","floor":4.0,"turns":2.0},{"damage":5.0,"enemies":"Small Slimes","floor":5.0,"turns":3.0},{"damage":28.0,"enemies":"Gremlin Nob","floor":6.0,"turns":4.0},{"damage":24.0,"enemies":"Blue Slaver","floor":8.0,"turns":3.0},{"damage":34.0,"enemies":"Exordium Wildlife","floor":12.0,"turns":3.0},{"damage":2.0,"enemies":"Looter","floor":14.0,"turns":2.0},{"damage":52.0,"enemies":"HollowMod:FalseKnight","floor":16.0,"turns":9.0},{"damage":2.0,"enemies":"Shell Parasite","floor":18.0,"turns":4.0},{"damage":2.0,"enemies":"2 Thieves","floor":21.0,"turns":4.0},{"damage":37.0,"enemies":"Cultist and Chosen","floor":22.0,"turns":8.0},{"damage":48.0,"enemies":"Gremlin Leader","floor":24.0,"turns":6.0},{"damage":0.0,"enemies":"Sentry and Sphere","floor":27.0,"turns":6.0},{"damage":5.0,"enemies":"Snecko","floor":33.0,"turns":4.0},{"damage":1.0,"enemies":"Pondfish","floor":35.0,"turns":10.0},{"damage":12,"enemies":"Hallownest:3_Siblings","floor":38,"turns":1}],"seed_played":"-2727596574881017067","potions_obtained":[{"floor":5.0,"key":"Fire Potion"},{"floor":16.0,"key":"Weak Potion"},{"floor":21.0,"key":"LifebloodPotion"},{"floor":22.0,"key":"LiquidMemories"},{"floor":24.0,"key":"SpeedPotion"},{"floor":28.0,"key":"Toxic Potion"},{"floor":28.0,"key":"Doom Potion"}],"is_trial":false,"path_per_floor":["M","?","?","M","M","E","R","M","T","R","$","M","?","M","R","B",null,"M","?","?","M","M","R","E","R","T","M","?","R","PTL","PTL","R","M","R","B",null,"M","M"],"character_chosen":"THE_BUGKNIGHT","items_purchased":["Ancient Tea Set"],"campfire_rested":3,"item_purchase_floors":[11],"current_hp_per_floor":[75,75,75,69,64,42,42,24,24,46,46,18,18,16,38,26,57,57,57,57,57,41,41,10,27,32,53,36,36,36,36,36,39,39,55,57,12,0,0],"gold":495,"neow_bonus":"","is_daily":false,"chose_seed":false,"campfire_upgraded":4,"win_rate":0.0,"timestamp":1609667166,"path_taken":["M","?","?","M","M","E","R","M","T","R","?","?","?","M","R","BOSS","M","?","?","M","M","R","E","R","T","?","?","R","PTL","PTL","R","M","R","BOSS","M","M"],"items_purchased_type":["Relic"],"build_version":"2020-12-22","purchased_purges":1,"victory":false,"max_hp_per_floor":[75,75,75,75,75,75,75,75,75,75,75,75,75,75,75,75,57,57,57,57,57,57,57,57,57,57,57,57,57,57,57,57,57,57,57,57,57,57,57],"card_choices":[{"not_picked":["HollowMod:GreatSlash","HollowMod:NewJinnsSoul"],"picked":"HollowMod:BaldurShell","floor":1.0},{"not_picked":["OSAHOGD","FairyFestival"],"picked":"BlackSwan","floor":1.0},{"not_picked":["HollowMod:DungDefenderAura","HollowMod:WraithStrike"],"picked":"HollowMod:CloakDash","floor":4.0},{"not_picked":["Bloodbath","UniverseFragment"],"picked":"MHz","floor":4.0},{"not_picked":["HollowMod:FastStrike","HollowMod:InfectedAttack"],"picked":"HollowMod:AbyssShriek","floor":5.0},{"not_picked":["HollowMod:GrimmsGift","HollowMod:DoubleDash"],"picked":"HollowMod:FallenFury","floor":6.0},{"not_picked":["Scorched","LongBird"],"picked":"WallGazer","floor":6.0},{"not_picked":["HollowMod:SharpenedShadows","HollowMod:MawleksShell"],"picked":"HollowMod:CloakDash","floor":8.0},{"not_picked":["VoidDream","Variant"],"picked":"OldLady","floor":8.0},{"not_picked":["HollowMod:InfectedCysts","HollowMod:InfectedAttack"],"picked":"HollowMod:CloakDash","floor":12.0},{"not_picked":["HollowMod:HowlingWraiths","HollowMod:MothsMistake"],"picked":"HollowMod:SiblingsSouls","floor":14.0},{"not_picked":["Murderer","Variant"],"picked":"CherryBlossoms","floor":14.0},{"not_picked":["HollowMod:ElderbugsWisdom","HollowMod:ZotesMagnificence"],"picked":"HollowMod:LifebloodCore","floor":16.0},{"not_picked":["Bloodbath","MeatLantern"],"picked":"Wellcheers","floor":16.0},{"not_picked":["HollowMod:AbyssShriek","HollowMod:SoulStrike"],"picked":"HollowMod:CycloneSlash+1","floor":18.0},{"not_picked":["ShyLook","LittlePrince"],"picked":"NakedNest","floor":18.0},{"not_picked":["HollowMod:InfectedCysts+1","HollowMod:NewInfectedGuardian"],"picked":"HollowMod:FallenFury+1","floor":21.0},{"not_picked":["SnowQueen","Scorched"],"picked":"RedShoes","floor":21.0},{"not_picked":["HollowMod:BlackTendrils","HollowMod:SoulSplash"],"picked":"HollowMod:ChannelNail","floor":22.0},{"not_picked":["HollowMod:GoodIntentions","HollowMod:BlackTendrils"],"picked":"HollowMod:SoulEater+1","floor":24.0},{"not_picked":["QueenOfHatred","FieryBird"],"picked":"BigBird","floor":24.0},{"not_picked":["HollowMod:SiblingsSouls","HollowMod:VengefulVoid"],"picked":"HollowMod:DescendingDark+1","floor":27.0},{"not_picked":["QueenBee","Scorched"],"picked":"BlueStar","floor":27.0},{"not_picked":["HollowMod:DoubleDash","HollowMod:TaintedHusks"],"picked":"HollowMod:MantisMark","floor":28.0},{"not_picked":["DespairKnight","Variant"],"picked":"PunishingBird","floor":33.0},{"not_picked":["HollowMod:VengefulVoid","HollowMod:DoubleDash+1"],"picked":"HollowMod:VoidDash","floor":33.0},{"not_picked":["HollowMod:theNailsmith","HollowMod:AwokenDreamNail"],"picked":"HollowMod:Weaversong","floor":35.0},{"not_picked":["Mercenary","ShyLook"],"picked":"PlagueDoctor","floor":35.0}],"player_experience":186424,"relics_obtained":[{"floor":6.0,"key":"Omamori"},{"floor":9.0,"key":"Smiling Mask"},{"floor":24.0,"key":"Chameleon Ring"},{"floor":26.0,"key":"Centennial Puzzle"},{"floor":36.0,"key":"HollowMod:PaleOreRelic"},{"floor":36.0,"key":"Garlic"},{"floor":36.0,"key":"Prayer Wheel"}],"event_choices":[{"damage_healed":0.0,"max_hp_gain":0.0,"max_hp_loss":0.0,"gold_gain":0.0,"event_name":"Golden Idol","player_choice":"Take Wound","floor":2.0,"gold_loss":0.0,"damage_taken":0.0,"relics_obtained":["Golden Idol"],"cards_obtained":["Injury"]},{"damage_healed":0.0,"max_hp_gain":0.0,"max_hp_loss":0.0,"gold_gain":0.0,"event_name":"Forgotten Altar","player_choice":"Gave Idol","floor":19.0,"relics_lost":["Golden Idol"],"gold_loss":0.0,"damage_taken":0.0,"relics_obtained":["Bloody Idol"]},{"damage_healed":0.0,"max_hp_gain":0.0,"max_hp_loss":0.0,"gold_gain":0.0,"event_name":"Vampires","player_choice":"Ignored","floor":20.0,"gold_loss":0.0,"damage_taken":0.0}],"is_beta":false,"boss_relics":[{"not_picked":["Ectoplasm","SacredBark"],"picked":"Replay:Drink Me"},{"not_picked":["Kintsugi","Black Star"],"picked":"Calling Bell"}],"items_purged_floors":[11],"is_endless":false,"potions_floor_spawned":[5,16,21,22,24],"killed_by":"Hallownest:3_Siblings","ascension_level":0}}