{"host":"nqsrckqog5ia9mbo","time":1609687947,"event":{"mods":["AchievementEnabler","BaseMod","Colored Map","Highlight Path","Minty Spire (QoL Compilation)"],"gold_per_floor":[118,128,128,23,39,66,81,81,81,34,64,79,112,123,123,222,222,241,257,102,0,0,0,33,33,60,60,60,91,91,104,104,208,208,223,223,13,29,48,48,59,59,59,84,84,96,96,96],"floor_reached":47,"playtime":3933,"items_purged":["Defend_G","Well Laid Plans"],"score":553,"play_id":"56462777-9bcd-477b-9eb6-6e3c24588607","local_time":"20210103163227","is_ascension_mode":false,"campfire_choices":[{"data":"Masterful Stab","floor":8,"key":"SMITH"},{"floor":15,"key":"REST"},{"data":"Neutralize","floor":23,"key":"SMITH"},{"data":"Footwork","floor":25,"key":"SMITH"},{"data":"Terror","floor":32,"key":"SMITH"},{"data":"Bouncing Flask","floor":40,"key":"SMITH"},{"floor":42,"key":"REST"}],"circlet_count":0,"master_deck":["Defend_G","Defend_G","Defend_G","Survivor","Neutralize+1","Blade Dance","Dagger Throw","Masterful Stab+1","Calculated Gamble","Footwork","Poisoned Stab","Terror+1","Die Die Die","After Image","Poisoned Stab+1","Deflect+1","Footwork+1","Bite","Bite","Bite","Bite","Bite","Masterful Stab","Underhanded Strike","Outmaneuver+1","Burst","Deadly Poison","Madness","Madness","Bouncing Flask+1","Blur","Calculated Gamble+1","Escape Plan+1","All Out Attack","Deadly Poison"],"relics":["Ring of the Snake","Mummified Hand","Bird Faced Urn","CaptainsWheel","Runic Pyramid","PreservedInsect","Potion Belt","Blue Candle","HoveringKite","Letter Opener","Vajra","Pear"],"acts_visited":["Exordium","TheCity","TheBeyond"],"potions_floor_usage":[14,33,33,41,47,47],"damage_taken":[{"damage":0,"enemies":"Jaw Worm","floor":1,"turns":5},{"damage":2,"enemies":"2 Louse","floor":2,"turns":3},{"damage":0,"enemies":"Small Slimes","floor":5,"turns":3},{"damage":25,"enemies":"Lagavulin","floor":6,"turns":8},{"damage":0,"enemies":"2 Fungi Beasts","floor":7,"turns":3},{"damage":0,"enemies":"3 Louse","floor":12,"turns":2},{"damage":45,"enemies":"3 Sentries","floor":13,"turns":10},{"damage":2,"enemies":"Exordium Thugs","floor":14,"turns":3},{"damage":24,"enemies":"Hexaghost","floor":16,"turns":10},{"damage":0,"enemies":"Chosen","floor":18,"turns":4},{"damage":0,"enemies":"Spheric Guardian","floor":19,"turns":5},{"damage":6,"enemies":"Book of Stabbing","floor":24,"turns":6},{"damage":35,"enemies":"Slavers","floor":29,"turns":7},{"damage":4,"enemies":"Shelled Parasite and Fungi","floor":31,"turns":6},{"damage":32,"enemies":"Collector","floor":33,"turns":10},{"damage":26,"enemies":"3 Darklings","floor":35,"turns":14},{"damage":4,"enemies":"3 Shapes","floor":38,"turns":6},{"damage":0,"enemies":"Transient","floor":39,"turns":5},{"damage":31,"enemies":"Writhing Mass","floor":41,"turns":6},{"damage":23,"enemies":"Giant Head","floor":44,"turns":9},{"damage":26,"enemies":"Jaw Worm Horde","floor":46,"turns":4},{"damage":30,"enemies":"Reptomancer","floor":47,"turns":2}],"seed_played":"917287245274160658","potions_obtained":[{"floor":1,"key":"LiquidBronze"},{"floor":6,"key":"Explosive Potion"},{"floor":7,"key":"Energy Potion"},{"floor":14,"key":"SkillPotion"},{"floor":24,"key":"DuplicationPotion"},{"floor":29,"key":"Poison Potion"},{"floor":35,"key":"BlessingOfTheForge"},{"floor":38,"key":"SpeedPotion"},{"floor":44,"key":"Dexterity Potion"}],"is_trial":false,"path_per_floor":["M","M","?","$","M","E","M","R","T","$","?","M","E","M","R","B",null,"M","M","$","?","?","R","E","R","T","?","$","E","?","M","R","B",null,"M","?","$","M","M","R","M","R","T","E","T","M","E"],"character_chosen":"THE_SILENT","items_purchased":["Well Laid Plans","Dagger Throw","Poisoned Stab","Footwork","Bouncing Flask","Blur"],"campfire_rested":2,"item_purchase_floors":[4,4,10,20,37,37],"current_hp_per_floor":[77,75,75,75,75,50,50,50,50,50,50,50,9,7,30,10,77,77,77,77,77,53,53,51,51,51,51,51,28,28,42,42,40,53,41,34,34,38,50,50,28,43,43,30,40,24,0,0],"gold":96,"neow_bonus":"TEN_PERCENT_HP_BONUS","is_daily":false,"chose_seed":false,"campfire_upgraded":5,"win_rate":0.0,"timestamp":1609687947,"path_taken":["M","M","?","$","M","E","M","R","T","$","?","M","E","M","R","BOSS","M","M","$","?","?","R","E","R","T","?","$","E","?","M","R","BOSS","M","?","$","M","M","R","M","R","T","E","?","M","E"],"items_purchased_type":["Card","Card","Card","Card","Card","Card"],"build_version":"2020-12-22","purchased_purges":2,"victory":false,"max_hp_per_floor":[77,77,77,77,77,77,77,77,77,77,77,77,77,77,77,77,77,77,77,77,77,53,53,53,53,53,53,53,53,53,53,53,53,53,53,53,53,53,53,53,53,53,53,53,63,63,63,63],"card_choices":[{"not_picked":["Outmaneuver","Slice"],"picked":"Blade Dance","floor":1},{"not_picked":["Riddle With Holes","Leg Sweep","Blade Dance"],"picked":"SKIP","floor":2},{"not_picked":["Distraction","Dagger Spray"],"picked":"Masterful Stab","floor":5},{"not_picked":["Backstab","Finisher"],"picked":"Calculated Gamble","floor":6},{"not_picked":["Blade Dance","Deflect"],"picked":"Footwork","floor":7},{"not_picked":["Blade Dance","Predator"],"picked":"Terror","floor":12},{"not_picked":["Riddle With Holes","Quick Slash"],"picked":"Die Die Die","floor":13},{"not_picked":["Sucker Punch","Predator","Backflip"],"picked":"SKIP","floor":14},{"not_picked":["Envenom","Venomology"],"picked":"After Image","floor":16},{"not_picked":["Outmaneuver","Heel Hook"],"picked":"Poisoned Stab+1","floor":18},{"not_picked":["Caltrops","Acrobatics"],"picked":"Deflect+1","floor":19},{"not_picked":["Acrobatics","Flying Knee"],"picked":"Masterful Stab","floor":24},{"not_picked":["Bouncing Flask","Endless Agony"],"picked":"Underhanded Strike","floor":29},{"not_picked":["Underhanded Strike","Escape Plan"],"picked":"Outmaneuver+1","floor":31},{"not_picked":["After Image","Wraith Form v2"],"picked":"Burst","floor":33},{"not_picked":["Quick Slash+1","Acrobatics"],"picked":"Deadly Poison","floor":35},{"not_picked":["Expertise","Dagger Throw+1","Acrobatics"],"picked":"SKIP","floor":38},{"not_picked":["Backflip","Eviscerate+1"],"picked":"Calculated Gamble+1","floor":39},{"not_picked":["Well Laid Plans+1","PiercingWail"],"picked":"Escape Plan+1","floor":41},{"not_picked":["Caltrops","Dodge and Roll"],"picked":"All Out Attack","floor":44},{"not_picked":["Poisoned Stab","Tactician+1"],"picked":"Deadly Poison","floor":46}],"player_experience":108222,"relics_obtained":[{"floor":6,"key":"Mummified Hand"},{"floor":9,"key":"Bird Faced Urn"},{"floor":13,"key":"CaptainsWheel"},{"floor":24,"key":"PreservedInsect"},{"floor":26,"key":"Potion Belt"},{"floor":29,"key":"Blue Candle"},{"floor":43,"key":"Letter Opener"},{"floor":44,"key":"Vajra"},{"floor":45,"key":"Pear"}],"event_choices":[{"cards_removed":["Strike_G"],"damage_healed":0,"gold_gain":0,"player_choice":"Forget","damage_taken":0,"max_hp_gain":0,"max_hp_loss":0,"event_name":"Living Wall","floor":3,"gold_loss":0},{"damage_healed":0,"gold_gain":30,"player_choice":"Searched \u00271\u0027 times","damage_taken":0,"max_hp_gain":0,"max_hp_loss":0,"event_name":"Dead Adventurer","floor":11,"gold_loss":0},{"damage_healed":0,"gold_gain":0,"player_choice":"Paid Fearfully","damage_taken":0,"max_hp_gain":0,"max_hp_loss":0,"event_name":"Masked Bandits","floor":21,"gold_loss":102},{"damage_healed":0,"gold_gain":0,"player_choice":"Became a vampire","damage_taken":0,"max_hp_gain":0,"max_hp_loss":24,"event_name":"Vampires","floor":22,"gold_loss":0,"cards_obtained":["Bite","Bite","Bite","Bite","Bite"]},{"damage_healed":0,"gold_gain":0,"player_choice":"Ignored","damage_taken":0,"max_hp_gain":0,"max_hp_loss":0,"event_name":"Ghosts","floor":27,"gold_loss":0},{"cards_removed":["Defend_G"],"damage_healed":0,"gold_gain":0,"player_choice":"Elegance","damage_taken":0,"max_hp_gain":0,"max_hp_loss":0,"event_name":"Back to Basics","floor":30,"gold_loss":0},{"damage_healed":0,"gold_gain":0,"player_choice":"Embrace Madness","damage_taken":7,"max_hp_gain":0,"max_hp_loss":0,"event_name":"Winding Halls","floor":36,"gold_loss":0,"cards_obtained":["Madness","Madness"]}],"is_beta":false,"boss_relics":[{"not_picked":["Velvet Choker","Coffee Dripper"],"picked":"Runic Pyramid"},{"not_picked":["Busted Crown","SacredBark"],"picked":"HoveringKite"}],"items_purged_floors":[20,37],"is_endless":false,"potions_floor_spawned":[1,6,7,14,24,29,35,38,44],"killed_by":"Reptomancer","ascension_level":0}}