{"host":"5a3ojr29q3aeapfp","time":1609662985,"event":{"mods":["BaseMod","CapriCore","Colored Powertips","Downfall","GungeonMod","Hermit","Highlight Path","Koishi","Minty Spire (QoL Compilation)","Remilia£®¿Ÿ√◊¿Ú—«£©","Replay The Spire","Spicy Shops","StSLib","The Cursed","The Immortal","The Marked","Youmu£®ªÍ∆«—˝√Œ£©","°æ“≈ŒÔø®≈∆°øREMEMod"],"gold_per_floor":[99,117,135,147,147,72,99,132,151,10,10,27,27,45,63,162,162,87,99,112,74,174,194,194,219,239,266,266,278,278,278,290,390,390,315,335,48,68,68,68,81,135,160,172,184,196,220,251,263,305,335,347,359,399,18,18,18],"floor_reached":58,"playtime":7667,"items_purged":["Pain","CommonCold"],"score":1583,"play_id":"93495008-8fab-488c-8bb5-80166098266f","local_time":"20210103163625","is_ascension_mode":false,"campfire_choices":[{"floor":1,"key":"RECALL"},{"data":"VoidnessSword","floor":6,"key":"SMITH"},{"data":"Guardian:BaubleBeam","floor":13,"key":"SMITH"},{"floor":30,"key":"REST"},{"data":"Guardian:DecasProtection","floor":35,"key":"SMITH"},{"data":"Guardian:TimeCapacitor","floor":44,"key":"SMITH"},{"data":"Guardian:FloatingOrbs","floor":49,"key":"SMITH"},{"data":"Guardian:BaubleBeam","floor":56,"key":"SMITH"}],"circlet_count":0,"master_deck":["Guardian:Strike_Guardian","Guardian:CurlUp","Guardian:TwinSlam","VoidnessSword+1","Guardian:ChargeCore","Guardian:FloatingOrbs+1","Guardian:PiercingHide","Guardian:BaubleBeam+1","Guardian:BronzeArmor","Guardian:Reroute","Guardian:SentryBeam","Guardian:PrismaticBeam+1","Guardian:ShieldCharger","Guardian:TemporalStrike","J.A.X.","Guardian:PrismaticBarrier","Guardian:SpikerProtocol","Guardian:AncientConstruct","Guardian:CrystalBeam","Guardian:Preprogram+1","Guardian:DecasProtection+1","Guardian:VentSteam","Necronomicurse","Guardian:FastForward","Guardian:Incinerate+1","Guardian:ChargeCore","Guardian:TimeBomb+1","Guardian:ShieldCharger","Guardian:TimeCapacitor+1","Guardian:BaubleBeam","Guardian:TimeBomb+1","Guardian:BaubleBeam+1","Guardian:FastForward","Guardian:Harden","Guardian:ChargeCore"],"relics":["Guardian:ModeShifter","REME_ComplimentaryCards","WarpedTongs","downfall:HeartBlessingRed","Replay:Rubber Ducky","DemoMod:Bottle","Replay:Wax Seal","Guardian:PickAxe","Honey Jar","downfall:HeartBlessingGreen","MutagenicStrength","ReplayFunnel","REME_PuzzleBoxRelic","Ring of Misfortune","Ring of Hypnosis","Necronomicon","Runic Pyramid","downfall:HeartBlessingBlue","Replay:PocketPolymizer","Pen Nib","Calipers","MawBank","DemoMod:GlassGuonStoneRelic","Oddly Smooth Stone","Bottled Flame","Toolbox","ReplayTheSpireMod:TigerMarble"],"acts_visited":["Exordium","TheCity","TheBeyond","TheEnding"],"potions_floor_usage":[10,16,16,16,16,26,27,27,32],"damage_taken":[{"damage":0,"enemies":"Cultist","floor":2,"turns":3},{"damage":4,"enemies":"Jaw Worm","floor":3,"turns":3},{"damage":2,"enemies":"2 Louse","floor":4,"turns":2},{"damage":7,"enemies":"Lagavulin","floor":8,"turns":4},{"damage":16,"enemies":"Exordium Wildlife","floor":9,"turns":4},{"damage":7,"enemies":"downfall:FleeingMerchant","floor":10,"turns":4},{"damage":5,"enemies":"downfall:FleeingMerchant","floor":11,"turns":3},{"damage":1,"enemies":"2 Fungi Beasts","floor":12,"turns":3},{"damage":9,"enemies":"Large Slime","floor":14,"turns":3},{"damage":2,"enemies":"Exordium Wildlife","floor":15,"turns":3},{"damage":0,"enemies":"downfall:Defect","floor":16,"turns":4},{"damage":8,"enemies":"Shell Parasite","floor":19,"turns":3},{"damage":14,"enemies":"Chosen","floor":20,"turns":3},{"damage":8,"enemies":"downfall:FleeingMerchant","floor":21,"turns":4},{"damage":11,"enemies":"downfall:Augmenter","floor":22,"turns":5},{"damage":6,"enemies":"Centurion and Healer","floor":23,"turns":4},{"damage":25,"enemies":"Slavers","floor":25,"turns":3},{"damage":4,"enemies":"Chosen and Byrds","floor":26,"turns":4},{"damage":3,"enemies":"Book of Stabbing","floor":27,"turns":4},{"damage":6,"enemies":"Snake Plant","floor":29,"turns":4},{"damage":7,"enemies":"Snecko","floor":32,"turns":3},{"damage":17,"enemies":"downfall:Silent","floor":33,"turns":4},{"damage":3,"enemies":"Orb Walker","floor":36,"turns":2},{"damage":0,"enemies":"downfall:FleeingMerchant","floor":37,"turns":2},{"damage":4,"enemies":"3 Shapes","floor":38,"turns":3},{"damage":3,"enemies":"Sphere and 2 Shapes","floor":41,"turns":4},{"damage":0,"enemies":"2 Orb Walkers","floor":42,"turns":4},{"damage":0,"enemies":"Jaw Worm Horde","floor":47,"turns":3},{"damage":0,"enemies":"Transient","floor":48,"turns":5},{"damage":7,"enemies":"Reptomancer","floor":50,"turns":2},{"damage":0,"enemies":"Sphere and 2 Shapes","floor":51,"turns":2},{"damage":0,"enemies":"downfall:Ironclad","floor":52,"turns":5},{"damage":0,"enemies":"downfall:CharBossMerchant","floor":54,"turns":5},{"damage":0,"enemies":"downfall:NeowBoss","floor":57,"turns":11}],"seed_played":"-349383133454793953","potions_obtained":[{"floor":2,"key":"Fire Potion"},{"floor":9,"key":"Elixir"},{"floor":12,"key":"Weak Potion"},{"floor":14,"key":"Cursed Concoction"},{"floor":15,"key":"LiquidBronze"},{"floor":19,"key":"FearPotion"},{"floor":25,"key":"Reflective Coating"},{"floor":26,"key":"Weak Potion"},{"floor":29,"key":"PowerPotion"},{"floor":42,"key":"Fire Potion"},{"floor":48,"key":"SpeedPotion"},{"floor":50,"key":"SkillPotion"}],"is_trial":false,"path_per_floor":["R","M","M","M","?","R","T","E","M","$","?","M","R","M","M","B",null,"R","M","M","$","?","M","T","E","M","E","?","M","R","?","M","B",null,"R","M","$","M","PTL","PTL","M","?","T","R","?","R","M","M","R","E","M","B",null,"E","$","R","B",null],"character_chosen":"GUARDIAN","items_purchased":["Replay:Wax Seal","Guardian:Gem_Cyan","Guardian:TemporalStrike","Replay:PocketPolymizer","Pen Nib","Guardian:Harden","Toolbox","ReplayTheSpireMod:TigerMarble"],"campfire_rested":1,"item_purchase_floors":[10,10,21,37,37,55,55,55],"current_hp_per_floor":[88,88,84,82,82,82,82,75,59,58,45,44,44,35,33,33,88,88,80,66,58,47,41,41,16,12,9,9,3,29,13,38,24,88,98,95,95,91,91,91,88,88,88,88,88,88,88,98,98,91,91,91,98,98,98,98,98],"gold":18,"neow_bonus":"TEN_PERCENT_HP_BONUS","is_daily":false,"chose_seed":false,"campfire_upgraded":6,"win_rate":0.0,"timestamp":1609662985,"path_taken":["R","M","M","M","?","R","T","E","?","?","?","M","R","M","M","BOSS","R","M","M","$","?","M","T","E","M","E","?","M","R","?","M","BOSS","R","M","$","M","PTL","PTL","M","?","T","R","?","R","M","M","R","E","M","BOSS","E","$","R","BOSS"],"items_purchased_type":["Relic","Card","Card","Relic","Relic","Card","Relic","Relic"],"build_version":"2020-12-22","purchased_purges":2,"victory":true,"max_hp_per_floor":[88,88,88,88,88,88,88,88,88,88,88,88,88,88,88,88,88,88,88,88,88,88,88,88,88,88,88,88,88,88,88,88,88,88,98,98,98,98,98,98,98,98,98,98,98,98,98,98,98,98,98,98,98,98,98,98,98],"card_choices":[{"not_picked":["Guardian:Gem_Red","Guardian:DecasProtection"],"picked":"Guardian:ChargeCore","floor":2},{"not_picked":["Guardian:Gem_Crimson","Guardian:RollAttack"],"picked":"Guardian:FloatingOrbs","floor":3},{"not_picked":["Guardian:Gem_Lightblue","Guardian:Gem_Green"],"picked":"Guardian:PiercingHide","floor":4},{"not_picked":["Guardian:PrimingBeam","Guardian:Planning"],"picked":"Guardian:BaubleBeam","floor":8},{"not_picked":["Guardian:Reroute","Guardian:WalkerClaw"],"picked":"Guardian:BronzeArmor","floor":9},{"not_picked":["Guardian:PiercingHide","Guardian:TimeCapacitor"],"picked":"Guardian:Gem_Blue","floor":10},{"not_picked":["Guardian:Clone","Guardian:BronzeArmor"],"picked":"Guardian:Gem_Purple","floor":12},{"not_picked":["Guardian:RollAttack","Guardian:VentSteam"],"picked":"Guardian:Gem_Green","floor":14},{"not_picked":["Guardian:RollAttack","Guardian:WalkerClaw"],"picked":"Guardian:Reroute","floor":15},{"not_picked":["Guardian:FastForward","Guardian:AncientConstruct"],"picked":"Guardian:Gem_Orange","floor":16},{"not_picked":["Guardian:BronzeOrb","Guardian:Incinerate","Guardian:VentSteam+1"],"picked":"Guardian:SentryBeam","floor":19},{"not_picked":["Guardian:DecasProtection","Guardian:PolyBeam","Guardian:Incinerate"],"picked":"Guardian:PrismaticBeam+1","floor":20},{"not_picked":["Guardian:ChargeCore","Guardian:Gem_Fragmented","Guardian:Gem_Orange"],"picked":"Guardian:ShieldCharger","floor":21},{"not_picked":[],"picked":"J.A.X.","floor":22},{"not_picked":["Guardian:ShieldCharger","Guardian:WalkerClaw","Guardian:PrimingBeam"],"picked":"Guardian:PrismaticBarrier","floor":22},{"not_picked":["Guardian:WalkerClaw+1","Guardian:Gem_Green","Guardian:RefractedBeam"],"picked":"Guardian:CrystalBeam","floor":23},{"not_picked":["Guardian:TemporalStrike","Guardian:Incinerate","Guardian:Suspension+1"],"picked":"Guardian:Preprogram+1","floor":25},{"not_picked":["Guardian:MultiBeam+1","Guardian:PrimingBeam","Guardian:WalkerClaw"],"picked":"Guardian:DecasProtection","floor":26},{"not_picked":["Guardian:WalkerClaw","Guardian:AncientConstruct","Guardian:PolyBeam"],"picked":"Guardian:VentSteam","floor":27},{"not_picked":["Guardian:Suspension","Guardian:Planning+1","Guardian:ChargeCore"],"picked":"Guardian:Gem_Orange","floor":29},{"not_picked":["Guardian:Gem_Lightblue","Guardian:Gem_Fragmented","Guardian:RollAttack"],"picked":"Guardian:Gem_Blue","floor":32},{"not_picked":["Guardian:HyperBeam_Guardian","Guardian:BaubleBeam","Guardian:StasisField"],"picked":"Guardian:FastForward","floor":33},{"not_picked":["Guardian:WalkerClaw","Guardian:PrismaticBarrier+1","Guardian:VentSteam"],"picked":"Guardian:Incinerate+1","floor":36},{"not_picked":["Guardian:SentryBeam","Guardian:BronzeOrb","Guardian:PrismaticBarrier"],"picked":"Guardian:ChargeCore","floor":37},{"not_picked":["Guardian:VentSteam+1","Guardian:ShieldSpikes","Guardian:ChargeCore"],"picked":"Guardian:TimeBomb+1","floor":38},{"not_picked":["Guardian:PiercingHide+1","Guardian:Suspension","Guardian:Gem_Blue"],"picked":"Guardian:ShieldCharger","floor":41},{"not_picked":["Guardian:WalkerClaw+1","Guardian:GuardianWhirl","Guardian:ShieldCharger"],"picked":"Guardian:TimeCapacitor","floor":42},{"not_picked":["Guardian:Clone+1","Guardian:ChargeCore+1","Guardian:ShieldSpikes"],"picked":"Guardian:Gem_Blue","floor":47},{"not_picked":["Guardian:RollAttack","Guardian:Clone","Guardian:SpikerProtocol"],"picked":"Guardian:TimeBomb+1","floor":48},{"not_picked":["Guardian:Incinerate+1","Guardian:Gem_Fragmented","Guardian:TemporalStrike"],"picked":"Guardian:Gem_Crimson","floor":50},{"not_picked":["Guardian:Harden","Guardian:RollAttack+1","Guardian:Gem_Green"],"picked":"Guardian:FastForward","floor":51},{"not_picked":["Guardian:RollAttack+1","Guardian:Gem_Cyan","Guardian:BronzeOrb+1"],"picked":"Guardian:Gem_White","floor":54}],"player_experience":136858,"relics_obtained":[{"floor":7,"key":"Replay:Rubber Ducky"},{"floor":8,"key":"DemoMod:Bottle"},{"floor":22,"key":"MutagenicStrength"},{"floor":25,"key":"ReplayFunnel"},{"floor":27,"key":"REME_PuzzleBoxRelic"},{"floor":28,"key":"Ring of Misfortune"},{"floor":28,"key":"Ring of Hypnosis"},{"floor":31,"key":"Necronomicon"},{"floor":42,"key":"Calipers"},{"floor":43,"key":"MawBank"},{"floor":50,"key":"Oddly Smooth Stone"},{"floor":54,"key":"Bottled Flame"}],"event_choices":[{"damage_healed":0,"gold_gain":0,"player_choice":"Fight","damage_taken":0,"max_hp_gain":0,"max_hp_loss":0,"event_name":"Mysterious Sphere","floor":42,"gold_loss":0}],"is_beta":false,"boss_relics":[{"not_picked":["Velvet Choker","Fusion Hammer"],"picked":"Honey Jar"},{"not_picked":["Painkiller Herb","Sozu"],"picked":"Runic Pyramid"}],"items_purged_floors":[37,37],"is_endless":false,"potions_floor_spawned":[2,9,12,14,15,19,25,26,29,42,48,50],"ascension_level":0}}