{"host":"p6y17sixyu8q9v1f","time":1609682052,"event":{"mods":["BaseMod","Colored Map","Minty Spire (QoL Compilation)"],"gold_per_floor":[114,289,239,250,250,250,281,281,362,376,386,401,32,66,66,170,170,186,186,186,186,203,203,237,237,237,237,270,270,286,315,315,315,315],"floor_reached":33,"playtime":2556,"items_purged":["Doubt"],"score":476,"play_id":"81c85063-ca86-41c4-99e0-9033ca0e4cd2","local_time":"20210103075412","is_ascension_mode":true,"campfire_choices":[{"data":"Rage","floor":6,"key":"SMITH"},{"data":"Uppercut","floor":8,"key":"SMITH"},{"data":"Body Slam","floor":15,"key":"SMITH"},{"data":"Flame Barrier","floor":23,"key":"SMITH"},{"data":"Exhume","floor":29,"key":"SMITH"},{"data":"Seeing Red","floor":32,"key":"SMITH"}],"circlet_count":0,"master_deck":["Strike_R","Strike_R","Strike_R","Defend_R","Defend_R","Defend_R","Rage+1","Uppercut+1","Flame Barrier+1","Body Slam+1","Clash","Iron Wave","Reaper","Shrug It Off","Iron Wave","Fire Breathing+1","Rage","Dual Wield","Exhume+1","Entrench","Seeing Red+1"],"relics":["Burning Blood","NeowsBlessing","Omamori","Mercury Hourglass","Letter Opener","Boot","Empty Cage","Necronomicon","Mango","Ornamental Fan","Unceasing Top","Centennial Puzzle"],"acts_visited":["Exordium","TheCity"],"potions_floor_usage":[16,28,31,33],"damage_taken":[{"damage":0,"enemies":"Jaw Worm","floor":1,"turns":1},{"damage":0,"enemies":"Small Slimes","floor":4,"turns":1},{"damage":0,"enemies":"3 Sentries","floor":7,"turns":2},{"damage":10,"enemies":"2 Louse","floor":10,"turns":3},{"damage":3,"enemies":"Looter","floor":11,"turns":4},{"damage":5,"enemies":"Red Slaver","floor":12,"turns":4},{"damage":19,"enemies":"Lagavulin","floor":14,"turns":8},{"damage":21,"enemies":"The Guardian","floor":16,"turns":10},{"damage":5,"enemies":"2 Thieves","floor":18,"turns":4},{"damage":0,"enemies":"3 Byrds","floor":22,"turns":3},{"damage":12,"enemies":"Slavers","floor":24,"turns":6},{"damage":4,"enemies":"Book of Stabbing","floor":28,"turns":5},{"damage":0,"enemies":"Centurion and Healer","floor":30,"turns":5},{"damage":0,"enemies":"Gremlin Leader","floor":31,"turns":5},{"damage":143,"enemies":"Automaton","floor":33,"turns":12}],"seed_played":"-4994440955049119982","potions_obtained":[{"floor":1,"key":"LiquidMemories"},{"floor":14,"key":"Swift Potion"},{"floor":24,"key":"Ancient Potion"},{"floor":28,"key":"LiquidMemories"},{"floor":30,"key":"BloodPotion"}],"is_trial":false,"path_per_floor":["M","?","?","M","?","R","E","R","T","M","M","M","$","E","R","B",null,"M","?","?","?","M","R","E","?","T","?","E","R","M","E","R","B"],"character_chosen":"IRONCLAD","items_purchased":["Iron Wave","Letter Opener"],"campfire_rested":0,"item_purchase_floors":[13,13],"current_hp_per_floor":[80,80,80,80,85,85,85,85,85,81,84,85,85,72,72,57,78,85,69,53,67,103,103,104,104,104,104,104,104,104,104,104,0,0],"gold":315,"neow_bonus":"THREE_ENEMY_KILL","is_daily":false,"chose_seed":false,"campfire_upgraded":6,"win_rate":0.0,"timestamp":1609682052,"path_taken":["M","?","?","M","?","R","E","R","T","M","M","M","$","E","R","BOSS","M","?","?","?","?","R","E","?","T","?","E","R","?","E","R","BOSS"],"items_purchased_type":["Card","Relic"],"build_version":"2020-12-22","purchased_purges":1,"victory":false,"max_hp_per_floor":[80,80,80,80,85,85,85,85,85,85,85,85,85,85,85,85,85,85,85,90,104,104,104,104,104,104,104,104,104,104,104,104,104,104],"card_choices":[{"not_picked":["Thunderclap","Dual Wield"],"picked":"Rage","floor":1},{"not_picked":["Warcry","Twin Strike"],"picked":"Uppercut","floor":4},{"not_picked":["Havoc","Hemokinesis"],"picked":"Flame Barrier","floor":7},{"not_picked":["Dual Wield","Feel No Pain"],"picked":"Body Slam","floor":10},{"not_picked":["Cleave","True Grit","Hemokinesis"],"picked":"SKIP","floor":11},{"not_picked":["Anger","Wild Strike"],"picked":"Clash","floor":12},{"not_picked":["Warcry","Blood for Blood","Headbutt"],"picked":"SKIP","floor":14},{"not_picked":["Immolate","Berserk"],"picked":"Reaper","floor":16},{"not_picked":["Havoc","Twin Strike"],"picked":"Shrug It Off","floor":18},{"not_picked":["Bloodletting","Dual Wield"],"picked":"Iron Wave","floor":22},{"not_picked":["Second Wind","Reckless Charge+1"],"picked":"Fire Breathing+1","floor":24},{"not_picked":["Feel No Pain+1","Perfected Strike"],"picked":"Exhume","floor":28},{"not_picked":["Anger","Disarm"],"picked":"Entrench","floor":30},{"not_picked":["Headbutt+1","Havoc"],"picked":"Seeing Red","floor":31}],"player_experience":890857,"relics_obtained":[{"floor":7,"key":"Omamori"},{"floor":9,"key":"Mercury Hourglass"},{"floor":14,"key":"Boot"},{"floor":19,"key":"Necronomicon"},{"floor":24,"key":"Ornamental Fan"},{"floor":28,"key":"Unceasing Top"},{"floor":31,"key":"Centennial Puzzle"}],"event_choices":[{"damage_healed":0,"gold_gain":175,"player_choice":"AGREE","damage_taken":0,"max_hp_gain":0,"max_hp_loss":0,"event_name":"Liars Game","floor":2,"gold_loss":0,"cards_obtained":["Doubt"]},{"cards_removed":["Defend_R"],"damage_healed":0,"gold_gain":0,"player_choice":"Card Removal","damage_taken":0,"max_hp_gain":0,"max_hp_loss":0,"event_name":"The Cleric","floor":3,"gold_loss":50},{"damage_healed":0,"gold_gain":0,"player_choice":"Donut","damage_taken":0,"max_hp_gain":5,"max_hp_loss":0,"event_name":"Big Fish","floor":5,"gold_loss":0},{"damage_healed":0,"gold_gain":0,"player_choice":"Obtained Book","damage_taken":16,"max_hp_gain":0,"max_hp_loss":0,"event_name":"Cursed Tome","floor":19,"gold_loss":0},{"damage_healed":0,"gold_gain":0,"player_choice":"Shed Blood","damage_taken":21,"max_hp_gain":5,"max_hp_loss":0,"event_name":"Forgotten Altar","floor":20,"gold_loss":0},{"damage_healed":0,"gold_gain":0,"player_choice":"Opened","damage_taken":0,"relics_obtained":["Mango"],"max_hp_gain":0,"max_hp_loss":0,"event_name":"The Mausoleum","floor":21,"gold_loss":0,"cards_obtained":["Writhe"]},{"damage_healed":0,"gold_gain":0,"player_choice":"Read","damage_taken":0,"max_hp_gain":0,"max_hp_loss":0,"event_name":"The Library","floor":25,"gold_loss":0,"cards_obtained":["Rage"]},{"damage_healed":0,"gold_gain":0,"cards_transformed":["Strike_R"],"player_choice":"Transformed","damage_taken":0,"max_hp_gain":0,"max_hp_loss":0,"event_name":"Transmorgrifier","floor":27,"gold_loss":0,"cards_obtained":["Dual Wield"]}],"is_beta":false,"boss_relics":[{"not_picked":["SacredBark","SlaversCollar"],"picked":"Empty Cage"}],"items_purged_floors":[13],"is_endless":false,"potions_floor_spawned":[1,14,24,28,30],"killed_by":"Automaton","ascension_level":5}}