{"host":"p6s16n2sj7zvsuor","time":1609685912,"event":{"mods":["BaseMod","Minty Spire (QoL Compilation)"],"gold_per_floor":[113,113,132,147,97,97,123,138,210,228,153,165,65,76,76,174,174,163,177,177,177],"floor_reached":20,"playtime":670,"items_purged":["Strike_G","Strike_G"],"score":218,"play_id":"dbeae4e1-e624-4f18-8168-1057ec4b5f20","local_time":"20210103165832","is_ascension_mode":true,"campfire_choices":[{"data":"Bouncing Flask","floor":6,"key":"SMITH"},{"floor":15,"key":"REST"}],"circlet_count":0,"master_deck":["Strike_G","Strike_G","Defend_G","Defend_G","Defend_G","Defend_G","Defend_G","Survivor","Neutralize","Terror","Footwork","Bouncing Flask+1","Outmaneuver","Poisoned Stab","Concentrate","Night Terror","Blur","Footwork"],"relics":["Ring of the Snake","NeowsBlessing","Snake Skull","Odd Mushroom","Sozu"],"acts_visited":["Exordium","TheCity"],"potions_floor_usage":[12,16],"damage_taken":[{"damage":0,"enemies":"Small Slimes","floor":1,"turns":1},{"damage":0,"enemies":"Cultist","floor":3,"turns":1},{"damage":0,"enemies":"Jaw Worm","floor":4,"turns":1},{"damage":35,"enemies":"The Mushroom Lair","floor":7,"turns":7},{"damage":9,"enemies":"Looter","floor":8,"turns":3},{"damage":5,"enemies":"Blue Slaver","floor":10,"turns":2},{"damage":9,"enemies":"Exordium Wildlife","floor":12,"turns":2},{"damage":0,"enemies":"Gremlin Gang","floor":14,"turns":5},{"damage":4,"enemies":"Hexaghost","floor":16,"turns":7},{"damage":24,"enemies":"2 Thieves","floor":18,"turns":5},{"damage":13,"enemies":"Spheric Guardian","floor":19,"turns":4},{"damage":37,"enemies":"Cultist and Chosen","floor":20,"turns":6}],"seed_played":"4774155418923423405","potions_obtained":[{"floor":1,"key":"SteroidPotion"},{"floor":7,"key":"Strength Potion"},{"floor":8,"key":"EssenceOfSteel"},{"floor":10,"key":"Poison Potion"}],"is_trial":false,"path_per_floor":["M","?","M","M","?","R","?","M","T","M","$","M","$","M","R","B",null,"M","M","M"],"character_chosen":"THE_SILENT","items_purchased":[],"campfire_rested":1,"item_purchase_floors":[],"current_hp_per_floor":[63,63,63,63,63,63,28,19,19,14,14,5,5,5,26,22,58,34,21,0,0],"gold":177,"neow_bonus":"THREE_ENEMY_KILL","is_daily":false,"chose_seed":false,"campfire_upgraded":1,"win_rate":0.0,"timestamp":1609685912,"path_taken":["M","?","M","?","?","R","?","M","T","M","$","M","?","M","R","BOSS","M","M","M"],"items_purchased_type":[],"build_version":"2020-12-22","purchased_purges":2,"victory":false,"max_hp_per_floor":[70,70,70,70,70,70,70,70,70,70,70,70,70,70,70,70,70,70,70,70,70],"card_choices":[{"not_picked":["Endless Agony","Deflect"],"picked":"Terror","floor":1},{"not_picked":["Slice","Flying Knee"],"picked":"Footwork","floor":3},{"not_picked":["Leg Sweep","Calculated Gamble"],"picked":"Bouncing Flask","floor":4},{"not_picked":["Expertise","Masterful Stab"],"picked":"Outmaneuver","floor":7},{"not_picked":["PiercingWail","Expertise"],"picked":"Poisoned Stab","floor":8},{"not_picked":["Dagger Spray","Dagger Throw"],"picked":"Concentrate","floor":10},{"not_picked":["Riddle With Holes","Accuracy","Acrobatics"],"picked":"SKIP","floor":12},{"not_picked":["Dagger Spray","Tactician","Endless Agony"],"picked":"SKIP","floor":14},{"not_picked":["Phantasmal Killer","Grand Finale"],"picked":"Night Terror","floor":16},{"not_picked":["Backflip","Bane+1"],"picked":"Blur","floor":18},{"not_picked":["Flying Knee+1","Distraction+1"],"picked":"Footwork","floor":19}],"player_experience":781513,"relics_obtained":[{"floor":7,"key":"Odd Mushroom"}],"event_choices":[{"damage_healed":0,"gold_gain":0,"player_choice":"Gave Potion","damage_taken":0,"relics_obtained":["Snake Skull"],"max_hp_gain":0,"max_hp_loss":0,"event_name":"WeMeetAgain","floor":2,"gold_loss":0},{"cards_removed":["Strike_G"],"damage_healed":0,"gold_gain":0,"player_choice":"Card Removal","damage_taken":0,"max_hp_gain":0,"max_hp_loss":0,"event_name":"The Cleric","floor":5,"gold_loss":50},{"damage_healed":0,"gold_gain":0,"player_choice":"Fought Mushrooms","damage_taken":0,"max_hp_gain":0,"max_hp_loss":0,"event_name":"Mushrooms","floor":7,"gold_loss":0}],"is_beta":false,"boss_relics":[{"not_picked":["Ectoplasm","Coffee Dripper"],"picked":"Sozu"}],"items_purged_floors":[11,13],"is_endless":false,"potions_floor_spawned":[1,7,8,10,18],"killed_by":"Cultist and Chosen","ascension_level":6}}