{"host":"a1u4jo6xlg3w0wsm","time":1609654356,"event":{"mods":["BaseMod","Better Third Choice","DeckTracker","Downfall","Hermit","Hubris","Minty Spire (QoL Compilation)","Replay The Spire","StSLib"],"gold_per_floor":[118,135,152,216,216,266,299,334,334,90,118,118,152,181,181,284,284,319,317,352,131,165,165,97,97,121,130,130,170,222,275,275,381,440,440,576,451,520,86,113,113,113,113],"floor_reached":42,"playtime":3458,"items_purged":["hermit:Roulette","hermit:Defend_Hermit"],"score":641,"play_id":"9f19bb87-bab1-4b43-b0c5-5fa10530c0e6","local_time":"20210103191236","is_ascension_mode":true,"campfire_choices":[{"floor":12.0,"key":"REST"},{"data":"hermit:CursedWeapon","floor":15.0,"key":"SMITH"},{"floor":23.0,"key":"REST"},{"data":"hermit:Maintenance","floor":25.0,"key":"SMITH"},{"floor":32.0,"key":"RECALL"},{"data":"hermit:ShadowCloak","floor":41.0,"key":"SMITH"}],"circlet_count":0,"master_deck":["hermit:Strike_Hermit","hermit:Strike_Hermit","hermit:Strike_Hermit","hermit:Strike_Hermit","hermit:Defend_Hermit","hermit:Defend_Hermit","hermit:Defend_Hermit","hermit:Snapshot","hermit:Covet","hermit:Vantage","hermit:HoleUp","hermit:SprayPray","Hallucinations","hermit:CursedWeapon+1","hermit:Quickdraw","hermit:Dive","hermit:NoHoldsBarred","hermit:GhostlyPresence","hermit:Dissolve","CurseOfTheBell","hermit:Maintenance+1","hermit:Glare+1","hermit:Misfire","hermit:Grudge+1","Writhe","hermit:Misfire","hermit:Quickdraw","hermit:Coalescence","hermit:Reprieve","hermit:Quickdraw","hermit:ShadowCloak+1","hermit:Maintenance","hermit:ItchyTrigger","hermit:FlashPowder"],"relics":["hermit:Momento","NeowsBlessing","ReplayTheSpireMod:Ring of Challenge","Ring of Misfortune","Kunai","Mirror","hermit:Horseshoe","Garlic","ReplayTheSpireMod:Lightbulb","Calling Bell","CeramicFish","InkBottle","Turnip","Regal Pillow","Juzu Bracelet","Bird Faced Urn","Replay:Accelerometer","Strawberry","ReplayTheSpireMod:Ninjato","Tiny House","Ancient Tea Set","Gremlin Horn","Torii"],"acts_visited":["Exordium","TheCity","TheBeyond"],"potions_floor_usage":[],"damage_taken":[{"damage":0.0,"enemies":"2 Louse","floor":1.0,"turns":1.0},{"damage":0.0,"enemies":"Small Slimes","floor":2.0,"turns":1.0},{"damage":0.0,"enemies":"Cultist","floor":3.0,"turns":1.0},{"damage":5.0,"enemies":"3 Sentries","floor":6.0,"turns":16.0},{"damage":11.0,"enemies":"Lots of Slimes","floor":7.0,"turns":7.0},{"damage":2.0,"enemies":"Exordium Thugs","floor":8.0,"turns":5.0},{"damage":10.0,"enemies":"Gremlin Nob","floor":11.0,"turns":3.0},{"damage":4.0,"enemies":"2 Fungi Beasts","floor":13.0,"turns":4.0},{"damage":8.0,"enemies":"Lagavulin","floor":14.0,"turns":5.0},{"damage":5.0,"enemies":"The Guardian","floor":16.0,"turns":11.0},{"damage":6.0,"enemies":"Spheric Guardian","floor":18.0,"turns":6.0},{"damage":17.0,"enemies":"2 Thieves","floor":19.0,"turns":4.0},{"damage":16.0,"enemies":"Snecko","floor":20.0,"turns":4.0},{"damage":0.0,"enemies":"Chosen and Byrds","floor":22.0,"turns":11.0},{"damage":0.0,"enemies":"Slavers","floor":29.0,"turns":3.0},{"damage":0.0,"enemies":"Snake Plant","floor":30.0,"turns":7.0},{"damage":11.0,"enemies":"Replay:Snechameleon","floor":31.0,"turns":5.0},{"damage":1.0,"enemies":"hubris:MusketHawk","floor":33.0,"turns":14.0},{"damage":0.0,"enemies":"3 Darklings","floor":35.0,"turns":1.0},{"damage":11.0,"enemies":"Orb Walker","floor":38.0,"turns":7.0},{"damage":0.0,"enemies":"Nemesis","floor":40.0,"turns":11.0},{"damage":6,"enemies":"Giant Head","floor":42,"turns":7}],"seed_played":"1699952625342484030","potions_obtained":[{"floor":6.0,"key":"hexamod:EctoCoolerPotion"},{"floor":11.0,"key":"Adrenaline Potion"},{"floor":14.0,"key":"Slimebound:ThreeZeroPotion"},{"floor":16.0,"key":"SkillPotion"},{"floor":20.0,"key":"Explosive Potion"},{"floor":22.0,"key":"Adrenaline Potion"},{"floor":29.0,"key":"hermit:Tonic"},{"floor":33.0,"key":"Fire Potion"},{"floor":34.0,"key":"SmokeBomb"}],"is_trial":false,"path_per_floor":["M","M","M","?","?","E","M","M","T","$","E","R","M","E","R","B",null,"M","M","M","$","M","R","$","R","T","?","?","E","M","E","R","B",null,"M","?","?","M","$","E","R","E"],"character_chosen":"HERMIT","items_purchased":["hermit:Horseshoe","Regal Pillow","hermit:Grudge","DuplicationPotion","Gremlin Horn"],"campfire_rested":2,"item_purchase_floors":[10,21,24,39,39],"current_hp_per_floor":[75,75,75,75,75,70,59,57,57,57,47,69,65,57,57,52,75,69,52,36,36,36,73,73,73,73,73,73,73,80,69,69,68,87,87,87,87,78,78,80,80,76,76],"gold":113,"neow_bonus":"THREE_ENEMY_KILL","is_daily":false,"chose_seed":false,"campfire_upgraded":3,"win_rate":0.0,"timestamp":1609654356,"path_taken":["M","M","M","?","?","E","M","M","T","$","E","R","M","E","R","BOSS","M","M","M","$","M","R","$","R","T","?","?","E","M","E","R","BOSS","M","?","?","M","$","E","R","E"],"items_purchased_type":["Relic","Relic","Card","Potion","Relic"],"build_version":"2020-12-13","purchased_purges":2,"victory":false,"max_hp_per_floor":[75,75,75,75,75,75,75,75,75,75,75,75,75,75,75,75,75,75,75,75,75,75,75,75,75,75,75,75,75,82,82,82,82,87,87,87,87,87,87,87,87,87,87],"card_choices":[{"not_picked":["hermit:Dive","hermit:Desperado"],"picked":"hermit:Vantage","floor":1.0},{"not_picked":["hermit:Manifest","hermit:Shortfuse"],"picked":"hermit:HoleUp","floor":2.0},{"not_picked":["hermit:WideOpen","hermit:HighCaliber"],"picked":"hermit:SprayPray","floor":3.0},{"not_picked":["hermit:BlackWind","hermit:SprayPray"],"picked":"hermit:CursedWeapon","floor":6.0},{"not_picked":["hermit:Headshot","hermit:Dive"],"picked":"hermit:Quickdraw","floor":7.0},{"not_picked":["hermit:Desperado","hermit:TakeCover"],"picked":"hermit:Roulette","floor":8.0},{"not_picked":["hermit:Desperado","hermit:Purgatory"],"picked":"hermit:Dive","floor":11.0},{"not_picked":["hermit:Cheat","hermit:Combo"],"picked":"hermit:NoHoldsBarred","floor":13.0},{"not_picked":["hermit:Feint","hermit:LoneWolf"],"picked":"hermit:GhostlyPresence","floor":14.0},{"not_picked":["hermit:Adapt","hermit:Gambit"],"picked":"hermit:Dissolve","floor":16.0},{"not_picked":["hermit:PistolWhip","hermit:FromBeyond"],"picked":"hermit:Maintenance","floor":18.0},{"not_picked":["hermit:DeadMansHand+1","hermit:Midnight","hermit:HoleUp"],"picked":"SKIP","floor":19.0},{"not_picked":["hermit:WideOpen+1","hermit:Cheat"],"picked":"hermit:Glare+1","floor":20.0},{"not_picked":["hermit:GhostlyPresence","hermit:LoneWolf"],"picked":"hermit:Misfire","floor":22.0},{"not_picked":["hermit:BlackWind","hermit:CalledShot"],"picked":"hermit:Misfire","floor":29.0},{"not_picked":["hermit:Midnight","hermit:BigShot"],"picked":"hermit:Quickdraw","floor":30.0},{"not_picked":["hermit:Brawl+1","hermit:Shortfuse"],"picked":"hermit:Coalescence","floor":31.0},{"not_picked":["hermit:EternalForm","hermit:DeadOrAlive"],"picked":"hermit:Reprieve","floor":33.0},{"not_picked":["hermit:Feint","hermit:Glare"],"picked":"hermit:Quickdraw","floor":34.0},{"not_picked":["hermit:LuckOfTheDraw","hermit:HighCaliber"],"picked":"hermit:ShadowCloak","floor":36.0},{"not_picked":["hermit:Coalescence+1","hermit:ItchyTrigger"],"picked":"hermit:Maintenance","floor":36.0},{"not_picked":["hermit:LowProfile+1","hermit:TakeCover"],"picked":"hermit:ItchyTrigger","floor":36.0},{"not_picked":["hermit:Headshot","hermit:TrackingShot"],"picked":"hermit:FlashPowder","floor":38.0},{"not_picked":["hermit:SprayPray+1","hermit:Snipe+1","hermit:Adapt"],"picked":"SKIP","floor":40.0}],"player_experience":281849,"relics_obtained":[{"floor":5.0,"key":"ReplayTheSpireMod:Ring of Challenge"},{"floor":5.0,"key":"Ring of Misfortune"},{"floor":6.0,"key":"Kunai"},{"floor":9.0,"key":"Mirror"},{"floor":11.0,"key":"Garlic"},{"floor":14.0,"key":"ReplayTheSpireMod:Lightbulb"},{"floor":17.0,"key":"CeramicFish"},{"floor":17.0,"key":"InkBottle"},{"floor":17.0,"key":"Turnip"},{"floor":26.0,"key":"Juzu Bracelet"},{"floor":29.0,"key":"Replay:Accelerometer"},{"floor":30.0,"key":"Strawberry"},{"floor":31.0,"key":"ReplayTheSpireMod:Ninjato"},{"floor":40.0,"key":"Torii"}],"event_choices":[{"damage_healed":0.0,"max_hp_gain":0.0,"max_hp_loss":0.0,"gold_gain":64.0,"event_name":"Golden Wing","player_choice":"Gained Gold","floor":4.0,"gold_loss":0.0,"damage_taken":0.0},{"damage_healed":0.0,"max_hp_gain":0.0,"max_hp_loss":0.0,"gold_gain":0.0,"event_name":"The Mausoleum","player_choice":"Opened","floor":27.0,"gold_loss":0.0,"damage_taken":0.0,"relics_obtained":["Bird Faced Urn"],"cards_obtained":["Writhe"]},{"damage_healed":0.0,"max_hp_gain":0.0,"max_hp_loss":0.0,"gold_gain":0.0,"event_name":"Vampires","player_choice":"Ignored","floor":28.0,"gold_loss":0.0,"damage_taken":0.0},{"damage_healed":0.0,"max_hp_gain":0.0,"max_hp_loss":0.0,"gold_gain":0.0,"event_name":"WeMeetAgain","player_choice":"Paid Gold","floor":37.0,"gold_loss":125.0,"damage_taken":0.0,"relics_obtained":["Ancient Tea Set"]}],"is_beta":false,"boss_relics":[{"not_picked":["Runic Dome","hubris:CrackedHourglass"],"picked":"Calling Bell"},{"not_picked":["Ring of Chaos","Honey Jar"],"picked":"Tiny House"}],"items_purged_floors":[21,39],"is_endless":false,"potions_floor_spawned":[6,11,14,16,20,22,29,33],"killed_by":"Giant Head","ascension_level":3}}