{"host":"8fjsnt81u6xsmhji","time":1609664942,"event":{"mods":["BaseMod","Beaked The Cultist","Colored Powertips","Downfall","Glutton Mod","Hermit","Minty Spire (QoL Compilation)","Quick Restart","StSLib","The Bug Knight","The Forsaken","The Hierophant","The Runesmith"],"gold_per_floor":[114,114,126,126,144,144,174,174,174,174,193,40,66,85,85,194,194,215,200,222,222,222],"floor_reached":21,"playtime":1008,"items_purged":[],"score":201,"play_id":"a0195960-4674-4ca4-b8fc-0c2faf7e8214","local_time":"20210103030902","is_ascension_mode":true,"campfire_choices":[{"data":"Runesmith:CraftFirestone","floor":6,"key":"SMITH"},{"floor":10,"key":"REST"},{"floor":15,"key":"REST"}],"circlet_count":0,"master_deck":["Runesmith:Strike_RS","Runesmith:Strike_RS","Runesmith:Strike_RS","Runesmith:Strike_RS","Runesmith:Defend_RS","Runesmith:Defend_RS","Runesmith:Defend_RS","Runesmith:CraftFirestone+1","Runesmith:Fortify","Runesmith:Fortify","Runesmith:CraftProtectio","Runesmith:EnergizedChisel","Runesmith:RunicBlueprint","Pain","Runesmith:GoWithTheFlow","Runesmith:Empowerment","Runesmith:ChaoticBlast","Runesmith:CraftPrismatica","Runesmith:EarthShield","Runesmith:Grindstone"],"relics":["Runesmith:BrokenRuby","Bottled Flame","WarpedTongs","Question Card","CeramicFish","Philosopher\u0027s Stone"],"acts_visited":["Exordium","TheCity"],"potions_floor_usage":[11,11,16,16,18,19,20],"damage_taken":[{"damage":1,"enemies":"Small Slimes","floor":1,"turns":3},{"damage":0,"enemies":"Cultist","floor":3,"turns":3},{"damage":0,"enemies":"2 Louse","floor":5,"turns":3},{"damage":43,"enemies":"Gremlin Nob","floor":7,"turns":6},{"damage":19,"enemies":"Gremlin Gang","floor":11,"turns":4},{"damage":10,"enemies":"Looter","floor":13,"turns":4},{"damage":13,"enemies":"Blue Slaver","floor":14,"turns":4},{"damage":8,"enemies":"Hexaghost","floor":16,"turns":9},{"damage":7,"enemies":"Chosen","floor":18,"turns":6},{"damage":22,"enemies":"2 Thieves","floor":19,"turns":4},{"damage":49,"enemies":"Snake Plant","floor":20,"turns":6},{"damage":13,"enemies":"Centurion and Healer","floor":21,"turns":2}],"seed_played":"3967895890721476563","potions_obtained":[{"floor":7,"key":"EntropicBrew"},{"floor":13,"key":"Block Potion"},{"floor":14,"key":"PowerPotion"},{"floor":16,"key":"champ:CounterPotion"},{"floor":19,"key":"Regen Potion"}],"is_trial":false,"path_per_floor":["M","?","M","$","M","R","E","?","T","R","M","$","M","M","R","B",null,"M","M","M","M"],"character_chosen":"RUNESMITH_CLASS","items_purchased":["CeramicFish"],"campfire_rested":2,"item_purchase_floors":[12],"current_hp_per_floor":[69,69,69,69,69,69,26,26,26,47,28,28,18,5,26,18,70,63,41,7,0,0],"gold":222,"neow_bonus":"REMOVE_CARD","is_daily":false,"chose_seed":false,"campfire_upgraded":1,"win_rate":0.0,"timestamp":1609664942,"path_taken":["M","?","M","?","M","R","E","?","T","R","M","$","M","M","R","BOSS","M","M","M","?"],"items_purchased_type":["Relic"],"build_version":"2020-12-22","purchased_purges":0,"victory":false,"max_hp_per_floor":[70,70,70,70,70,70,70,70,70,70,70,70,70,70,70,70,70,70,70,70,70,70],"card_choices":[{"not_picked":["Runesmith:UnstableHammer","Runesmith:BackupBattery","Runesmith:MakeshiftArmor"],"picked":"SKIP","floor":1},{"not_picked":["Runesmith:HeatExchange","Runesmith:CraftReservo"],"picked":"Runesmith:CraftProtectio","floor":3},{"not_picked":["Runesmith:Superposition","Runesmith:ElementalConversion"],"picked":"Runesmith:EnergizedChisel","floor":5},{"not_picked":["Runesmith:Superposition","Runesmith:Accelerate"],"picked":"Runesmith:RunicBlueprint","floor":7},{"not_picked":["Runesmith:Repurpose","Runesmith:CraftProtectio","Runesmith:WhiteBalance"],"picked":"Runesmith:GoWithTheFlow","floor":11},{"not_picked":["Runesmith:ReplicatingBarrier","Runesmith:OneForEveryone","Runesmith:CraftSpiculum"],"picked":"Runesmith:Empowerment","floor":13},{"not_picked":["Runesmith:CraftIncendium","Runesmith:DoubleUp","Runesmith:Attraction"],"picked":"Runesmith:ChaoticBlast","floor":14},{"not_picked":["Runesmith:LastStand","Runesmith:CraftMedicinae","Runesmith:Duplicate"],"picked":"Runesmith:CraftPrismatica","floor":16},{"not_picked":["Runesmith:EnergizedChisel","Runesmith:Retool","Runesmith:ChargedHammer"],"picked":"Runesmith:EarthShield","floor":18},{"not_picked":["Runesmith:Repurpose","Runesmith:EnergizedChisel","Runesmith:StaticCage","Runesmith:MakeshiftArmor"],"picked":"SKIP","floor":19},{"not_picked":["Runesmith:Superposition","Runesmith:HammerAndChisel+1","Runesmith:HeatExchange"],"picked":"Runesmith:Grindstone","floor":20}],"player_experience":701668,"relics_obtained":[{"floor":7,"key":"Bottled Flame"},{"floor":9,"key":"Question Card"}],"event_choices":[{"damage_healed":0,"gold_gain":0,"player_choice":"1 cards matched","damage_taken":0,"max_hp_gain":0,"max_hp_loss":0,"event_name":"Match and Keep!","floor":2,"gold_loss":0,"cards_obtained":["Runesmith:Fortify"]},{"damage_healed":0,"gold_gain":0,"player_choice":"Rummage","damage_taken":0,"relics_obtained":["WarpedTongs"],"max_hp_gain":0,"max_hp_loss":0,"event_name":"Accursed Blacksmith","floor":8,"gold_loss":0,"cards_obtained":["Pain"]}],"is_beta":false,"boss_relics":[{"not_picked":["Runesmith:PocketReactor","Sozu"],"picked":"Philosopher\u0027s Stone"}],"items_purged_floors":[],"is_endless":false,"potions_floor_spawned":[7,13,14,16,19],"killed_by":"Centurion and Healer","ascension_level":2}}