{"host":"36mulxq349byzoa2","time":1609703413,"event":{"mods":["AchievementEnabler","BaseMod","Better Match","Block Reminder","Colored Map","Colored Powertips","Minty Spire (QoL Compilation)","Rare Cards Sparkle","StSLib","SuperFastMode"],"gold_per_floor":[116,141,41,12,12,38,38,71,124,124,142,158,158,190,190,263,263,274,274,90,103,74,74,109,120,145,145,155,155,187,200,200,200,200],"floor_reached":33,"playtime":1011,"items_purged":["Defend_G","Defend_G"],"score":684,"play_id":"9f89989e-fecf-4449-944e-353a8ae5c1ea","local_time":"20210103145013","is_ascension_mode":true,"campfire_choices":[{"data":"Leg Sweep","floor":7,"key":"SMITH"},{"data":"Dagger Spray","floor":10,"key":"SMITH"},{"data":"Backflip","floor":13,"key":"SMITH"},{"data":"Footwork","floor":15,"key":"SMITH"},{"data":"Catalyst","floor":23,"key":"SMITH"},{"data":"Well Laid Plans","floor":27,"key":"SMITH"},{"floor":29,"key":"REST"},{"floor":32,"key":"REST"}],"circlet_count":0,"master_deck":["AscendersBane","Strike_G","Defend_G","Defend_G","Defend_G","Survivor","Neutralize+1","Slice","Dagger Throw","Dagger Spray+1","Leg Sweep+1","Escape Plan","Backflip+1","Footwork+1","Wraith Form v2","Die Die Die+1","Doppelganger+1","Noxious Fumes+1","Catalyst+1","Well Laid Plans+1","Poisoned Stab+1","Deadly Poison","Crippling Poison","Tools of the Trade","Deadly Poison"],"relics":["Ring of the Snake","NeowsBlessing","Centennial Puzzle","Ninja Scroll","Mummified Hand","Juzu Bracelet","Art of War","Astrolabe","Prayer Wheel","Anchor","Incense Burner"],"acts_visited":["Exordium","TheCity"],"potions_floor_usage":[14,16,24,30,33,33],"damage_taken":[{"damage":0,"enemies":"Cultist","floor":1,"turns":1},{"damage":0,"enemies":"3 Sentries","floor":6,"turns":1},{"damage":0,"enemies":"Lagavulin","floor":8,"turns":1},{"damage":2,"enemies":"Jaw Worm","floor":11,"turns":2},{"damage":0,"enemies":"2 Louse","floor":12,"turns":1},{"damage":17,"enemies":"Gremlin Nob","floor":14,"turns":4},{"damage":14,"enemies":"The Guardian","floor":16,"turns":18},{"damage":3,"enemies":"Shell Parasite","floor":18,"turns":6},{"damage":0,"enemies":"Spheric Guardian","floor":21,"turns":5},{"damage":22,"enemies":"Gremlin Leader","floor":24,"turns":5},{"damage":0,"enemies":"Chosen and Byrds","floor":25,"turns":6},{"damage":1,"enemies":"Cultist and Chosen","floor":28,"turns":5},{"damage":34,"enemies":"Book of Stabbing","floor":30,"turns":6},{"damage":0,"enemies":"Snecko","floor":31,"turns":3},{"damage":46,"enemies":"Automaton","floor":33,"turns":6}],"seed_played":"5985442538741360424","potions_obtained":[{"floor":1,"key":"ColorlessPotion"},{"floor":12,"key":"Swift Potion"},{"floor":18,"key":"Block Potion"},{"floor":25,"key":"EssenceOfSteel"},{"floor":30,"key":"Regen Potion"},{"floor":31,"key":"SkillPotion"}],"is_trial":false,"path_per_floor":["M","T","$","$","?","E","R","E","T","R","M","M","R","E","R","B",null,"M","?","$","M","$","R","E","M","T","R","M","R","E","M","R","B"],"character_chosen":"THE_SILENT","items_purchased":["Dagger Throw","Dagger Spray","Well Laid Plans","Deadly Poison"],"campfire_rested":2,"item_purchase_floors":[3,4,20,22],"current_hp_per_floor":[59,59,59,59,59,59,59,59,59,59,57,57,57,40,40,26,56,53,53,53,53,53,53,31,31,31,31,30,49,15,15,34,0,0],"gold":200,"neow_bonus":"THREE_ENEMY_KILL","is_daily":false,"chose_seed":false,"campfire_upgraded":6,"win_rate":0.0,"timestamp":1609703413,"path_taken":["M","?","?","$","?","E","R","E","T","R","M","M","R","E","R","BOSS","M","?","?","M","$","R","E","M","T","R","M","R","E","M","R","BOSS"],"items_purchased_type":["Card","Card","Card","Card"],"build_version":"2020-12-22","purchased_purges":2,"victory":false,"max_hp_per_floor":[66,66,66,66,66,66,66,66,66,66,66,66,66,66,66,66,66,66,66,66,66,66,66,66,66,66,66,66,66,66,66,66,66,66],"card_choices":[{"not_picked":["Infinite Blades","Finisher"],"picked":"Slice","floor":1},{"not_picked":["Unload","Prepared"],"picked":"Leg Sweep","floor":6},{"not_picked":["Cloak And Dagger","Deflect","Dodge and Roll"],"picked":"SKIP","floor":8},{"not_picked":["Dodge and Roll","Backstab"],"picked":"Escape Plan","floor":11},{"not_picked":["Poisoned Stab","Dodge and Roll"],"picked":"Backflip","floor":12},{"not_picked":["Tactician","Accuracy"],"picked":"Footwork","floor":14},{"not_picked":["Envenom","Night Terror"],"picked":"Wraith Form v2","floor":16},{"not_picked":["Expertise","Masterful Stab","Dagger Throw"],"picked":"SKIP","floor":18},{"not_picked":["Dash","Dagger Spray"],"picked":"Poisoned Stab+1","floor":21},{"not_picked":["Tactician","Doppelganger","Accuracy"],"picked":"SKIP","floor":24},{"not_picked":["Sucker Punch","Choke"],"picked":"Crippling Poison","floor":25},{"not_picked":["Blade Dance","Backflip","Endless Agony"],"picked":"SKIP","floor":25},{"not_picked":["Calculated Gamble","Leg Sweep","Outmaneuver+1"],"picked":"SKIP","floor":28},{"not_picked":["Dash","Deflect","Sucker Punch"],"picked":"SKIP","floor":28},{"not_picked":["Slice","All Out Attack","Dagger Spray"],"picked":"SKIP","floor":30},{"not_picked":["Infinite Blades+1","Poisoned Stab"],"picked":"Tools of the Trade","floor":31},{"not_picked":["Calculated Gamble","Backflip"],"picked":"Deadly Poison","floor":31}],"player_experience":1003166,"relics_obtained":[{"floor":2,"key":"Centennial Puzzle"},{"floor":6,"key":"Ninja Scroll"},{"floor":8,"key":"Mummified Hand"},{"floor":9,"key":"Juzu Bracelet"},{"floor":14,"key":"Art of War"},{"floor":24,"key":"Prayer Wheel"},{"floor":26,"key":"Anchor"},{"floor":30,"key":"Incense Burner"}],"event_choices":[{"damage_healed":0,"gold_gain":0,"player_choice":"Grow","damage_taken":0,"max_hp_gain":0,"max_hp_loss":0,"event_name":"Living Wall","floor":5,"gold_loss":0,"cards_upgraded":["Neutralize"]},{"damage_healed":0,"gold_gain":0,"cards_transformed":["Strike_G"],"player_choice":"Transformed","damage_taken":0,"max_hp_gain":0,"max_hp_loss":0,"event_name":"Transmorgrifier","floor":19,"gold_loss":0,"cards_obtained":["Catalyst"]}],"is_beta":false,"boss_relics":[{"not_picked":["Runic Dome","Ring of the Serpent"],"picked":"Astrolabe"}],"items_purged_floors":[3,20],"is_endless":false,"potions_floor_spawned":[1,12,18,25,30,31],"killed_by":"Automaton","ascension_level":19}}