{"host":"h3c6rtdc4153hgw2","time":1609703058,"event":{"mods":["AchievementEnabler","Aspiration","BaseMod","Beaked The Cultist","Colored Map","Colored Powertips","Googly Eyes","Hermit","Hubris","Marisa????????","Minty Spire (QoL Compilation)","Permanent Neow","Quick Restart","StSLib","The Construct","The Cursed","The Hierophant","The Necromancer"],"gold_per_floor":[118,134,134,134,153,153,153,153,153,153,165,196,196,45,45,142,142,153,252,252,268,281,281,137,137,137],"floor_reached":25,"playtime":1114,"items_purged":[],"score":199,"play_id":"088e211f-1c8c-4902-9f67-c527e0d31093","local_time":"20210103194418","is_ascension_mode":false,"campfire_choices":[{"data":"beaked:Hexing","floor":6,"key":"SMITH"},{"floor":8,"key":"REST"},{"floor":10,"key":"REST"},{"floor":13,"key":"REST"},{"floor":15,"key":"REST"},{"data":"beaked:Ceremony","floor":23,"key":"SMITH"}],"circlet_count":0,"master_deck":["beaked:Strike_Y","beaked:Strike_Y+1","beaked:Strike_Y","beaked:Strike_Y","beaked:Strike_Y","beaked:Strike_Y+1","beaked:Defend_Y","beaked:Ceremony","beaked:Ceremony+1","beaked:Ceremony","beaked:Daydream","Deflect+1","Cloak And Dagger","beaked:Hexing+1","beaked:BraceForImpact","beaked:Tweet","beaked:FakeOut+1","beaked:TuckingFeathers+1","beaked:CrazyRituals"],"relics":["beaked:MendingPlumage","PreservedInsect","Omamori","Sling","hubris:FruitBowl","beaked:ShinyBauble","Molten Egg 2","Blood Vial","Empty Cage","Whetstone"],"acts_visited":["Exordium","TheCity"],"potions_floor_usage":[12],"damage_taken":[{"damage":5,"enemies":"Small Slimes","floor":1,"turns":4},{"damage":16,"enemies":"Jaw Worm","floor":2,"turns":6},{"damage":9,"enemies":"Cultist","floor":5,"turns":4},{"damage":32,"enemies":"Large Slime","floor":11,"turns":5},{"damage":28,"enemies":"Lagavulin","floor":12,"turns":5},{"damage":37,"enemies":"Slime Boss","floor":16,"turns":8},{"damage":42,"enemies":"Shell Parasite","floor":18,"turns":8},{"damage":23,"enemies":"Chosen","floor":21,"turns":7},{"damage":62,"enemies":"Sentry and Sphere","floor":22,"turns":8},{"damage":44,"enemies":"Snecko","floor":25,"turns":5}],"seed_played":"-2031402816358700263","potions_obtained":[{"floor":5,"key":"Strength Potion"},{"floor":16,"key":"Explosive Potion"},{"floor":21,"key":"Energy Potion"},{"floor":22,"key":"DuplicationPotion"}],"is_trial":false,"path_per_floor":["M","M","?","?","M","R","$","R","T","R","M","E","R","$","R","B",null,"M","?","?","M","M","R","$","M"],"character_chosen":"BEAKED_THE_CULTIST","items_purchased":["Omamori","Sling","hubris:FruitBowl","Blood Vial","Whetstone"],"campfire_rested":4,"item_purchase_floors":[7,7,7,14,24],"current_hp_per_floor":[50,47,47,47,45,45,6,21,21,36,23,16,31,31,46,35,50,41,41,50,38,20,20,20,0,0],"gold":137,"neow_bonus":"RANDOM_COMMON_RELIC","is_daily":false,"chose_seed":false,"campfire_upgraded":2,"win_rate":0.0,"timestamp":1609703058,"path_taken":["M","M","?","?","M","R","?","R","T","R","M","E","R","$","R","BOSS","M","?","?","?","?","R","$","M"],"items_purchased_type":["Relic","Relic","Relic","Relic","Relic"],"build_version":"2020-12-22","purchased_purges":0,"victory":false,"max_hp_per_floor":[50,50,50,50,50,50,50,50,50,50,50,50,50,50,50,50,50,50,50,50,50,50,50,50,50,50],"card_choices":[{"not_picked":["beaked:Poke","beaked:CrazyRituals"],"picked":"beaked:Daydream","floor":1},{"not_picked":["beaked:WarriorEssence","beaked:MimicHuntress"],"picked":"beaked:Windmill","floor":2},{"not_picked":["beaked:WarriorEssence","beaked:CursingBlood"],"picked":"beaked:Hexing","floor":5},{"not_picked":["beaked:Tradeoff","beaked:Daydream"],"picked":"beaked:BraceForImpact","floor":11},{"not_picked":["beaked:FeelMyPain","beaked:Insight"],"picked":"beaked:Tweet","floor":12},{"not_picked":["beaked:VolatileMisfortune","beaked:DarkTribute"],"picked":"beaked:FakeOut+1","floor":16},{"not_picked":["beaked:Devastation","beaked:Flinch","beaked:StunningBlow+1"],"picked":"SKIP","floor":18},{"not_picked":["beaked:Tradeoff","beaked:Struggle+1"],"picked":"beaked:TuckingFeathers+1","floor":21},{"not_picked":["beaked:Struggle+1","beaked:Cower"],"picked":"beaked:CrazyRituals","floor":22}],"player_experience":119078,"relics_obtained":[{"floor":9,"key":"beaked:ShinyBauble"},{"floor":12,"key":"Molten Egg 2"}],"event_choices":[{"damage_healed":0,"gold_gain":0,"player_choice":"Grow","damage_taken":0,"max_hp_gain":0,"max_hp_loss":0,"event_name":"Living Wall","floor":4,"gold_loss":0,"cards_upgraded":["Deflect"]},{"damage_healed":0,"gold_gain":99,"player_choice":"Stole From Cult","damage_taken":0,"max_hp_gain":0,"max_hp_loss":0,"event_name":"Nest","floor":19,"gold_loss":0},{"damage_healed":9,"gold_gain":0,"player_choice":"Full Heal","damage_taken":0,"max_hp_gain":0,"max_hp_loss":0,"event_name":"Wheel of Change","floor":20,"gold_loss":0}],"is_beta":false,"boss_relics":[{"not_picked":["Runic Pyramid","Runic Dome"],"picked":"Empty Cage"}],"items_purged_floors":[],"is_endless":false,"potions_floor_spawned":[5,16,21,22],"killed_by":"Snecko","ascension_level":0}}