{"host":"7k88kcl92al3r52p","time":1609717933,"event":{"mods":["BaseMod","Beaked The Cultist","Conspire","Downfall","Infinite Spire","Mimic Mod","Minty Spire (QoL Compilation)","Rare Cards Sparkle","Replay The Spire","Shop Mod","StSLib","The Cursed"],"gold_per_floor":[99,116,129,24,35,35,35,35,35,67,83,93,121,137,155,253,253,103,103,253,253,253],"floor_reached":21,"playtime":4758,"items_purged":[],"score":214,"play_id":"b619bcf4-da34-416d-ae5b-19bb5a11aeff","local_time":"20210103185213","is_ascension_mode":false,"campfire_choices":[{"floor":1,"key":"RECALL"},{"floor":9,"key":"REST"}],"circlet_count":0,"master_deck":["beaked:Strike_Y","beaked:Strike_Y","beaked:Strike_Y","beaked:Strike_Y","beaked:Strike_Y","beaked:Strike_Y","beaked:Defend_Y","beaked:Defend_Y","beaked:Defend_Y","beaked:Defend_Y","beaked:Ceremony","beaked:Ceremony","beaked:Ceremony","beaked:Tweet","beaked:Struggle","beaked:BraceForImpact","beaked:BraceForImpact","beaked:Insight","beaked:WarriorSpirit","infinitespire:NeuralNetwork","beaked:BloodRitual","beaked:Roost","beaked:SacrificialScars","beaked:MimicWarrior","beaked:TuckingFeathers","beaked:Poke","ReplayTheSpireMod:Owlgaze","beaked:Hexing+1"],"relics":["beaked:MendingPlumage","beaked:ThroatLozenge","SlaversCollar","downfall:HeartBlessingBlue","downfall:HeartBlessingRed","downfall:TeleportStone"],"acts_visited":["Exordium","TheCity"],"potions_floor_usage":[4,10,13,13,16],"damage_taken":[{"damage":17,"enemies":"Jaw Worm","floor":2,"turns":5},{"damage":5,"enemies":"Cultist","floor":3,"turns":4},{"damage":10,"enemies":"downfall:FleeingMerchant","floor":4,"turns":4},{"damage":11,"enemies":"2 Louse","floor":5,"turns":3},{"damage":15,"enemies":"Gremlin Nob","floor":10,"turns":4},{"damage":18,"enemies":"Red Slaver","floor":11,"turns":5},{"damage":36,"enemies":"Gremlin Gang","floor":12,"turns":5},{"damage":23,"enemies":"3 Sentries","floor":13,"turns":5},{"damage":6,"enemies":"Large Slime","floor":14,"turns":11},{"damage":18,"enemies":"2 Fungi Beasts","floor":15,"turns":8},{"damage":99,"enemies":"downfall:Silent","floor":16,"turns":16},{"damage":0,"enemies":"Chosen","floor":19,"turns":1},{"damage":82,"enemies":"Gremlin Leader","floor":21,"turns":5}],"seed_played":"3271219564248346120","potions_obtained":[{"floor":2,"key":"Fire Potion"},{"floor":3,"key":"Adrenaline Potion"},{"floor":10,"key":"Flashbang"},{"floor":12,"key":"Energy Potion"},{"floor":13,"key":"Reflective Coating"}],"is_trial":false,"path_per_floor":["R","M","M","$","M","?","T","?","R","E","M","M","E","M","M","B",null,"R","M","?","E"],"character_chosen":"BEAKED_THE_CULTIST","items_purchased":["beaked:BraceForImpact","beaked:Insight"],"campfire_rested":1,"item_purchase_floors":[4,4],"current_hp_per_floor":[55,47,53,52,49,35,35,35,51,43,40,22,17,42,57,11,57,67,67,67,0,0],"gold":253,"neow_bonus":"TEN_PERCENT_HP_BONUS","is_daily":false,"chose_seed":false,"campfire_upgraded":0,"win_rate":0.0,"timestamp":1609717933,"path_taken":["R","M","M","$","M","?","T","?","R","E","M","?","E","M","M","BOSS","R","M","?","E"],"items_purchased_type":["Card","Card"],"build_version":"2020-12-22","purchased_purges":0,"victory":false,"max_hp_per_floor":[55,55,55,55,55,55,55,55,55,55,55,55,55,57,57,57,57,67,67,67,69,69],"card_choices":[{"not_picked":["beaked:Flinch","beaked:Resilience","beaked:Cower"],"picked":"SKIP","floor":2},{"not_picked":["beaked:Resilience","beaked:MachineSpirit"],"picked":"beaked:Tweet","floor":3},{"not_picked":["beaked:MaddeningMurmurs","beaked:Brainwash"],"picked":"beaked:Struggle","floor":4},{"not_picked":["beaked:FeelMyPain","beaked:Redirect"],"picked":"beaked:WarriorSpirit","floor":5},{"not_picked":["infinitespire:Menacing","infinitespire:FutureSight"],"picked":"infinitespire:NeuralNetwork","floor":6},{"not_picked":["beaked:MimicMachine","beaked:Recite"],"picked":"beaked:BloodRitual","floor":10},{"not_picked":["beaked:HuntressSpirit","beaked:SurvivalInstinct"],"picked":"beaked:Roost","floor":11},{"not_picked":["beaked:Daydream","beaked:Tweet"],"picked":"beaked:SacrificialScars","floor":12},{"not_picked":["beaked:Tweet","beaked:Replenish"],"picked":"beaked:MimicWarrior","floor":13},{"not_picked":["beaked:Tweet","beaked:Overexert"],"picked":"beaked:TuckingFeathers","floor":14},{"not_picked":["beaked:FeelMyPain","beaked:Negation"],"picked":"beaked:Poke","floor":15},{"not_picked":["beaked:Brainwash","beaked:ScreechingChant"],"picked":"ReplayTheSpireMod:Owlgaze","floor":16},{"not_picked":["beaked:BraceForImpact","beaked:StunningBlow"],"picked":"beaked:Hexing+1","floor":19}],"player_experience":249009,"relics_obtained":[{"floor":10,"key":"conspire:Flyswatter"},{"floor":13,"key":"beaked:ThroatLozenge"}],"event_choices":[],"is_beta":false,"boss_relics":[{"not_picked":["Velvet Choker","Black Star"],"picked":"SlaversCollar"}],"items_purged_floors":[],"is_endless":false,"potions_floor_spawned":[2,3,10,12,13],"killed_by":"Gremlin Leader","ascension_level":0}}