{"host":"p7j7o00jacnw7qzt","time":1609712321,"event":{"mods":["BaseMod","Colored Map","Colored Powertips","DeckTracker","Highlight Path","Minty Spire (QoL Compilation)","Relic Stats"],"gold_per_floor":[114,14,14,14,26,26,36,36,36,67,79,112,162,179,179,179,179],"floor_reached":16,"playtime":519,"items_purged":["Strike_R"],"score":220,"play_id":"1aa3de89-fc93-484a-a233-ba2c9812e54b","local_time":"20210103171841","is_ascension_mode":true,"campfire_choices":[{"data":"Perfected Strike","floor":6,"key":"SMITH"},{"data":"Pommel Strike","floor":8,"key":"SMITH"},{"data":"Burning Pact","floor":15,"key":"SMITH"}],"circlet_count":0,"master_deck":["AscendersBane","Strike_R","Strike_R","Strike_R","Strike_R","Defend_R","Defend_R","Defend_R","Defend_R","Bash","Corruption","Shrug It Off","Pommel Strike+1","Perfected Strike+1","Burning Pact+1","Second Wind","Feel No Pain"],"relics":["Burning Blood","Question Card","Ice Cream","TungstenRod"],"acts_visited":["Exordium"],"potions_floor_usage":[16],"damage_taken":[{"damage":14,"enemies":"Jaw Worm","floor":1,"turns":4},{"damage":0,"enemies":"2 Louse","floor":5,"turns":3},{"damage":1,"enemies":"Cultist","floor":7,"turns":3},{"damage":32,"enemies":"Gremlin Nob","floor":10,"turns":4},{"damage":12,"enemies":"Exordium Thugs","floor":11,"turns":5},{"damage":32,"enemies":"3 Sentries","floor":12,"turns":9},{"damage":8,"enemies":"Red Slaver","floor":14,"turns":2},{"damage":0,"enemies":"Slime Boss","floor":16,"turns":2}],"seed_played":"7142342055796420659","potions_obtained":[{"floor":7,"key":"CultistPotion"},{"floor":10,"key":"SteroidPotion"}],"is_trial":false,"path_per_floor":["M","$","?","$","M","R","M","R","T","E","M","E","?","M","R","B"],"character_chosen":"IRONCLAD","items_purchased":["Pommel Strike"],"campfire_rested":0,"item_purchase_floors":[2],"current_hp_per_floor":[60,60,60,60,66,66,68,68,68,42,36,10,10,8,8,8,8],"gold":179,"neow_bonus":"THREE_RARE_CARDS","is_daily":false,"chose_seed":false,"campfire_upgraded":3,"win_rate":0.0,"timestamp":1609712321,"path_taken":["M","$","?","?","M","R","M","R","T","E","M","E","?","M","R","BOSS"],"items_purchased_type":["Card"],"build_version":"2020-12-22","purchased_purges":1,"victory":false,"max_hp_per_floor":[68,68,68,68,68,68,68,68,68,68,68,68,68,68,68,68,68],"relic_stats":{"counters":[8,32],"Question Card":4,"obtain_stats":[{"Ice Cream":10,"Question Card":9,"Burning Blood":0,"TungstenRod":12},{"Ice Cream":4,"Question Card":3,"Burning Blood":0,"TungstenRod":6},{"Ice Cream":14,"Question Card":10,"Burning Blood":0,"TungstenRod":28}],"Burning Blood":39,"TungstenRod":1},"card_choices":[{"not_picked":["Immolate","Exhume"],"picked":"Corruption","floor":0},{"not_picked":["Cleave","Sword Boomerang"],"picked":"Shrug It Off","floor":1},{"not_picked":["Spot Weakness","Body Slam"],"picked":"Perfected Strike","floor":5},{"not_picked":["Cleave","Barricade","Heavy Blade"],"picked":"SKIP","floor":7},{"not_picked":["Iron Wave","Cleave","Battle Trance"],"picked":"Burning Pact","floor":10},{"not_picked":["Battle Trance","Twin Strike","Iron Wave"],"picked":"Second Wind","floor":11},{"not_picked":["Cleave","Thunderclap","Clash"],"picked":"Feel No Pain","floor":12},{"not_picked":["Cleave","Headbutt","Clothesline","Armaments"],"picked":"SKIP","floor":14}],"player_experience":972820,"relics_obtained":[{"floor":9,"key":"Question Card"},{"floor":10,"key":"Ice Cream"},{"floor":12,"key":"TungstenRod"}],"event_choices":[{"damage_healed":0,"gold_gain":0,"player_choice":"Ignored","damage_taken":0,"max_hp_gain":0,"max_hp_loss":0,"event_name":"Liars Game","floor":3,"gold_loss":0},{"damage_healed":0,"gold_gain":50,"player_choice":"Pray","damage_taken":0,"max_hp_gain":0,"max_hp_loss":0,"event_name":"Golden Shrine","floor":13,"gold_loss":0}],"is_beta":false,"boss_relics":[],"items_purged_floors":[2],"is_endless":false,"potions_floor_spawned":[7,10,14],"killed_by":"Slime Boss","ascension_level":20}}