{"host":"qfskrnw3pl1q86j0","time":1609703360,"event":{"mods":["BaseMod","Block Reminder","Hermit","Marisa????????","Minty Spire (QoL Compilation)","Quick Restart","Random Character Button","Relic Stats","StSLib","The Poker Player","slay the spire mod where everything is the same but ironclad has a cowboy hat"],"gold_per_floor":[14,27,45,58,25,25,25,25,25,93,12,12,32,57,57,161,161,178,192,208,27,27,27,44,44,44,44,44,58,58,78,78,178,178,188,203,218,105,105,105,123,123,147,164,192,201,0,11,11,11],"floor_reached":51,"playtime":1976,"items_purged":["Strike_B","Doubt"],"score":879,"play_id":"a2343bf5-ec4c-4007-a3ef-5646d39667ae","local_time":"20210103204920","is_ascension_mode":false,"campfire_choices":[{"data":"Zap","floor":6.0,"key":"SMITH"},{"data":"Defragment","floor":8.0,"key":"SMITH"},{"data":"Defragment","floor":12.0,"key":"SMITH"},{"data":"Dualcast","floor":15.0,"key":"SMITH"},{"data":"Capacitor","floor":23,"key":"SMITH"},{"data":"Coolheaded","floor":25,"key":"SMITH"},{"data":"Electrodynamics","floor":28,"key":"SMITH"},{"data":"Barrage","floor":30,"key":"SMITH"},{"floor":32,"key":"REST"},{"data":"Auto Shields","floor":40,"key":"SMITH"},{"data":"Cold Snap","floor":42,"key":"SMITH"},{"floor":49,"key":"REST"}],"circlet_count":0,"master_deck":["Defend_B+1","Defend_B","Zap+1","Dualcast+1","Cold Snap+1","Steam","Auto Shields+1","Capacitor+1","Defragment+1","Defragment+1","Leap+1","Electrodynamics+1","Coolheaded+1","Rebound","Ball Lightning","Barrage+1","Core Surge","Cold Snap","Cold Snap+1"],"relics":["FrozenCore","Bag of Marbles","StrikeDummy","Letter Opener","Membership Card","Sundial","Empty Cage","War Paint","CeramicFish","Lizard Tail","Bottled Lightning"],"acts_visited":["Exordium","TheCity","TheBeyond"],"potions_floor_usage":[19,19,20,33,33,45,50,50],"damage_taken":[{"damage":1.0,"enemies":"Cultist","floor":1.0,"turns":3.0},{"damage":0.0,"enemies":"Small Slimes","floor":2.0,"turns":3.0},{"damage":1.0,"enemies":"Jaw Worm","floor":3.0,"turns":4.0},{"damage":7.0,"enemies":"Gremlin Gang","floor":4.0,"turns":6.0},{"damage":8.0,"enemies":"Looter","floor":13.0,"turns":3.0},{"damage":4.0,"enemies":"3 Sentries","floor":14.0,"turns":9.0},{"damage":4.0,"enemies":"The Guardian","floor":16.0,"turns":8.0},{"damage":0,"enemies":"Spheric Guardian","floor":18,"turns":4},{"damage":8,"enemies":"2 Thieves","floor":19,"turns":3},{"damage":4,"enemies":"Snake Plant","floor":20,"turns":4},{"damage":1,"enemies":"Snecko","floor":24,"turns":5},{"damage":8,"enemies":"3 Cultists","floor":29,"turns":4},{"damage":2,"enemies":"Cultist and Chosen","floor":31,"turns":5},{"damage":4,"enemies":"Automaton","floor":33,"turns":8},{"damage":0,"enemies":"Orb Walker","floor":35,"turns":4},{"damage":20,"enemies":"3 Darklings","floor":36,"turns":4},{"damage":0,"enemies":"Transient","floor":37,"turns":5},{"damage":14,"enemies":"Spire Growth","floor":41,"turns":5},{"damage":24,"enemies":"Jaw Worm Horde","floor":44,"turns":4},{"damage":12,"enemies":"Reptomancer","floor":45,"turns":7},{"damage":15,"enemies":"3 Darklings","floor":48,"turns":4},{"damage":20,"enemies":"Awakened One","floor":50,"turns":17}],"seed_played":"5924010819078987533","potions_obtained":[{"floor":2.0,"key":"BlessingOfTheForge"},{"floor":4.0,"key":"SneckoOil"},{"floor":16.0,"key":"Explosive Potion"},{"floor":18,"key":"Weak Potion"},{"floor":24,"key":"FocusPotion"},{"floor":29,"key":"SkillPotion"},{"floor":44,"key":"SkillPotion"},{"floor":48,"key":"AttackPotion"}],"is_trial":false,"path_per_floor":["M","M","M","M","$","R","?","R","T","T","$","R","M","E","R","B",null,"M","M","M","$","?","R","M","R","T","?","R","M","R","M","R","B",null,"M","M","M","$","?","R","M","R","T","M","E","?","$","M","R","B",null],"character_chosen":"DEFECT","items_purchased":["Defragment","Defragment","Membership Card","Ball Lightning","War Paint","Bottled Lightning","Swift Potion"],"campfire_rested":2,"item_purchase_floors":[5,11,21,21,38,47,47],"current_hp_per_floor":[74,74,73,66,66,66,59,59,59,59,59,59,51,47,47,43,75,75,67,63,63,63,63,62,62,62,48,48,40,40,38,62,58,80,80,60,60,60,60,60,46,46,46,22,10,80,80,65,80,60],"gold":11,"neow_bonus":"TRANSFORM_TWO_CARDS","is_daily":false,"chose_seed":false,"campfire_upgraded":10,"win_rate":0.0,"timestamp":1609703360,"path_taken":["M","M","M","?","?","R","?","R","T","?","$","R","M","E","R","BOSS","M","M","?","$","?","R","M","R","T","?","R","M","R","?","R","BOSS","M","?","M","$","?","R","M","R","T","M","E","?","?","M","R","BOSS"],"items_purchased_type":["Card","Card","Relic","Card","Relic","Relic","Potion"],"build_version":"2020-12-22","purchased_purges":2,"victory":true,"max_hp_per_floor":[75,75,75,75,75,75,75,75,75,75,75,75,75,75,75,75,75,75,75,75,75,75,75,75,75,75,80,80,80,80,80,80,80,80,80,80,80,80,80,80,80,80,80,80,80,80,80,80,80,80],"relic_stats":{"Lizard Tail":0,"counters":[22,119],"Sundial":[12],"CeramicFish":9,"Letter Opener":[92],"War Paint":["Defend_B","Leap"],"obtain_stats":[{"Lizard Tail":45,"Sundial":26,"CeramicFish":43,"Bag of Marbles":9,"Letter Opener":14,"Membership Card":21,"Bottled Lightning":47,"War Paint":38,"Cracked Core":0,"StrikeDummy":10,"Empty Cage":34,"FrozenCore":17},{"Lizard Tail":20,"Sundial":11,"CeramicFish":18,"Bag of Marbles":4,"Letter Opener":6,"Membership Card":10,"Bottled Lightning":20,"War Paint":17,"Cracked Core":0,"StrikeDummy":4,"Empty Cage":14,"FrozenCore":7},{"Lizard Tail":98,"Sundial":52,"CeramicFish":87,"Bag of Marbles":16,"Letter Opener":28,"Membership Card":47,"Bottled Lightning":98,"War Paint":82,"Cracked Core":0,"StrikeDummy":16,"Empty Cage":69,"FrozenCore":36}],"FrozenCore":[34]},"card_choices":[{"not_picked":["Loop","Blizzard"],"picked":"Cold Snap","floor":1.0},{"not_picked":["Barrage","Stack"],"picked":"Steam","floor":2.0},{"not_picked":["Redo","Darkness"],"picked":"Auto Shields","floor":3.0},{"not_picked":["Turbo","Tempest"],"picked":"Capacitor","floor":4.0},{"not_picked":["Hello World","Melter"],"picked":"Leap","floor":13.0},{"not_picked":["Sweeping Beam","White Noise","Leap"],"picked":"SKIP","floor":14.0},{"not_picked":["Machine Learning","Fission"],"picked":"Electrodynamics","floor":16.0},{"not_picked":["Streamline","Barrage"],"picked":"Coolheaded","floor":18},{"not_picked":["Leap","Turbo","Streamline+1"],"picked":"SKIP","floor":19},{"not_picked":["Hologram","Beam Cell"],"picked":"Rebound","floor":20},{"not_picked":["Hyperbeam","Self Repair","Streamline"],"picked":"SKIP","floor":24},{"not_picked":["Sweeping Beam","Stack"],"picked":"Barrage","floor":29},{"not_picked":["Hologram","Leap+1","Steam+1"],"picked":"SKIP","floor":31},{"not_picked":["Hyperbeam","Creative AI"],"picked":"Core Surge","floor":33},{"not_picked":["Conserve Battery","Turbo"],"picked":"Cold Snap","floor":35},{"not_picked":["Consume","Sweeping Beam"],"picked":"Cold Snap+1","floor":36},{"not_picked":["Leap","Conserve Battery+1","Redo+1"],"picked":"SKIP","floor":37},{"not_picked":["Genetic Algorithm+1","Rebound","Redo"],"picked":"SKIP","floor":41},{"not_picked":["Steam","Rebound+1","Aggregate"],"picked":"SKIP","floor":44},{"not_picked":["Genetic Algorithm","Rebound","Steam Power"],"picked":"SKIP","floor":45},{"not_picked":["Beam Cell","Static Discharge","Recycle"],"picked":"SKIP","floor":48}],"player_experience":913511,"relics_obtained":[{"floor":9.0,"key":"Bag of Marbles"},{"floor":10.0,"key":"StrikeDummy"},{"floor":14.0,"key":"Letter Opener"},{"floor":26,"key":"Sundial"},{"floor":43,"key":"CeramicFish"},{"floor":45,"key":"Lizard Tail"}],"event_choices":[{"cards_removed":["Defend_B"],"damage_healed":0.0,"max_hp_gain":0.0,"max_hp_loss":0.0,"gold_gain":0.0,"event_name":"Golden Wing","player_choice":"Card Removal","floor":7.0,"gold_loss":0.0,"damage_taken":7.0},{"damage_healed":0,"gold_gain":0,"player_choice":"Ignored","damage_taken":0,"max_hp_gain":0,"max_hp_loss":0,"event_name":"Cursed Tome","floor":22,"gold_loss":0},{"damage_healed":0,"gold_gain":0,"player_choice":"Shed Blood","damage_taken":19,"max_hp_gain":5,"max_hp_loss":0,"event_name":"Forgotten Altar","floor":27,"gold_loss":0},{"damage_healed":0,"gold_gain":0,"player_choice":"Memory 1","damage_taken":0,"max_hp_gain":0,"max_hp_loss":0,"event_name":"SensoryStone","floor":39,"gold_loss":0},{"damage_healed":70,"gold_gain":0,"player_choice":"Heal","damage_taken":0,"max_hp_gain":0,"max_hp_loss":0,"event_name":"MindBloom","floor":46,"gold_loss":0,"cards_obtained":["Doubt"]}],"is_beta":false,"boss_relics":[{"not_picked":["Runic Pyramid","SlaversCollar"],"picked":"FrozenCore"},{"not_picked":["Tiny House","Calling Bell"],"picked":"Empty Cage"}],"items_purged_floors":[38,47],"is_endless":false,"potions_floor_spawned":[2,4,16,18,24,29,44,48],"ascension_level":0}}