{"host":"5dk97cf2ubw2v967","time":1609670354,"event":{"mods":["AlwaysNeverKeys","BaseMod","Better Altar","Better Vampires","Block Reminder","Colored Powertips","Downfall","Googly Eyes","Highlight Path","Minty Spire (QoL Compilation)","Permanent Neow","Potion Indicator Mod","Quick Restart","Relic Filter","Relic Stats","Say the Spire","Spicy Shops","StSLib","Waifu the Spire","everything is the same but u backflip on backflip"],"gold_per_floor":[361,381,381,11,161,161,205,280,332,332,357,86,86,45,45,136,136,156,31,31,36,51,51,51,51],"floor_reached":24,"playtime":1244,"items_purged":["Writhe","Doubt","Strike_B"],"score":388,"play_id":"6a805b8c-5345-496b-a26c-dc41227fa1c0","local_time":"20210103103914","is_ascension_mode":true,"campfire_choices":[{"data":"Magnetism","floor":6,"key":"SMITH"},{"floor":10,"key":"REST"},{"data":"Zap","floor":13,"key":"SMITH"},{"floor":15,"key":"REST"},{"floor":23,"key":"REST"}],"circlet_count":0,"master_deck":["AscendersBane","Strike_B","Strike_B","Strike_B","Defend_B","Defend_B","Defend_B","Defend_B","Zap+1","Dualcast","BootSequence","Capacitor","Magnetism+1","Aggregate","Genetic Algorithm","Undo","Electrodynamics","Double Energy+1","Leap"],"relics":["FrozenCore","Golden Idol","FossilizedHelix","Potion Belt","Runic Capacitor"],"acts_visited":["Exordium","TheCity"],"potions_floor_usage":[7,16,21,24],"damage_taken":[{"damage":0.0,"enemies":"2 Louse","floor":1.0,"turns":2.0},{"damage":7.0,"enemies":"Small Slimes","floor":2.0,"turns":3.0},{"damage":35,"enemies":"3 Sentries","floor":7,"turns":9},{"damage":6,"enemies":"Jaw Worm","floor":11,"turns":7},{"damage":7,"enemies":"Exordium Thugs","floor":14,"turns":5},{"damage":25,"enemies":"Slime Boss","floor":16,"turns":13},{"damage":29,"enemies":"3 Byrds","floor":18,"turns":6},{"damage":11,"enemies":"2 Thieves","floor":21,"turns":5},{"damage":0,"enemies":"Centurion and Healer","floor":22,"turns":9},{"damage":54,"enemies":"Book of Stabbing","floor":24,"turns":7}],"seed_played":"-3745661969382407632","potions_obtained":[{"floor":2.0,"key":"FocusPotion"},{"floor":11,"key":"Energy Potion"},{"floor":18,"key":"sneckomod:MuddlingPotion"},{"floor":21,"key":"SteroidPotion"}],"is_trial":false,"path_per_floor":["M","M","?","$","?","R","E","?","T","R","M","$","R","M","R","B",null,"M","$","?","M","M","R","E"],"character_chosen":"DEFECT","items_purchased":["Magnetism","FairyPotion","Runic Capacitor"],"campfire_rested":3,"item_purchase_floors":[4,4,12],"current_hp_per_floor":[64,57,57,57,57,57,22,11,11,30,24,24,24,17,36,11,51,22,22,22,11,11,30,0,0],"gold":51,"neow_bonus":"TWO_FIFTY_GOLD","is_daily":false,"chose_seed":false,"campfire_upgraded":2,"win_rate":0.0,"timestamp":1609670354,"path_taken":["M","M","?","$","?","R","E","?","T","R","M","?","R","M","R","BOSS","M","$","?","M","M","R","E"],"items_purchased_type":["Card","Potion","Relic"],"build_version":"2020-12-22","purchased_purges":3,"victory":false,"max_hp_per_floor":[71,71,64,64,64,64,64,64,64,64,64,64,64,64,64,64,64,64,64,64,64,64,64,64,64],"relic_stats":{"counters":[10,66],"Golden Idol":46,"obtain_stats":[{"Potion Belt":9,"Golden Idol":3,"Runic Capacitor":12,"Cracked Core":0,"FossilizedHelix":7,"FrozenCore":17},{"Potion Belt":3,"Golden Idol":2,"Runic Capacitor":4,"Cracked Core":0,"FossilizedHelix":3,"FrozenCore":6},{"Potion Belt":14,"Golden Idol":5,"Runic Capacitor":21,"Cracked Core":0,"FossilizedHelix":14,"FrozenCore":39}],"FrozenCore":[20]},"card_choices":[{"not_picked":["Coolheaded","Go for the Eyes"],"picked":"BootSequence","floor":1.0},{"not_picked":["Barrage","Conserve Battery"],"picked":"Capacitor","floor":2.0},{"not_picked":["Skim","Barrage"],"picked":"Aggregate","floor":7},{"not_picked":["Hologram","Coolheaded"],"picked":"Genetic Algorithm","floor":11},{"not_picked":["Gash","Hologram"],"picked":"Undo","floor":14},{"not_picked":["Creative AI","All For One"],"picked":"Electrodynamics","floor":16},{"not_picked":["Beam Cell","Coolheaded+1"],"picked":"Double Energy+1","floor":18},{"not_picked":["Gash","Turbo"],"picked":"Leap","floor":21},{"not_picked":["Stack","Genetic Algorithm","Steam Power"],"picked":"SKIP","floor":22}],"player_experience":1287169,"relics_obtained":[{"floor":7,"key":"FossilizedHelix"},{"floor":9,"key":"Potion Belt"}],"event_choices":[{"damage_healed":0.0,"max_hp_gain":0.0,"max_hp_loss":7.0,"gold_gain":0.0,"event_name":"Golden Idol","player_choice":"Lose Max HP","floor":3.0,"gold_loss":0.0,"damage_taken":0.0,"relics_obtained":["Golden Idol"]},{"damage_healed":0,"gold_gain":150,"player_choice":"AGREE","damage_taken":0,"max_hp_gain":0,"max_hp_loss":0,"event_name":"Liars Game","floor":5,"gold_loss":0,"cards_obtained":["Doubt"]},{"damage_healed":0,"gold_gain":75,"player_choice":"Gather Gold","damage_taken":11,"max_hp_gain":0,"max_hp_loss":0,"event_name":"World of Goop","floor":8,"gold_loss":0}],"is_beta":false,"boss_relics":[{"not_picked":["Philosopher\u0027s Stone","Snecko Eye"],"picked":"FrozenCore"}],"items_purged_floors":[4,12,19],"is_endless":false,"potions_floor_spawned":[2,11,18,21],"killed_by":"Book of Stabbing","ascension_level":20}}