{"host":"lklj3eidp7g5an38","time":1609693740,"event":{"mods":["BaseMod","Minty Spire (QoL Compilation)","Relic Stats","StSLib"],"gold_per_floor":[361,411,425,425,440,440,470,470,551,551,74,90,124,141,141,141,141],"floor_reached":16,"playtime":831,"items_purged":[],"score":198,"play_id":"61ad291d-cbc1-4793-823c-96f61d4b1f09","local_time":"20210103170900","is_ascension_mode":true,"campfire_choices":[{"data":"Bash","floor":6,"key":"SMITH"},{"data":"Perfected Strike","floor":8,"key":"SMITH"},{"data":"Feel No Pain","floor":10,"key":"SMITH"},{"data":"Spot Weakness","floor":15,"key":"SMITH"}],"circlet_count":0,"master_deck":["AscendersBane","Strike_R","Strike_R","Strike_R","Strike_R","Strike_R","Defend_R","Defend_R","Defend_R","Defend_R","Bash+1","Pommel Strike","Perfected Strike+1","Feel No Pain+1","Shrug It Off","Exhume","Ghostly Armor","Spot Weakness+1"],"relics":["Burning Blood","Art of War","Omamori","Bottled Tornado","Anchor","Gremlin Horn","Kunai"],"acts_visited":["Exordium"],"potions_floor_usage":[12,13,16],"damage_taken":[{"damage":3,"enemies":"2 Louse","floor":1,"turns":3},{"damage":5,"enemies":"Cultist","floor":3,"turns":4},{"damage":7,"enemies":"Jaw Worm","floor":5,"turns":3},{"damage":25,"enemies":"3 Sentries","floor":7,"turns":7},{"damage":0,"enemies":"Exordium Wildlife","floor":12,"turns":4},{"damage":14,"enemies":"Lagavulin","floor":13,"turns":6},{"damage":0,"enemies":"2 Fungi Beasts","floor":14,"turns":2},{"damage":54,"enemies":"Hexaghost","floor":16,"turns":11}],"seed_played":"4704118012835640739","potions_obtained":[{"floor":5,"key":"Fruit Juice"},{"floor":7,"key":"AttackPotion"},{"floor":12,"key":"BlessingOfTheForge"},{"floor":14,"key":"ElixirPotion"}],"is_trial":false,"path_per_floor":["M","?","M","?","M","R","E","R","T","R","$","M","E","M","R","B"],"character_chosen":"IRONCLAD","items_purchased":["Anchor","Gremlin Horn","Shrug It Off"],"campfire_rested":0,"item_purchase_floors":[11,11,11],"current_hp_per_floor":[68,62,63,58,57,57,38,38,38,38,38,49,41,47,47,0,0],"gold":141,"neow_bonus":"TWO_FIFTY_GOLD","is_daily":false,"chose_seed":false,"campfire_upgraded":4,"win_rate":0.0,"timestamp":1609693740,"path_taken":["M","?","?","?","M","R","E","R","T","R","$","M","E","M","R","BOSS"],"items_purchased_type":["Relic","Relic","Card"],"build_version":"2020-12-22","purchased_purges":0,"victory":false,"max_hp_per_floor":[68,68,68,68,68,68,68,68,68,68,68,73,73,73,73,73,73],"relic_stats":{"Gremlin Horn":[2,2],"counters":[8,40],"Art of War":[1],"Kunai":[2],"obtain_stats":[{"Anchor":11,"Gremlin Horn":11,"Art of War":4,"Omamori":7,"Kunai":13,"Bottled Tornado":9,"Burning Blood":0},{"Anchor":4,"Gremlin Horn":4,"Art of War":2,"Omamori":4,"Kunai":6,"Bottled Tornado":4,"Burning Blood":0},{"Anchor":17,"Gremlin Horn":17,"Art of War":7,"Omamori":17,"Kunai":27,"Bottled Tornado":17,"Burning Blood":0}],"Burning Blood":39},"card_choices":[{"not_picked":["Rupture","Thunderclap"],"picked":"Pommel Strike","floor":1},{"not_picked":["Clash","Iron Wave","Havoc"],"picked":"SKIP","floor":3},{"not_picked":["Metallicize","Dropkick"],"picked":"Perfected Strike","floor":5},{"not_picked":["Entrench","Combust"],"picked":"Feel No Pain","floor":7},{"not_picked":["Iron Wave","Heavy Blade"],"picked":"Exhume","floor":12},{"not_picked":["Power Through","Sword Boomerang"],"picked":"Ghostly Armor","floor":13},{"not_picked":["Clothesline","Searing Blow"],"picked":"Spot Weakness","floor":14}],"player_experience":898284,"relics_obtained":[{"floor":7,"key":"Omamori"},{"floor":9,"key":"Bottled Tornado"},{"floor":13,"key":"Kunai"}],"event_choices":[{"damage_healed":0,"gold_gain":50,"player_choice":"Touch","damage_taken":6,"max_hp_gain":0,"max_hp_loss":0,"event_name":"FaceTrader","floor":2,"gold_loss":0},{"damage_healed":0,"gold_gain":0,"player_choice":"Success","damage_taken":5,"relics_obtained":["Art of War"],"max_hp_gain":0,"max_hp_loss":0,"event_name":"Scrap Ooze","floor":4,"gold_loss":0}],"is_beta":false,"boss_relics":[],"items_purged_floors":[],"is_endless":false,"potions_floor_spawned":[5,7,12,14],"killed_by":"Hexaghost","ascension_level":16}}