{"host":"x55kpoxlefzp6sa3","time":1609692879,"event":{"mods":["AchievementEnabler","Act Like it!","BaseMod","BetterRewards","Colored Map","Colored Powertips","Highlight Path","Lobotomy","Minty Spire (QoL Compilation)","Quick Restart","Replay The Spire","StSLib"],"gold_per_floor":[109,122,140,166,184,217,217,142,169,169,169,194,194,212,212,309,309,324,91,107,121,140,172,172,172,172,172,187,218,218,218,218,323,323,334,349,359,359,375,375,375],"floor_reached":40,"playtime":4224,"items_purged":["ReplayTheSpireMod:Necrosis"],"score":438,"play_id":"8364372e-7ab2-42b6-8d8e-c2ee0cfba5cd","local_time":"20210103175439","is_ascension_mode":false,"campfire_choices":[{"floor":7,"key":"REST"},{"data":"Neutralize","floor":10,"key":"SMITH"},{"floor":13,"key":"REST"},{"floor":15,"key":"DIG"},{"floor":25,"key":"REST"},{"data":"Apotheosis","floor":27,"key":"SMITH"},{"floor":30,"key":"REST"},{"floor":32,"key":"REST"}],"circlet_count":0,"master_deck":["Strike_G","Strike_G","Strike_G","Strike_G","Strike_G","Defend_G","Defend_G","Defend_G","Defend_G","Defend_G","Survivor","Neutralize+1","Slice","Dagger Throw","Tactician","ReplayTheSpireMod:Scrap Shanks","Adrenaline","Apotheosis+1","Finisher","Prepared","Prepared+1","ReplayTheSpireMod:The Works","Backflip","Blade Dance","Writhe","Parasite","Blade Dance"],"relics":["Ring of the Snake","Centennial Puzzle","Pen Nib","Replay:Baseball","Ancient Tea Set","Pantograph","ReplayFunnel","Happy Flower","MealTicket","Empty Cage"],"acts_visited":["Exordium","TheCity","TheBeyond"],"potions_floor_usage":[12,16,16,23,29,33,39,40],"damage_taken":[{"damage":2,"enemies":"Cultist","floor":1,"turns":4},{"damage":3,"enemies":"Jaw Worm","floor":2,"turns":4},{"damage":1,"enemies":"Small Slimes","floor":3,"turns":3},{"damage":5,"enemies":"Looter","floor":5,"turns":3},{"damage":18,"enemies":"Replay:BlueRogue","floor":6,"turns":7},{"damage":10,"enemies":"3 Sentries","floor":12,"turns":6},{"damage":4,"enemies":"Blue Slaver","floor":14,"turns":3},{"damage":38,"enemies":"Hexaghost","floor":16,"turns":9},{"damage":7,"enemies":"2 Thieves","floor":18,"turns":4},{"damage":10,"enemies":"Spheric Guardian","floor":20,"turns":3},{"damage":19,"enemies":"Shelled Parasite and Fungi","floor":21,"turns":4},{"damage":8,"enemies":"Chosen and Byrds","floor":22,"turns":7},{"damage":22,"enemies":"Book of Stabbing","floor":23,"turns":4},{"damage":8,"enemies":"Snake Plant","floor":28,"turns":2},{"damage":26,"enemies":"Slavers","floor":29,"turns":4},{"damage":34,"enemies":"Champ","floor":33,"turns":10},{"damage":5,"enemies":"3 Darklings","floor":35,"turns":4},{"damage":9,"enemies":"3 Shapes","floor":36,"turns":2},{"damage":29,"enemies":"Transient","floor":37,"turns":5},{"damage":16,"enemies":"Writhing Mass","floor":39,"turns":8},{"damage":31,"enemies":"Nemesis","floor":40,"turns":8}],"seed_played":"1628911060446260198","potions_obtained":[{"floor":2,"key":"PowerPotion"},{"floor":5,"key":"BlessingOfTheForge"},{"floor":6,"key":"Strength Potion"},{"floor":12,"key":"Weak Potion"},{"floor":20,"key":"GamblersBrew"},{"floor":21,"key":"LiquidMemories"},{"floor":22,"key":"Poison Potion"},{"floor":28,"key":"Elixir"},{"floor":33,"key":"SpeedPotion"},{"floor":37,"key":"Adrenaline Potion"}],"is_trial":false,"path_per_floor":["M","M","M","T","M","E","R","$","T","R","?","E","R","M","R_BF","B",null,"M","$","M","M","M","E","?","R","T","R","M","E","R","?","R","B",null,"M","M","M","?","M","E"],"character_chosen":"THE_SILENT","items_purchased":["Apotheosis","Finisher"],"campfire_rested":5,"item_purchase_floors":[19,19],"current_hp_per_floor":[68,65,64,64,59,41,62,62,62,62,62,52,70,66,66,32,70,63,63,53,34,26,4,27,48,48,48,40,14,35,35,56,36,70,65,56,27,45,29,0,0],"gold":375,"neow_bonus":"ONE_RANDOM_RARE_CARD","is_daily":false,"chose_seed":false,"campfire_upgraded":2,"win_rate":0.0,"timestamp":1609692879,"path_taken":["M","M","?","?","M","E","R","?","T","R","?","E","R","M","R_BF","BOSS","M","$","?","M","M","E","?","R","T","R","M","E","R","?","R","BOSS","M","M","M","?","M","E"],"items_purchased_type":["Card","Card"],"build_version":"2020-12-22","purchased_purges":1,"victory":false,"max_hp_per_floor":[70,70,70,70,70,70,70,70,70,70,70,70,70,70,70,70,70,70,70,70,70,70,70,70,70,70,70,70,70,70,70,70,70,70,70,70,70,70,70,70,70],"card_choices":[{"not_picked":["Flying Knee","Leg Sweep"],"picked":"Slice","floor":1},{"not_picked":["ReplayTheSpireMod:Speed Training","Flechettes","Heel Hook"],"picked":"SKIP","floor":2},{"not_picked":["ReplayTheSpireMod:Exploit Weakness","PiercingWail"],"picked":"Dagger Throw","floor":3},{"not_picked":["Dodge and Roll","Sucker Punch","Well Laid Plans"],"picked":"SKIP","floor":5},{"not_picked":["Poisoned Stab","Acrobatics"],"picked":"Tactician","floor":6},{"not_picked":["Infinite Blades","Riddle With Holes"],"picked":"ReplayTheSpireMod:Scrap Shanks","floor":12},{"not_picked":["Hidden Blade","Expertise","Underhanded Strike"],"picked":"SKIP","floor":14},{"not_picked":["Glass Knife","Unload"],"picked":"Adrenaline","floor":16},{"not_picked":["Deadly Poison","Predator"],"picked":"Infinite Blades","floor":18},{"not_picked":["Underhanded Strike","Well Laid Plans","Bane+1"],"picked":"SKIP","floor":20},{"not_picked":["Draining Mist","Deadly Poison+1","Hidden Blade"],"picked":"SKIP","floor":21},{"not_picked":["Replay:Poison Smokescreen","Choke"],"picked":"Prepared","floor":22},{"not_picked":["Outmaneuver+1","Replay:Poison Smokescreen+1","Blur"],"picked":"SKIP","floor":23},{"not_picked":["Setup+1","Slice"],"picked":"Prepared+1","floor":28},{"not_picked":["Heel Hook","Bullet Time"],"picked":"ReplayTheSpireMod:The Works","floor":29},{"not_picked":["Bouncing Flask","ReplayTheSpireMod:Exploit Weakness","Cloak And Dagger"],"picked":"SKIP","floor":35},{"not_picked":["Escape Plan","PiercingWail+1"],"picked":"Backflip","floor":36},{"not_picked":["Setup","Replay:Poison Smokescreen"],"picked":"Blade Dance","floor":37},{"not_picked":["Deflect","Heel Hook"],"picked":"Blade Dance","floor":39}],"player_experience":226647,"relics_obtained":[{"floor":4,"key":"Centennial Puzzle"},{"floor":6,"key":"Pen Nib"},{"floor":9,"key":"Replay:Baseball"},{"floor":12,"key":"Ancient Tea Set"},{"floor":15,"key":"Pantograph"},{"floor":23,"key":"ReplayFunnel"},{"floor":26,"key":"Happy Flower"},{"floor":29,"key":"MealTicket"}],"event_choices":[{"damage_healed":0,"gold_gain":0,"player_choice":"1 cards matched","damage_taken":0,"max_hp_gain":0,"max_hp_loss":0,"event_name":"Match and Keep!","floor":11,"gold_loss":0,"cards_obtained":["Replay:Sssssssssstrike"]},{"damage_healed":23,"gold_gain":0,"player_choice":"Heal","damage_taken":0,"max_hp_gain":0,"max_hp_loss":0,"event_name":"The Library","floor":24,"gold_loss":0},{"damage_healed":0,"gold_gain":0,"player_choice":"Ignored","damage_taken":0,"max_hp_gain":0,"max_hp_loss":0,"event_name":"Ghosts","floor":31,"gold_loss":0},{"damage_healed":18,"gold_gain":0,"player_choice":"Writhe","damage_taken":0,"max_hp_gain":0,"max_hp_loss":0,"event_name":"Winding Halls","floor":38,"gold_loss":0,"cards_obtained":["Writhe"]}],"is_beta":false,"boss_relics":[{"not_picked":["Replay:Bronze Core","Fusion Hammer","Busted Crown"]},{"not_picked":["Sozu","SacredBark"],"picked":"Empty Cage"}],"items_purged_floors":[8],"is_endless":false,"potions_floor_spawned":[2,5,6,12,20,21,22,28,33,37],"killed_by":"Nemesis","ascension_level":0}}