{"host":"2okas1s8lto464g9","time":1609658066,"event":{"mods":["BaseMod","Minty Spire (QoL Compilation)","StSLib","The Construct","The Servant 0.9.4"],"gold_per_floor":[118,132,132,146,165,165,200,200,200,235,255,113,133,144,144,144,144],"floor_reached":16,"playtime":4146,"items_purged":["Strike_P"],"score":114,"play_id":"0357a214-8e12-424f-aaa1-e9d2eb6d3e2a","local_time":"20210103151426","is_ascension_mode":false,"campfire_choices":[{"data":"EmptyFist","floor":6,"key":"SMITH"},{"data":"Wallop","floor":15,"key":"SMITH"}],"circlet_count":0,"master_deck":["Strike_P","Strike_P","Strike_P","Defend_P","Defend_P","Defend_P","Defend_P","Eruption+1","Vigilance","EmptyFist+1","ClearTheMind","Meditate","BowlingBash","Wallop+1","EmptyMind+1","Halt+1","Conclude"],"relics":["PureWater","NeowsBlessing","Kunai","Toxic Egg 2","Omamori"],"acts_visited":["Exordium"],"potions_floor_usage":[16],"damage_taken":[{"damage":0,"enemies":"2 Louse","floor":1,"turns":1},{"damage":0,"enemies":"Cultist","floor":2,"turns":1},{"damage":0,"enemies":"Jaw Worm","floor":4,"turns":1},{"damage":7,"enemies":"2 Fungi Beasts","floor":5,"turns":3},{"damage":23,"enemies":"Lagavulin","floor":7,"turns":4},{"damage":8,"enemies":"Gremlin Nob","floor":10,"turns":3},{"damage":0,"enemies":"Blue Slaver","floor":11,"turns":1},{"damage":2,"enemies":"3 Louse","floor":13,"turns":3},{"damage":6,"enemies":"Lots of Slimes","floor":14,"turns":3},{"damage":16,"enemies":"The Guardian","floor":16,"turns":10}],"seed_played":"-2532361981558855183","potions_obtained":[{"floor":2,"key":"Fire Potion"},{"floor":5,"key":"LiquidBronze"},{"floor":11,"key":"Strength Potion"}],"is_trial":false,"path_per_floor":["M","M","?","M","M","R","E","?","T","E","M","$","M","M","R","B"],"character_chosen":"WATCHER","items_purchased":["EmptyMind+1"],"campfire_rested":0,"item_purchase_floors":[12],"current_hp_per_floor":[72,72,72,72,65,65,42,42,42,34,34,34,32,26,26,10,10],"gold":144,"neow_bonus":"THREE_ENEMY_KILL","is_daily":false,"chose_seed":false,"campfire_upgraded":2,"win_rate":0.0,"timestamp":1609658066,"path_taken":["M","M","?","?","M","R","E","?","T","E","?","$","M","M","R","BOSS"],"items_purchased_type":["Card"],"build_version":"2020-12-22","purchased_purges":1,"victory":false,"max_hp_per_floor":[72,72,72,72,72,72,72,72,72,72,72,72,72,72,72,72,72],"card_choices":[{"not_picked":["ClearTheMind","Study"],"picked":"EmptyFist","floor":1},{"not_picked":["FollowUp","WheelKick"],"picked":"ClearTheMind","floor":2},{"not_picked":["ClearTheMind","FollowUp"],"picked":"Meditate","floor":4},{"not_picked":["Protect","PathToVictory","WaveOfTheHand"],"picked":"SKIP","floor":5},{"not_picked":["JustLucky","SpiritShield"],"picked":"BowlingBash","floor":7},{"not_picked":["CarveReality","EmptyBody+1","DeceiveReality+1"],"picked":"SKIP","floor":10},{"not_picked":["Consecrate","Worship+1"],"picked":"Wallop","floor":11},{"not_picked":["ThirdEye+1","PathToVictory+1"],"picked":"Halt+1","floor":13},{"not_picked":["BattleHymn","PathToVictory+1"],"picked":"Conclude","floor":14}],"player_experience":457769,"relics_obtained":[{"floor":7,"key":"Kunai"},{"floor":9,"key":"Toxic Egg 2"},{"floor":10,"key":"Omamori"}],"event_choices":[{"damage_healed":0,"gold_gain":0,"player_choice":"Forge","damage_taken":0,"max_hp_gain":0,"max_hp_loss":0,"event_name":"Accursed Blacksmith","floor":3,"gold_loss":0,"cards_upgraded":["Eruption"]},{"damage_healed":0,"gold_gain":0,"player_choice":"Bought 0 Potions","damage_taken":0,"max_hp_gain":0,"max_hp_loss":0,"event_name":"The Woman in Blue","floor":8,"gold_loss":0}],"is_beta":false,"boss_relics":[],"items_purged_floors":[12],"is_endless":false,"potions_floor_spawned":[2,5,11],"killed_by":"The Guardian","ascension_level":0}}