{"host":"y89x8uui45kcjy42","time":1609684585,"event":{"mods":["2.2 Compatiblity","BaseMod","CapriCore","Colored Map","Colored Powertips","Custom Start","Friendly Minions","Keyboard Shortcuts","Minty Spire (QoL Compilation)","Relic Stats","Slay the Relics Exporter","StSLib","SuperFastMode"],"gold_per_floor":[117,135,152,152,152,152,152,152,152,167,167,196,196,121,121,121,121],"floor_reached":16,"playtime":321,"items_purged":["Eruption+1"],"score":196,"play_id":"50ccb3d2-4fb9-486f-b4ff-88ddc86f5d38","local_time":"20210103233625","is_ascension_mode":true,"campfire_choices":[{"data":"Prostrate","floor":6,"key":"SMITH"},{"data":"PathToVictory","floor":11,"key":"SMITH"},{"data":"Collect","floor":13,"key":"SMITH"},{"data":"Prostrate","floor":15,"key":"SMITH"}],"circlet_count":0,"master_deck":["AscendersBane","Strike_P","Strike_P","Strike_P","Defend_P","Defend_P","Defend_P","Defend_P","Vigilance","Pray+1","PathToVictory+1","Prostrate+1","Collect+1","Prostrate+1"],"relics":["PureWater","Darkstone Periapt","Vajra","PreservedInsect"],"acts_visited":["Exordium"],"potions_floor_usage":[16,16],"damage_taken":[{"damage":1,"enemies":"Cultist","floor":1,"turns":4},{"damage":14,"enemies":"Jaw Worm","floor":2,"turns":4},{"damage":1,"enemies":"2 Louse","floor":3,"turns":4},{"damage":10,"enemies":"Looter","floor":10,"turns":3},{"damage":10,"enemies":"Lagavulin","floor":12,"turns":6},{"damage":21,"enemies":"Hexaghost","floor":16,"turns":9}],"seed_played":"1669914638865367599","potions_obtained":[{"floor":1,"key":"BlessingOfTheForge"},{"floor":10,"key":"GamblersBrew"}],"is_trial":false,"path_per_floor":["M","M","M","?","?","R","?","T","T","M","R","E","R","$","R","B"],"character_chosen":"WATCHER","items_purchased":[],"campfire_rested":0,"item_purchase_floors":[],"current_hp_per_floor":[60,46,45,38,38,38,38,38,38,28,28,18,18,18,18,0,0],"gold":121,"neow_bonus":"UPGRADE_CARD","is_daily":false,"chose_seed":false,"campfire_upgraded":4,"win_rate":0.0,"timestamp":1609684585,"path_taken":["M","M","M","?","?","R","?","?","T","M","R","E","R","?","R","BOSS"],"items_purchased_type":[],"build_version":"2020-12-22","purchased_purges":1,"victory":false,"max_hp_per_floor":[68,68,68,68,68,68,68,68,68,68,68,68,68,68,68,68,68],"relic_stats":{"Darkstone Periapt":0,"counters":[6,30],"PreservedInsect":0,"obtain_stats":[{"Darkstone Periapt":8,"Vajra":9,"PreservedInsect":12,"PureWater":0},{"Darkstone Periapt":3,"Vajra":3,"PreservedInsect":5,"PureWater":0},{"Darkstone Periapt":12,"Vajra":12,"PreservedInsect":21,"PureWater":0}]},"card_choices":[{"not_picked":["Prostrate","JustLucky"],"picked":"Pray","floor":1},{"not_picked":["ClearTheMind","ForeignInfluence"],"picked":"PathToVictory","floor":2},{"not_picked":["CarveReality","BowlingBash"],"picked":"Prostrate","floor":3},{"not_picked":["Prostrate","FlurryOfBlows"],"picked":"Collect","floor":10},{"not_picked":["EmptyBody","WreathOfFlame"],"picked":"Prostrate","floor":12}],"player_experience":552075,"relics_obtained":[{"floor":8,"key":"Darkstone Periapt"},{"floor":9,"key":"Vajra"},{"floor":12,"key":"PreservedInsect"}],"event_choices":[{"cards_removed":["Strike_P"],"damage_healed":0,"gold_gain":0,"player_choice":"Card Removal","damage_taken":7,"max_hp_gain":0,"max_hp_loss":0,"event_name":"Golden Wing","floor":4,"gold_loss":0},{"damage_healed":0,"gold_gain":0,"player_choice":"Grow","damage_taken":0,"max_hp_gain":0,"max_hp_loss":0,"event_name":"Living Wall","floor":5,"gold_loss":0,"cards_upgraded":["Pray"]},{"damage_healed":0,"gold_gain":0,"player_choice":"Ignored","damage_taken":0,"max_hp_gain":0,"max_hp_loss":0,"event_name":"Liars Game","floor":7,"gold_loss":0}],"is_beta":false,"boss_relics":[],"items_purged_floors":[14],"is_endless":false,"potions_floor_spawned":[1,10,12],"killed_by":"Hexaghost","ascension_level":20}}