{"host":"tr12w2fixbnujl15","time":1609696115,"event":{"mods":["2.2 Compatiblity","BaseMod","Better Skull","BetterRewards","Colored Powertips","Evolution","Hubris","Infinite Spire","Minty Spire (QoL Compilation)","Quick Restart","Replay The Spire","Shop Mod","StSLib","SuperFastMode","The Necromancer","The Sage","The Senshi","The Servant 0.9.4","The Spell Scribe","TheFirefly","WarShipGirlsR/????R mod"],"gold_per_floor":[110,120,139,139,151,151,168,168,168,168,168,181,200,46,46,148,148,163,174,193,193,193,193,208,220,267,282,48,48,65,81,81,81,81],"floor_reached":33,"playtime":975,"items_purged":["Looming Evil"],"score":245,"play_id":"9d3550dc-d0f6-4fd1-8fe7-4e64e390f4ea","local_time":"20210103124835","is_ascension_mode":false,"campfire_choices":[{"floor":6,"key":"REST"},{"floor":8,"key":"REST"},{"data":"Burst","floor":23,"key":"SMITH"},{"floor":32,"key":"REST"}],"circlet_count":0,"master_deck":["Strike_G","Strike_G","Strike_G","Strike_G","Strike_G","Defend_G","Defend_G","Defend_G","Defend_G","Defend_G","Survivor","Neutralize","Crippling Poison+1","Outmaneuver","Dagger Spray+1","Quick Slash","Bouncing Flask","hubris:SlightOfHand+1","ReplayTheSpireMod:Speed Training","Burst+1","Blade Dance","Unload","Deadly Poison","ReplayTheSpireMod:Necrosis","PiercingWail","Dagger Throw","Venomology","Dagger Spray+1"],"relics":["Ring of the Snake","EVO:Axolotl","NeowsBlessing","Replay:Multitool","hubris:EmptyBottle","Replay:Grab Bag","Philosopher\u0027s Stone","hubris:RunicObelisk","hubris:ScarierMask","hubris:Towel","Replay:Rubber Ducky","Snack Pack","ReplayTheSpireMod:CursedCoin"],"acts_visited":["Exordium","TheCity"],"potions_floor_usage":[16,16,16,16,19,19,27,30,30,31,33],"damage_taken":[{"damage":0,"enemies":"Cultist","floor":1,"turns":1},{"damage":0,"enemies":"2 Louse","floor":2,"turns":1},{"damage":0,"enemies":"Small Slimes","floor":3,"turns":1},{"damage":15,"enemies":"3 Louse","floor":5,"turns":2},{"damage":13,"enemies":"Gremlin Gang","floor":7,"turns":3},{"damage":13,"enemies":"Blue Slaver","floor":12,"turns":3},{"damage":4,"enemies":"Exordium Thugs","floor":13,"turns":4},{"damage":39,"enemies":"Hexaghost","floor":16,"turns":10},{"damage":0,"enemies":"2 Thieves","floor":18,"turns":3},{"damage":11,"enemies":"Spheric Guardian","floor":19,"turns":4},{"damage":24,"enemies":"Snake Plant","floor":20,"turns":5},{"damage":7,"enemies":"3 Cultists","floor":24,"turns":4},{"damage":19,"enemies":"Centurion and Healer","floor":25,"turns":4},{"damage":31,"enemies":"Snake Plant","floor":27,"turns":4},{"damage":0,"enemies":"Cultist and Chosen","floor":30,"turns":4},{"damage":0,"enemies":"Centurion and Healer","floor":31,"turns":3},{"damage":77,"enemies":"Collector","floor":33,"turns":5}],"seed_played":"-5303647436131326805","potions_obtained":[{"floor":3,"key":"Energy Potion"},{"floor":12,"key":"Reflective Coating"},{"floor":16,"key":"Adrenaline Potion"},{"floor":19,"key":"SmokeBomb"},{"floor":25,"key":"Adrenaline Potion"},{"floor":31,"key":"Elixir"}],"is_trial":false,"path_per_floor":["M","M","M","?","M","R","M","R","T","?","?","M","M","$","R","B",null,"M","M","M","?","?","R","M","M","T","M","$","R","M","M","R","B"],"character_chosen":"THE_SILENT","items_purchased":["hubris:EmptyBottle","Snack Pack","ReplayTheSpireMod:CursedCoin","Fire Potion"],"campfire_rested":3,"item_purchase_floors":[14,28,28,28],"current_hp_per_floor":[70,70,70,70,55,70,57,70,70,70,70,57,53,53,70,31,70,70,59,35,58,58,58,51,32,32,1,1,22,24,26,47,0,0],"gold":81,"neow_bonus":"THREE_ENEMY_KILL","is_daily":false,"chose_seed":false,"campfire_upgraded":1,"win_rate":0.0,"timestamp":1609696115,"path_taken":["M","?","M","?","M","R","M","R","T","?","?","M","?","$","R","BOSS","M","?","M","?","?","R","M","M","T","M","?","R","M","M","R","BOSS"],"items_purchased_type":["Relic","Relic","Relic","Potion"],"build_version":"2020-12-22","purchased_purges":1,"victory":false,"max_hp_per_floor":[70,70,70,70,70,70,70,70,70,70,70,70,70,70,70,70,70,70,70,70,70,70,70,70,70,70,70,70,70,70,70,70,70,70],"card_choices":[{"not_picked":["Flying Knee","ReplayTheSpireMod:Tripwire"],"picked":"Crippling Poison","floor":1},{"not_picked":["Deflect","Expertise"],"picked":"Outmaneuver","floor":2},{"not_picked":["Escape Plan","Blur"],"picked":"Dagger Spray","floor":3},{"not_picked":["Skewer","Hidden Blade"],"picked":"Quick Slash","floor":5},{"not_picked":["Quick Slash","Caltrops"],"picked":"Bouncing Flask","floor":7},{"not_picked":["Choke","Underhanded Strike"],"picked":"hubris:SlightOfHand","floor":12},{"not_picked":["hubris:SlightOfHand","Outmaneuver"],"picked":"ReplayTheSpireMod:Speed Training","floor":13},{"not_picked":["Adrenaline","Venomology"],"picked":"Burst","floor":16},{"not_picked":["Dodge and Roll","Prepared"],"picked":"Blade Dance","floor":18},{"not_picked":["Sucker Punch","Backflip"],"picked":"Unload","floor":19},{"not_picked":["Blur+1","Prepared"],"picked":"Deadly Poison","floor":20},{"not_picked":["hubris:Counter","Dagger Throw"],"picked":"ReplayTheSpireMod:Necrosis","floor":24},{"not_picked":["Backflip","Flying Knee"],"picked":"PiercingWail","floor":25},{"not_picked":["Outmaneuver","Hidden Blade"],"picked":"Dagger Throw","floor":27},{"not_picked":["Acrobatics","Deadly Poison+1"],"picked":"Venomology","floor":30},{"not_picked":["Hidden Blade","hubris:SlightOfHand+1"],"picked":"Dagger Spray+1","floor":31}],"player_experience":22408,"relics_obtained":[{"floor":9,"key":"Replay:Multitool"},{"floor":26,"key":"Replay:Rubber Ducky"}],"event_choices":[{"damage_healed":0,"gold_gain":0,"player_choice":"Leave","damage_taken":0,"max_hp_gain":0,"max_hp_loss":0,"event_name":"The Cleric","floor":4,"gold_loss":0},{"damage_healed":0,"gold_gain":0,"player_choice":"Grow","damage_taken":0,"max_hp_gain":0,"max_hp_loss":0,"event_name":"Living Wall","floor":10,"gold_loss":0,"cards_upgraded":["Crippling Poison"]},{"damage_healed":0,"gold_gain":0,"player_choice":"Ignored","damage_taken":0,"max_hp_gain":0,"max_hp_loss":0,"event_name":"Purifier","floor":11,"gold_loss":0},{"damage_healed":23,"gold_gain":0,"player_choice":"Heal","damage_taken":0,"max_hp_gain":0,"max_hp_loss":0,"event_name":"The Library","floor":21,"gold_loss":0}],"is_beta":false,"boss_relics":[{"not_picked":["HoveringKite","sagemod:Falmels_Amulet"],"picked":"Replay:Grab Bag"},{"not_picked":["Fusion Hammer","Ectoplasm"],"picked":"Philosopher\u0027s Stone"},{"not_picked":["Sozu","hubris:VirtuousBlindfold"],"picked":"hubris:RunicObelisk"},{"not_picked":["Snecko Scales","hubris:HollowSoul"],"picked":"hubris:ScarierMask"}],"items_purged_floors":[28],"is_endless":false,"potions_floor_spawned":[3,12,16,19,25,31],"killed_by":"Collector","ascension_level":0}}