{"host":"mitsb0f2d3kywzzp","time":1609684357,"event":{"mods":["AchievementEnabler","BaseMod","Colored Map","Colored Powertips","Downfall","Hermit","Highlight Path","Marisa????????","Minty Spire (QoL Compilation)","READ ME - Guardian Mod","Rare Cards Sparkle","Replay The Spire","StSLib","SuperFastMode","The Cursed","The Necromancer","The Servant 0.9.4"],"gold_per_floor":[109,59,59,59,70,70,102,102,174,174,188,198,54,73,73,178,178,190,190,204,224,243,243,64,116,116,126,136,155,30,120,120,120,120],"floor_reached":33,"playtime":1541,"items_purged":["Strike_P","Strike_P","Meditate+1"],"score":324,"play_id":"05b6693f-34bc-4a84-96d1-147f6d2aa585","local_time":"20210103093237","is_ascension_mode":false,"campfire_choices":[{"data":"Eruption","floor":6,"key":"SMITH"},{"data":"Crescendo","floor":8,"key":"SMITH"},{"data":"FlurryOfBlows","floor":10,"key":"SMITH"},{"data":"Adaptation","floor":15,"key":"SMITH"},{"floor":23,"key":"REST"},{"floor":32,"key":"REST"}],"circlet_count":0,"master_deck":["Defend_P","Defend_P","Defend_P","Eruption+1","Vigilance+1","FlurryOfBlows+1","Crescendo+1","FlurryOfBlows","Adaptation+1","SandsOfTime","Judgement","FlurryOfBlows","JustLucky+1","FlurryOfBlows+1","Adaptation","Replay:Cycle"],"relics":["VioletLotus","PreservedInsect","Replay:Bottled Eggs","Black Star","Oddly Smooth Stone","Darkstone Periapt"],"acts_visited":["Exordium","TheCity"],"potions_floor_usage":[16,18,21,21,33,33],"damage_taken":[{"damage":0,"enemies":"2 Louse","floor":1,"turns":3},{"damage":0,"enemies":"Jaw Worm","floor":5,"turns":3},{"damage":8,"enemies":"Gremlin Nob","floor":7,"turns":3},{"damage":0,"enemies":"Cultist","floor":11,"turns":2},{"damage":9,"enemies":"Red Slaver","floor":12,"turns":2},{"damage":0,"enemies":"Exordium Wildlife","floor":14,"turns":2},{"damage":0,"enemies":"Slime Boss","floor":16,"turns":6},{"damage":15,"enemies":"2 Thieves","floor":18,"turns":3},{"damage":0,"enemies":"Chosen","floor":20,"turns":2},{"damage":3,"enemies":"Snecko","floor":21,"turns":3},{"damage":17,"enemies":"3 Cultists","floor":22,"turns":4},{"damage":18,"enemies":"Centurion and Healer","floor":27,"turns":4},{"damage":10,"enemies":"Sentry and Sphere","floor":28,"turns":3},{"damage":17,"enemies":"Snecko","floor":29,"turns":4},{"damage":32,"enemies":"Pondfish","floor":33,"turns":4}],"seed_played":"-3108109190005093060","potions_obtained":[{"floor":5,"key":"GamblersBrew"},{"floor":7,"key":"Ambrosia"},{"floor":12,"key":"AttackPotion"},{"floor":20,"key":"StancePotion"},{"floor":27,"key":"GamblersBrew"},{"floor":29,"key":"sneckomod:MuddlingPotion"}],"is_trial":false,"path_per_floor":["M","?","?","$","M","R","E","R","T","R","M","M","$","M","R","B",null,"M","?","M","M","M","R","$","T","T","M","M","M","$","?","R","B"],"character_chosen":"WATCHER","items_purchased":["SandsOfTime","Adaptation"],"campfire_rested":2,"item_purchase_floors":[13,24],"current_hp_per_floor":[72,72,72,72,72,72,64,64,64,64,64,55,55,55,55,55,72,57,57,57,54,37,58,58,58,58,40,30,13,13,1,22,0,0],"gold":120,"neow_bonus":"BOSS_RELIC","is_daily":false,"chose_seed":false,"campfire_upgraded":4,"win_rate":0.0,"timestamp":1609684357,"path_taken":["M","?","?","$","M","R","E","R","T","R","M","M","$","M","R","BOSS","M","?","?","M","M","R","$","?","T","M","M","M","$","?","R","BOSS"],"items_purchased_type":["Card","Card"],"build_version":"2020-12-22","purchased_purges":3,"victory":false,"max_hp_per_floor":[72,72,72,72,72,72,72,72,72,72,72,72,72,72,72,72,72,72,72,72,72,72,72,72,72,72,72,72,72,72,72,72,72,72],"card_choices":[{"not_picked":["BowlingBash","WheelKick"],"picked":"FlurryOfBlows","floor":1},{"not_picked":["DeceiveReality","WreathOfFlame","BattleHymn"],"picked":"SKIP","floor":5},{"not_picked":["EmptyFist","Halt"],"picked":"Crescendo","floor":7},{"not_picked":["Halt","WaveOfTheHand"],"picked":"FlurryOfBlows","floor":11},{"not_picked":["CrushJoints","Evaluate"],"picked":"Adaptation","floor":12},{"not_picked":["CarveReality","Evaluate","Study"],"picked":"SKIP","floor":14},{"not_picked":["LessonLearned","Brilliance"],"picked":"Judgement","floor":16},{"not_picked":["Crescendo","PathToVictory"],"picked":"FlurryOfBlows","floor":18},{"not_picked":["ThirdEye","FollowUp"],"picked":"JustLucky+1","floor":20},{"not_picked":["Replay:Anticipation","Replay:AtTheReady","Omniscience"],"picked":"SKIP","floor":21},{"not_picked":["BowlingBash","Halt+1"],"picked":"FlurryOfBlows+1","floor":22},{"not_picked":["Crescendo","Swivel"],"picked":"Meditate+1","floor":27},{"not_picked":["Prostrate","Pray"],"picked":"Replay:Cycle","floor":28},{"not_picked":["Collect","BattleHymn+1","LikeWater+1"],"picked":"SKIP","floor":29}],"player_experience":331985,"relics_obtained":[{"floor":7,"key":"PreservedInsect"},{"floor":9,"key":"Replay:Bottled Eggs"},{"floor":25,"key":"Oddly Smooth Stone"},{"floor":26,"key":"Darkstone Periapt"}],"event_choices":[{"cards_removed":["Strike_P"],"damage_healed":0,"gold_gain":0,"player_choice":"Card Removal","damage_taken":0,"max_hp_gain":0,"max_hp_loss":0,"event_name":"The Cleric","floor":2,"gold_loss":50},{"cards_removed":["Strike_P"],"damage_healed":0,"gold_gain":0,"player_choice":"Offered Basic","damage_taken":0,"max_hp_gain":0,"max_hp_loss":0,"event_name":"Bonfire Elementals","floor":19,"gold_loss":0},{"damage_healed":0,"gold_gain":90,"player_choice":"GOLD ","damage_taken":12,"max_hp_gain":0,"max_hp_loss":0,"event_name":"Knowing Skull","floor":31,"potions_obtained":[],"gold_loss":0,"cards_obtained":[]}],"is_beta":false,"boss_relics":[{"not_picked":["Honey Jar","Velvet Choker"],"picked":"Black Star"}],"items_purged_floors":[13,24,30],"is_endless":false,"potions_floor_spawned":[5,7,12,20,27,29],"killed_by":"Pondfish","ascension_level":0}}