{"host":"g01l53quoe6lrer0","time":1609692514,"event":{"mods":["2.2 Compatiblity","AchievementEnabler","BaseMod","Colored Map","Highlight Path","Keyboard Shortcuts","Minty Spire (QoL Compilation)","Permanent Neow","Quick Restart","StSLib","SuperFastMode","everything is the same but u backflip on backflip"],"gold_per_floor":[119,119,136,136,150,150,181,181,181,191,201,236,304,314,314,414,414,434,66,116,127,92,92,122,122,122,122,137,137,30,80,80,179,179,191,241,255,305,366,401,414,414,414,414,425,501,514,8,8,8],"floor_reached":51,"playtime":2176,"items_purged":["Strike_B","Consume"],"score":947,"play_id":"67646d09-c35d-448a-a639-54b9b41ec94a","local_time":"20210104014834","is_ascension_mode":true,"campfire_choices":[{"data":"Sunder","floor":6.0,"key":"SMITH"},{"data":"Zap","floor":8.0,"key":"SMITH"},{"data":"Loop","floor":15.0,"key":"SMITH"},{"data":"Defragment","floor":23.0,"key":"SMITH"},{"floor":25.0,"key":"REST"},{"data":"Defragment","floor":27.0,"key":"SMITH"},{"data":"Seek","floor":29.0,"key":"SMITH"},{"data":"Capacitor","floor":32.0,"key":"SMITH"},{"data":"Buffer","floor":42,"key":"SMITH"},{"data":"Thunder Strike","floor":44,"key":"SMITH"},{"data":"Machine Learning","floor":49,"key":"SMITH"}],"circlet_count":0,"master_deck":["Defend_B+1","Defend_B+1","Defend_B+1","Defend_B+1","Zap+1","Dualcast","Sunder+1","Defragment+1","Chill","Seek","Rebound","Capacitor+1","Conserve Battery","Loop+1","Machine Learning+1","Streamline","Seek+1","Tempest","Loop","Tempest","Leap","Defragment+1","Thunder Strike+1","Turbo+1","Reinforced Body","Storm","Buffer+1","CurseOfTheBell","Madness","Dark Shackles","Go for the Eyes+1","Auto Shields+1","Heatsinks+1","Defragment+1","Capacitor","Defragment+1","Hologram+1"],"relics":["Cracked Core","FossilizedHelix","SsserpentHead","Prayer Wheel","Ice Cream","Pen Nib","Empty Cage","Chemical X","Ginger","Bottled Lightning","Letter Opener","Calling Bell","Art of War","Mummified Hand","Dead Branch","Potion Belt","The Courier","Bronze Scales","Lee\u0027s Waffle"],"acts_visited":["Exordium","TheCity","TheBeyond"],"potions_floor_usage":[48,50,50,50],"damage_taken":[{"damage":0.0,"enemies":"2 Louse","floor":1.0,"turns":3.0},{"damage":0.0,"enemies":"Small Slimes","floor":3.0,"turns":3.0},{"damage":0.0,"enemies":"Cultist","floor":5.0,"turns":3.0},{"damage":12.0,"enemies":"3 Sentries","floor":7.0,"turns":7.0},{"damage":2.0,"enemies":"Blue Slaver","floor":10.0,"turns":3.0},{"damage":0.0,"enemies":"2 Fungi Beasts","floor":11.0,"turns":2.0},{"damage":8.0,"enemies":"Gremlin Nob","floor":12.0,"turns":4.0},{"damage":0.0,"enemies":"Looter","floor":13.0,"turns":2.0},{"damage":0.0,"enemies":"Blue Slaver","floor":14.0,"turns":3.0},{"damage":17.0,"enemies":"The Guardian","floor":16.0,"turns":10.0},{"damage":0.0,"enemies":"Spheric Guardian","floor":18.0,"turns":3.0},{"damage":22.0,"enemies":"3 Byrds","floor":21.0,"turns":4.0},{"damage":29.0,"enemies":"Gremlin Leader","floor":24.0,"turns":7.0},{"damage":0.0,"enemies":"3 Cultists","floor":28.0,"turns":4.0},{"damage":0.0,"enemies":"Collector","floor":33.0,"turns":6.0},{"damage":0,"enemies":"Orb Walker","floor":35,"turns":3},{"damage":0,"enemies":"3 Shapes","floor":37,"turns":2},{"damage":0,"enemies":"Transient","floor":39,"turns":5},{"damage":0,"enemies":"Nemesis","floor":40,"turns":6},{"damage":0,"enemies":"3 Darklings","floor":41,"turns":2},{"damage":0,"enemies":"Writhing Mass","floor":45,"turns":2},{"damage":0,"enemies":"4 Shapes","floor":47,"turns":2},{"damage":0,"enemies":"Donu and Deca","floor":50,"turns":3}],"seed_played":"-4715669112078991477","potions_obtained":[{"floor":1.0,"key":"ColorlessPotion"},{"floor":10.0,"key":"SneckoOil"},{"floor":11.0,"key":"Dexterity Potion"},{"floor":12.0,"key":"AttackPotion"},{"floor":16.0,"key":"Block Potion"},{"floor":24.0,"key":"Fruit Juice"},{"floor":33.0,"key":"FearPotion"},{"floor":37,"key":"Fire Potion"},{"floor":40,"key":"LiquidBronze"},{"floor":47,"key":"Strength Potion"}],"is_trial":false,"path_per_floor":["M","?","M","?","M","R","E","R","T","M","M","E","M","M","R","B",null,"M","$","?","M","?","R","E","R","T","R","M","R","$","?","R","B",null,"M","?","M","?","M","E","M","R","T","R","M","T","M","$","R","B",null],"character_chosen":"DEFECT","items_purchased":["Chemical X","Tempest","Loop","Reinforced Body","Storm","Lee\u0027s Waffle","GamblersBrew","FairyPotion","Fruit Juice","SkillPotion","Swift Potion"],"campfire_rested":1,"item_purchase_floors":[19,19,19,30,30,48,48,48,48,48,48],"current_hp_per_floor":[68,61,61,61,61,61,49,49,49,47,47,39,39,39,39,22,68,68,68,68,46,46,46,22,43,43,43,43,43,43,43,43,43,73,73,68,68,68,68,68,68,68,68,68,68,68,68,85,85,85],"gold":8,"neow_bonus":"ONE_RARE_RELIC","is_daily":false,"chose_seed":false,"campfire_upgraded":10,"win_rate":0.0,"timestamp":1609692514,"path_taken":["M","?","M","?","M","R","E","R","T","M","M","E","?","M","R","BOSS","M","$","?","M","?","R","E","R","T","R","M","R","$","?","R","BOSS","M","?","M","?","?","E","M","R","T","R","M","?","M","$","R","BOSS"],"items_purchased_type":["Relic","Card","Card","Card","Card","Relic","Potion","Potion","Potion","Potion","Potion"],"build_version":"2020-12-22","purchased_purges":2,"victory":true,"max_hp_per_floor":[68,68,68,68,68,68,68,68,68,68,68,68,68,68,68,68,68,68,68,68,68,68,68,73,73,73,73,73,73,73,73,73,73,73,73,73,73,73,73,73,73,73,73,73,73,73,73,85,85,85],"card_choices":[{"not_picked":["Streamline","Leap"],"picked":"Sunder","floor":1.0},{"not_picked":["BootSequence","Genetic Algorithm"],"picked":"Beam Cell","floor":3.0},{"not_picked":["Lockon","Leap"],"picked":"Defragment","floor":5.0},{"not_picked":["Compile Driver","Coolheaded"],"picked":"Chill","floor":7.0},{"not_picked":["Ball Lightning","Conserve Battery"],"picked":"Seek","floor":10.0},{"not_picked":["Stack","Redo"],"picked":"Rebound","floor":10.0},{"not_picked":["Stack","Coolheaded"],"picked":"Capacitor","floor":11.0},{"not_picked":["Hologram","Steam Power","Doom and Gloom"],"picked":"SKIP","floor":11.0},{"not_picked":["Scrape","Streamline"],"picked":"Conserve Battery","floor":12.0},{"not_picked":["Chaos","Barrage"],"picked":"Loop","floor":13.0},{"not_picked":["Coolheaded","Compile Driver"],"picked":"Machine Learning","floor":13.0},{"not_picked":["Chill","Redo"],"picked":"Streamline","floor":14.0},{"not_picked":["Go for the Eyes","Redo","Rebound"],"picked":"SKIP","floor":14.0},{"not_picked":["All For One","Fission"],"picked":"Seek","floor":16.0},{"not_picked":["Gash","Genetic Algorithm+1"],"picked":"Consume","floor":18.0},{"not_picked":["Stack","Compile Driver+1","Sunder+1"],"picked":"SKIP","floor":18.0},{"not_picked":["Sweeping Beam","Ball Lightning"],"picked":"Leap","floor":21.0},{"not_picked":["Capacitor","Hologram"],"picked":"Defragment","floor":21.0},{"not_picked":["Stack+1","Fusion"],"picked":"Thunder Strike","floor":24.0},{"not_picked":["Beam Cell","Rebound"],"picked":"Turbo+1","floor":28.0},{"not_picked":["Stack","Creative AI","Conserve Battery"],"picked":"SKIP","floor":28.0},{"not_picked":["Creative AI","Reboot"],"picked":"Buffer","floor":33.0},{"not_picked":["Cold Snap","Hello World","Compile Driver+1"],"picked":"SKIP","floor":35},{"not_picked":["Beam Cell+1","Cold Snap+1","Compile Driver"],"picked":"SKIP","floor":35},{"not_picked":["Good Instincts","Impatience"],"picked":"Madness","floor":36},{"not_picked":["Sadistic Nature","Master of Strategy"],"picked":"Dark Shackles","floor":36},{"not_picked":["Stack+1","Blizzard"],"picked":"Go for the Eyes+1","floor":37},{"not_picked":["Reinforced Body","Leap","Reprogram+1"],"picked":"SKIP","floor":37},{"not_picked":["Tempest","Barrage"],"picked":"Auto Shields+1","floor":39},{"not_picked":["Steam Power+1","Streamline"],"picked":"Heatsinks+1","floor":39},{"not_picked":["Cold Snap","Rip and Tear+1","Barrage"],"picked":"SKIP","floor":40},{"not_picked":["Cold Snap","Rip and Tear+1","Barrage"],"picked":"SKIP","floor":40},{"not_picked":["Doom and Gloom+1","Streamline"],"picked":"Defragment+1","floor":41},{"not_picked":["Scrape","Darkness+1"],"picked":"Capacitor","floor":41},{"not_picked":["Rebound","BootSequence"],"picked":"Defragment+1","floor":45},{"not_picked":["Genetic Algorithm","Self Repair","Redo"],"picked":"SKIP","floor":45},{"not_picked":["Sweeping Beam+1","Barrage"],"picked":"Hologram+1","floor":47},{"not_picked":["Blizzard","Fusion+1","Barrage+1"],"picked":"SKIP","floor":47}],"player_experience":51325,"relics_obtained":[{"floor":7.0,"key":"Prayer Wheel"},{"floor":9.0,"key":"Ice Cream"},{"floor":12.0,"key":"Pen Nib"},{"floor":24.0,"key":"Bottled Lightning"},{"floor":26.0,"key":"Letter Opener"},{"floor":34,"key":"Art of War"},{"floor":34,"key":"Mummified Hand"},{"floor":34,"key":"Dead Branch"},{"floor":40,"key":"Potion Belt"},{"floor":43,"key":"The Courier"},{"floor":46,"key":"Bronze Scales"}],"event_choices":[{"cards_removed":["Strike_B"],"damage_healed":0.0,"max_hp_gain":0.0,"max_hp_loss":0.0,"gold_gain":0.0,"event_name":"Golden Wing","player_choice":"Card Removal","floor":2.0,"gold_loss":0.0,"damage_taken":7.0},{"damage_healed":0.0,"max_hp_gain":0.0,"max_hp_loss":0.0,"gold_gain":0.0,"event_name":"FaceTrader","player_choice":"Trade","floor":4.0,"gold_loss":0.0,"damage_taken":0.0,"relics_obtained":["SsserpentHead"]},{"damage_healed":0.0,"max_hp_gain":0.0,"max_hp_loss":0.0,"gold_gain":0.0,"event_name":"The Library","player_choice":"Read","floor":20.0,"gold_loss":0.0,"damage_taken":0.0,"cards_obtained":["Tempest"]},{"damage_healed":0.0,"max_hp_gain":0.0,"max_hp_loss":0.0,"gold_gain":0.0,"event_name":"Addict","player_choice":"Obtained Relic","floor":22.0,"gold_loss":85.0,"damage_taken":0.0,"relics_obtained":["Ginger"]},{"damage_healed":0.0,"max_hp_gain":0.0,"max_hp_loss":0.0,"gold_gain":0.0,"event_name":"Back to Basics","player_choice":"Simplicity","floor":31.0,"gold_loss":0.0,"damage_taken":0.0,"cards_upgraded":["Defend_B","Defend_B","Defend_B","Defend_B"]},{"damage_healed":0,"gold_gain":0,"player_choice":"Memory 2","damage_taken":5,"max_hp_gain":0,"max_hp_loss":0,"event_name":"SensoryStone","floor":36,"gold_loss":0},{"cards_removed":["Beam Cell"],"damage_healed":0,"gold_gain":0,"player_choice":"Removed Attack","damage_taken":0,"max_hp_gain":0,"max_hp_loss":0,"event_name":"Falling","floor":38,"gold_loss":0}],"is_beta":false,"boss_relics":[{"not_picked":["Philosopher\u0027s Stone","Runic Dome"],"picked":"Empty Cage"},{"not_picked":["Busted Crown","SlaversCollar"],"picked":"Calling Bell"}],"items_purged_floors":[19,48],"is_endless":false,"potions_floor_spawned":[1,10,11,12,16,24,33,37,40,47],"ascension_level":1}}