{"host":"cbu6enf2xtq4r7r3","time":1609679603,"event":{"mods":["2.2 Compatiblity","AlwaysNeverKeys","BaseMod","Better Altar","Better Match","Better Note","Better Sensory Stone","Better Skull","Better Third Choice","Colored Map","Colored Powertips","Defuse TimeMaze Blight","Emptier Cage","Minty Spire (QoL Compilation)","Permanent Neow","Quick Restart","Random Character Button","Relic Sorter","Reorder Act Four","Shop Mod","StSLib"],"gold_per_floor":[113,113,123,133,151,151,5,33,33,61,236,236,248,259,259,355,355,367,65,81,81,6,36,36,62,62,62,78,107,107,124,124,222,222,235,145,45,45,61,61,96,96,123,152,227,253,253,253,253,253,253,128,128,163,163],"floor_reached":56,"playtime":2068,"items_purged":["Strike_B","Strike_B","Strike_B"],"score":1401,"play_id":"d6de548f-fffb-4f4e-a8c0-ed162e5f6a80","local_time":"20210103141323","is_ascension_mode":true,"campfire_choices":[{"data":"BootSequence","floor":6,"key":"SMITH"},{"data":"Conserve Battery","floor":15,"key":"SMITH"},{"data":"Conserve Battery","floor":32,"key":"SMITH"},{"data":"Glacier","floor":40,"key":"SMITH"},{"data":"Creative AI","floor":42,"key":"SMITH"},{"data":"Biased Cognition","floor":47,"key":"SMITH"},{"floor":49,"key":"REST"},{"data":"Disarm","floor":53,"key":"SMITH"}],"circlet_count":0,"master_deck":["Defend_B","Defend_B","Defend_B","Defend_B","Zap+1","Dualcast","Lockon+1","Ball Lightning","BootSequence+1","Reboot","Conserve Battery+1","Electrodynamics","Cold Snap+1","Leap+1","Disarm+1","Core Surge","Conserve Battery+1","Glacier+1","Coolheaded+1","Tempest+1","Creative AI+1","Defragment+1","Core Surge","Force Field+1","Biased Cognition+1"],"relics":["Cracked Core","NeowsBlessing","Medical Kit","Lantern","Question Card","Emotion Chip","Sozu","MealTicket","Tiny Chest","Akabeko","Nunchaku","Mango","Juzu Bracelet","Bronze Scales","White Beast Statue","Inserter","Blue Candle","Regal Pillow","Letter Opener","Molten Egg 2","Bottled Tornado","HornCleat"],"acts_visited":["Exordium","TheCity","TheBeyond","TheEnding"],"potions_floor_usage":[8,16],"damage_taken":[{"damage":0,"enemies":"Small Slimes","floor":1,"turns":1},{"damage":0,"enemies":"Cultist","floor":3,"turns":1},{"damage":0,"enemies":"2 Louse","floor":4,"turns":1},{"damage":0,"enemies":"Blue Slaver","floor":5,"turns":2},{"damage":8,"enemies":"Lagavulin","floor":8,"turns":5},{"damage":13,"enemies":"3 Sentries","floor":10,"turns":4},{"damage":0,"enemies":"Lots of Slimes","floor":13,"turns":2},{"damage":0,"enemies":"Looter","floor":14,"turns":2},{"damage":23,"enemies":"Slime Boss","floor":16,"turns":6},{"damage":0,"enemies":"Chosen","floor":18,"turns":4},{"damage":0,"enemies":"3 Byrds","floor":20,"turns":4},{"damage":7,"enemies":"Book of Stabbing","floor":23,"turns":5},{"damage":0,"enemies":"Gremlin Leader","floor":25,"turns":1},{"damage":0,"enemies":"Snecko","floor":28,"turns":4},{"damage":4,"enemies":"Book of Stabbing","floor":29,"turns":6},{"damage":0,"enemies":"Centurion and Healer","floor":31,"turns":7},{"damage":47,"enemies":"Automaton","floor":33,"turns":11},{"damage":0,"enemies":"3 Shapes","floor":35,"turns":3},{"damage":0,"enemies":"3 Darklings","floor":39,"turns":6},{"damage":16,"enemies":"Reptomancer","floor":41,"turns":7},{"damage":38,"enemies":"Nemesis","floor":44,"turns":5},{"damage":7,"enemies":"Giant Head","floor":46,"turns":7},{"damage":44,"enemies":"Time Eater","floor":50,"turns":13},{"damage":0,"enemies":"Shield and Spear","floor":54,"turns":2},{"damage":60,"enemies":"The Heart","floor":55,"turns":10}],"seed_played":"-7400043046618589928","potions_obtained":[{"floor":4,"key":"FocusPotion"},{"floor":5,"key":"SneckoOil"}],"is_trial":false,"path_per_floor":["M","?","M","M","M","R","$","E","T","E","?","?","M","M","R","B",null,"M","$","M","?","$","E","?","E","T","T","M","E","T","M","R","B",null,"M","?","$","?","M","R","E","R","T","E","T","E","R","?","R","B",null,"$","R","E","B",null],"character_chosen":"DEFECT","items_purchased":["Medical Kit","MealTicket","Tiny Chest"],"campfire_rested":1,"item_purchase_floors":[7,19,19],"current_hp_per_floor":[75,75,75,75,75,75,75,67,67,54,54,54,54,54,54,31,75,75,75,75,75,75,68,68,68,82,82,82,78,78,78,78,31,89,89,89,89,85,85,85,69,69,69,31,31,24,24,24,64,20,85,85,85,85,25],"gold":163,"neow_bonus":"THREE_ENEMY_KILL","is_daily":false,"chose_seed":false,"campfire_upgraded":7,"win_rate":0.0,"timestamp":1609679603,"path_taken":["M","?","M","M","?","R","$","E","T","E","?","?","M","M","R","BOSS","M","?","M","?","$","E","?","E","T","?","M","E","?","M","R","BOSS","M","?","?","?","M","R","E","R","T","E","?","E","R","?","R","BOSS","$","R","E","BOSS"],"items_purchased_type":["Relic","Relic","Relic"],"build_version":"2020-12-22","purchased_purges":3,"victory":true,"max_hp_per_floor":[75,75,75,75,75,75,75,75,75,75,75,75,75,75,75,75,75,75,75,75,75,75,75,75,75,89,89,89,89,89,89,89,89,89,89,89,89,85,85,85,85,85,85,85,85,85,85,85,85,85,85,85,85,85,85],"card_choices":[{"not_picked":["Gash","Glacier"],"picked":"Ball Lightning","floor":1},{"not_picked":["Go for the Eyes","Turbo"],"picked":"Lockon","floor":3},{"not_picked":["Redo","Barrage"],"picked":"Ball Lightning","floor":4},{"not_picked":["Scrape","Double Energy"],"picked":"BootSequence","floor":5},{"not_picked":["Leap","Consume"],"picked":"Reboot","floor":8},{"not_picked":["Seek","Auto Shields","Doom and Gloom","Rebound"],"picked":"SKIP","floor":10},{"not_picked":["Turbo","Steam","Streamline"],"picked":"Conserve Battery","floor":13},{"not_picked":["Steam","Force Field","Blizzard","Streamline"],"picked":"SKIP","floor":14},{"not_picked":["Amplify","Machine Learning","Echo Form"],"picked":"Electrodynamics","floor":16},{"not_picked":["Hologram","Beam Cell","Consume"],"picked":"Cold Snap+1","floor":18},{"not_picked":["Self Repair","Stack","Tempest"],"picked":"Leap+1","floor":20},{"not_picked":["Coolheaded","Buffer","White Noise"],"picked":"Core Surge","floor":23},{"not_picked":["Sunder","Stack","Hyperbeam","Sweeping Beam"],"picked":"SKIP","floor":25},{"not_picked":["Double Energy","Turbo","Rebound"],"picked":"Glacier","floor":28},{"not_picked":["Go for the Eyes","Steam","Chill"],"picked":"Coolheaded+1","floor":29},{"not_picked":["Leap","Ball Lightning+1","Chaos+1"],"picked":"Tempest+1","floor":31},{"not_picked":["Machine Learning","Meteor Strike","Multi-Cast"],"picked":"Creative AI","floor":33},{"not_picked":["Gash+1","Go for the Eyes","Ball Lightning","Sweeping Beam+1"],"picked":"SKIP","floor":35},{"not_picked":["Heatsinks+1","Redo","Doom and Gloom+1"],"picked":"Defragment+1","floor":39},{"not_picked":["Darkness+1","Skim+1","Rip and Tear"],"picked":"Core Surge","floor":41},{"not_picked":["Barrage+1","Echo Form","Darkness"],"picked":"Force Field+1","floor":44},{"not_picked":["Capacitor","White Noise+1","Beam Cell+1"],"picked":"Biased Cognition","floor":46},{"not_picked":["Cold Snap+1","Hello World+1","Rebound+1","Streamline+1"],"picked":"SKIP","floor":54}],"player_experience":65685,"relics_obtained":[{"floor":8,"key":"Lantern"},{"floor":9,"key":"Question Card"},{"floor":10,"key":"Emotion Chip"},{"floor":23,"key":"Akabeko"},{"floor":25,"key":"Nunchaku"},{"floor":26,"key":"Mango"},{"floor":27,"key":"Juzu Bracelet"},{"floor":29,"key":"Bronze Scales"},{"floor":30,"key":"White Beast Statue"},{"floor":41,"key":"Blue Candle"},{"floor":43,"key":"Regal Pillow"},{"floor":44,"key":"Letter Opener"},{"floor":45,"key":"Molten Egg 2"},{"floor":46,"key":"Bottled Tornado"},{"floor":54,"key":"HornCleat"}],"event_choices":[{"damage_healed":0,"gold_gain":0,"player_choice":"Upgraded","damage_taken":0,"max_hp_gain":0,"max_hp_loss":0,"event_name":"Upgrade Shrine","floor":2,"gold_loss":0,"cards_upgraded":["Zap"]},{"damage_healed":0,"gold_gain":175,"player_choice":"AGREE","damage_taken":61,"max_hp_gain":0,"max_hp_loss":0,"event_name":"betterThird:BetterSerpent","floor":11,"gold_loss":0},{"cards_removed":["Doubt"],"damage_healed":0,"gold_gain":0,"player_choice":"Removed Curses","damage_taken":0,"max_hp_gain":0,"max_hp_loss":0,"event_name":"Fountain of Cleansing","floor":12,"gold_loss":0},{"cards_removed":["BootSequence"],"damage_healed":0,"gold_gain":0,"player_choice":"Take \u0026 Give","damage_taken":0,"max_hp_gain":0,"max_hp_loss":0,"event_name":"betterNote:BetterNote","floor":21,"gold_loss":0,"cards_obtained":["Disarm"]},{"damage_healed":0,"gold_gain":0,"player_choice":"Read","damage_taken":0,"max_hp_gain":0,"max_hp_loss":0,"event_name":"The Library","floor":24,"gold_loss":0,"cards_obtained":["Conserve Battery"]},{"cards_removed":["Strike_B"],"damage_healed":0,"gold_gain":0,"player_choice":"Upgrade and Remove","damage_taken":0,"max_hp_gain":0,"max_hp_loss":0,"event_name":"Designer","floor":36,"gold_loss":90,"cards_upgraded":["Lockon"]},{"damage_healed":0,"gold_gain":0,"player_choice":"Max HP","damage_taken":0,"max_hp_gain":0,"max_hp_loss":4,"event_name":"Winding Halls","floor":38,"gold_loss":0},{"cards_removed":["Ball Lightning"],"damage_healed":0,"gold_gain":0,"player_choice":"Removed Attack","damage_taken":0,"max_hp_gain":0,"max_hp_loss":0,"event_name":"Falling","floor":48,"gold_loss":0}],"is_beta":false,"boss_relics":[{"not_picked":["Empty Cage","Runic Pyramid"],"picked":"Sozu"},{"not_picked":["SlaversCollar","Black Star"],"picked":"Inserter"}],"items_purged_floors":[22,37,52],"is_endless":false,"potions_floor_spawned":[4,5,23,25,29,31,33,35,39,41,44,46,54],"ascension_level":1}}