{"host":"q9718omregw4er46","time":1609698105,"event":{"mods":["BaseMod","Bestiary","Colored Powertips","Minty Spire (QoL Compilation)","Quick Restart","Relic Stats"],"gold_per_floor":[116,391,404,424,99,99,174,206,233,266,266,284,19,46,46,125,125,143,143,143,143,158,187,187,215,215,265,280,280,280],"floor_reached":29,"playtime":844,"items_purged":["Regret","Strike_B"],"score":558,"play_id":"4c1a1c6f-28cb-4d37-8f4d-aed19be42f40","local_time":"20210103232145","is_ascension_mode":true,"campfire_choices":[{"data":"Defragment","floor":6.0,"key":"SMITH"},{"data":"Loop","floor":11.0,"key":"SMITH"},{"data":"Seek","floor":15.0,"key":"SMITH"},{"floor":24.0,"key":"REST"}],"circlet_count":0,"master_deck":["AscendersBane","Defend_B","Defend_B","Defend_B","Defend_B","Zap","Dualcast","FTL","Doom and Gloom","Compile Driver","Defragment+1","Seek+1","Core Surge","Go for the Eyes","Glacier","Loop+1","Electrodynamics","Core Surge","Hologram+1","Fission+1","Tempest+1","White Noise","Amplify","White Noise"],"relics":["Cracked Core","NeowsBlessing","Orrery","Regal Pillow","Bronze Scales","Vajra","Art of War","Mercury Hourglass","Astrolabe","Enchiridion","Akabeko","Bottled Tornado","Thread and Needle"],"acts_visited":["Exordium","TheCity"],"potions_floor_usage":[29],"damage_taken":[{"damage":0.0,"enemies":"Small Slimes","floor":1.0,"turns":1.0},{"damage":0.0,"enemies":"Cultist","floor":3.0,"turns":1.0},{"damage":0.0,"enemies":"Jaw Worm","floor":4.0,"turns":1.0},{"damage":20.0,"enemies":"Gremlin Nob","floor":8.0,"turns":4.0},{"damage":2.0,"enemies":"Lagavulin","floor":10.0,"turns":6.0},{"damage":0.0,"enemies":"Blue Slaver","floor":12.0,"turns":3.0},{"damage":8.0,"enemies":"Gremlin Nob","floor":14.0,"turns":3.0},{"damage":12.0,"enemies":"The Guardian","floor":16.0,"turns":7.0},{"damage":3.0,"enemies":"Chosen","floor":18.0,"turns":4.0},{"damage":0.0,"enemies":"3 Byrds","floor":22.0,"turns":1.0},{"damage":23.0,"enemies":"Book of Stabbing","floor":23.0,"turns":4.0},{"damage":32,"enemies":"Gremlin Leader","floor":25,"turns":5},{"damage":0,"enemies":"Cultist and Chosen","floor":28,"turns":4},{"damage":16,"enemies":"Slavers","floor":29,"turns":1}],"seed_played":"-2544779596307841893","potions_obtained":[{"floor":1.0,"key":"DuplicationPotion"},{"floor":4.0,"key":"Block Potion"},{"floor":16.0,"key":"FearPotion"},{"floor":18.0,"key":"SkillPotion"},{"floor":23.0,"key":"BlessingOfTheForge"}],"is_trial":false,"path_per_floor":["M","?","M","M","$","R","?","E","T","E","R","M","$","E","R","B",null,"M","?","?","?","M","E","R","E","T","?","M","E"],"character_chosen":"DEFECT","items_purchased":["Defragment","Orrery","Art of War"],"campfire_rested":1,"item_purchase_floors":[5,5,13],"current_hp_per_floor":[64,64,64,64,64,64,53,33,33,31,31,31,31,23,23,11,56,53,53,32,32,32,9,45,13,13,13,13,0,0],"gold":280,"neow_bonus":"THREE_ENEMY_KILL","is_daily":false,"chose_seed":false,"campfire_upgraded":3,"win_rate":0.0,"timestamp":1609698105,"path_taken":["M","?","?","M","$","R","?","E","T","E","R","M","$","E","R","BOSS","M","?","?","?","M","E","R","E","T","?","M","E"],"items_purchased_type":["Card","Relic","Relic"],"build_version":"2020-12-22","purchased_purges":2,"victory":false,"max_hp_per_floor":[71,71,71,71,71,71,71,71,71,71,71,71,71,71,71,71,71,71,71,71,71,71,71,71,71,71,71,71,71,71],"relic_stats":{"Regal Pillow":15,"counters":[14,44],"Bronze Scales":[72],"Astrolabe":["Hologram","Fission","Tempest"],"Art of War":[10],"obtain_stats":[{"Regal Pillow":8,"NeowsBlessing":0,"Astrolabe":17,"Vajra":10,"Enchiridion":20,"Thread and Needle":26,"Bottled Tornado":25,"Akabeko":23,"Mercury Hourglass":14,"Bronze Scales":9,"Orrery":5,"Art of War":13,"Cracked Core":0},{"Regal Pillow":4,"NeowsBlessing":0,"Astrolabe":8,"Vajra":5,"Enchiridion":9,"Thread and Needle":12,"Bottled Tornado":12,"Akabeko":11,"Mercury Hourglass":7,"Bronze Scales":4,"Orrery":3,"Art of War":6,"Cracked Core":0},{"Regal Pillow":7,"NeowsBlessing":0,"Astrolabe":26,"Vajra":13,"Enchiridion":30,"Thread and Needle":40,"Bottled Tornado":40,"Akabeko":35,"Mercury Hourglass":19,"Bronze Scales":7,"Orrery":3,"Art of War":16,"Cracked Core":0}],"Mercury Hourglass":[111]},"card_choices":[{"not_picked":["Gash","Stack"],"picked":"FTL","floor":1.0},{"not_picked":["Rebound","Redo"],"picked":"Doom and Gloom","floor":3.0},{"not_picked":["Streamline","Beam Cell"],"picked":"Compile Driver","floor":4.0},{"not_picked":["White Noise","Darkness"],"picked":"Seek","floor":5.0},{"not_picked":["Sunder","Redo"],"picked":"Core Surge","floor":5.0},{"not_picked":["Chaos","Stack"],"picked":"Go for the Eyes","floor":5.0},{"not_picked":["Streamline","Aggregate"],"picked":"Glacier","floor":8.0},{"not_picked":["Melter","Barrage"],"picked":"Loop","floor":10.0},{"not_picked":["Compile Driver","FTL"],"picked":"Electrodynamics","floor":12.0},{"not_picked":["Stack","Steam","Rebound"],"picked":"SKIP","floor":14.0},{"not_picked":["All For One","Meteor Strike"],"picked":"Core Surge","floor":16.0},{"not_picked":["Cold Snap","Ball Lightning","Turbo"],"picked":"SKIP","floor":18.0},{"not_picked":["Hologram","Turbo","Sweeping Beam"],"picked":"SKIP","floor":22.0},{"not_picked":["Hologram","Turbo","Sweeping Beam"],"picked":"SKIP","floor":22.0},{"not_picked":["Barrage","Coolheaded+1"],"picked":"Amplify","floor":23.0},{"not_picked":["Force Field","Hello World","Stack"],"picked":"SKIP","floor":25},{"not_picked":["Force Field","Hello World","Stack"],"picked":"SKIP","floor":25},{"not_picked":["Melter","Coolheaded+1"],"picked":"White Noise","floor":28}],"player_experience":1162837,"relics_obtained":[{"floor":8.0,"key":"Regal Pillow"},{"floor":9.0,"key":"Bronze Scales"},{"floor":10.0,"key":"Vajra"},{"floor":14.0,"key":"Mercury Hourglass"},{"floor":20.0,"key":"Enchiridion"},{"floor":23.0,"key":"Akabeko"},{"floor":25,"key":"Bottled Tornado"},{"floor":26,"key":"Thread and Needle"}],"event_choices":[{"damage_healed":0.0,"max_hp_gain":0.0,"max_hp_loss":0.0,"gold_gain":275.0,"event_name":"Golden Shrine","player_choice":"Desecrate","floor":2.0,"gold_loss":0.0,"damage_taken":0.0,"cards_obtained":["Regret"]},{"damage_healed":0.0,"max_hp_gain":0.0,"max_hp_loss":0.0,"gold_gain":75.0,"event_name":"World of Goop","player_choice":"Gather Gold","floor":7.0,"gold_loss":0.0,"damage_taken":11.0},{"damage_healed":0.0,"max_hp_gain":0.0,"max_hp_loss":0.0,"gold_gain":0.0,"event_name":"The Library","player_choice":"Read","floor":19.0,"gold_loss":0.0,"damage_taken":0.0,"cards_obtained":["White Noise"]},{"damage_healed":0.0,"max_hp_gain":0.0,"max_hp_loss":0.0,"gold_gain":0.0,"event_name":"Cursed Tome","player_choice":"Obtained Book","floor":20.0,"gold_loss":0.0,"damage_taken":21.0},{"damage_healed":0.0,"max_hp_gain":0.0,"max_hp_loss":0.0,"gold_gain":0.0,"event_name":"Ghosts","player_choice":"Ignored","floor":21.0,"gold_loss":0.0,"damage_taken":0.0},{"damage_healed":0,"gold_gain":50,"player_choice":"Stole From Cult","damage_taken":0,"max_hp_gain":0,"max_hp_loss":0,"event_name":"Nest","floor":27,"gold_loss":0}],"is_beta":false,"boss_relics":[{"not_picked":["Velvet Choker","FrozenCore"],"picked":"Astrolabe"}],"items_purged_floors":[5,13],"is_endless":false,"potions_floor_spawned":[1,4,12,16,18,23],"killed_by":"Slavers","ascension_level":20}}