{"host":"ormi09wwzv7sq47a","time":1609692486,"event":{"mods":["2.2 Compatiblity","AchievementEnabler","Act Like it!","BaseMod","Bestiary","Better Altar","Better Note","Better Sensory Stone","Better Skull","Better Third Choice","Better Vampires","BetterRewards","Block Reminder","Card Forge","Colored Map","Colored Powertips","Curses Come First","DeckTracker","Downfall","Highlight Path","Minty Spire (QoL Compilation)","Permanent Neow","Quick Restart","Rare Cards Sparkle","Relic Stats","Shop Mod","StSLib","The Jungle","The Servant 0.9.4"],"gold_per_floor":[110,120,295,310,310,310,352,352,352,392,392,31,31,31,31,145,145,170,189,76,99,125,125,125,162,162,162,162,185,211,252,252,363,390,413,413,472,492,516,81,81,81,81,118,118,118,142,177,177,177,177,177,24,66,66,66,66],"floor_reached":55,"playtime":4050,"items_purged":["Guardian:Strike_Guardian","Guardian:Defend_Guardian","Guardian:Defend_Guardian"],"score":2303,"play_id":"53d6a9e2-fda0-4ef8-86f9-e99b70191dba","local_time":"20210103134806","is_ascension_mode":true,"campfire_choices":[{"data":"Guardian:CurlUp","floor":6.0,"key":"SMITH"},{"data":"Guardian:BaubleBeam","floor":8.0,"key":"SMITH"},{"floor":11.0,"key":"REST"},{"data":"Guardian:TwinSlam","floor":15.0,"key":"SMITH"},{"data":"Guardian:HyperBeam_Guardian","floor":23.0,"key":"SMITH"},{"data":"Guardian:PrismaticBarrier","floor":27.0,"key":"SMITH"},{"data":"Guardian:ShieldCharger","floor":32,"key":"SMITH"},{"data":"Guardian:Suspension","floor":41,"key":"SMITH"},{"data":"Guardian:SphericShield","floor":42,"key":"SMITH"},{"data":"Guardian:TimeCapacitor","floor":45,"key":"SMITH"},{"data":"Guardian:GemFire","floor":46,"key":"SMITH"},{"floor":49,"key":"RECALL"},{"data":"Guardian:Defend_Guardian","floor":52,"key":"SMITH"}],"circlet_count":0,"master_deck":["Guardian:Defend_Guardian+1","Guardian:CurlUp+1","Guardian:TwinSlam+1","Guardian:BaubleBeam+1","Guardian:HyperBeam_Guardian+1","Guardian:Suspension+1","Guardian:TemporalShield+1","Guardian:ShieldCharger+1","Guardian:PrismaticBarrier+1","Guardian:GemFire+1","Guardian:TimeCapacitor+1","Guardian:Gem_Crimson","Guardian:SphericShield+1","Guardian:SentryBeam+1","Guardian:GuardianWhirl+1","Guardian:ConstructionForm+1","Guardian:FloatingOrbs+1","Guardian:Suspension+1","Guardian:TimeBomb+1","Guardian:Gem_Blue","Guardian:Gem_Orange","Guardian:Gem_Yellow","Guardian:Recover+1","Guardian:Recover+1"],"relics":["Guardian:ModeShifter","Hammer of Thor","Seething Fire","Anvil of the Gods","StoneCalendar","Lizard Tail","CeramicFish","Guardian:StasisCodex","Art of War","Oddly Smooth Stone","Bag of Preparation","Philosopher\u0027s Stone","StrikeDummy","Guardian:PickAxe","InkBottle","Astrolabe","WingedGreaves","Pear","Nunchaku","Dream Catcher","Medical Kit","War Paint"],"acts_visited":["Exordium","TheCity","TheBeyond","TheEnding"],"potions_floor_usage":[33,37,50,50,50],"damage_taken":[{"damage":0.0,"enemies":"Small Slimes","floor":1.0,"turns":4.0},{"damage":7.0,"enemies":"Jaw Worm","floor":2.0,"turns":3.0},{"damage":0.0,"enemies":"Cultist","floor":4.0,"turns":3.0},{"damage":34.0,"enemies":"3 Sentries","floor":7.0,"turns":7.0},{"damage":0.0,"enemies":"Lagavulin","floor":10.0,"turns":5.0},{"damage":3.0,"enemies":"Hexaghost","floor":16.0,"turns":9.0},{"damage":20.0,"enemies":"Chosen","floor":18.0,"turns":5.0},{"damage":0.0,"enemies":"Spheric Guardian","floor":19.0,"turns":3.0},{"damage":0.0,"enemies":"Centurion and Healer","floor":21.0,"turns":2.0},{"damage":0.0,"enemies":"Cultist and Chosen","floor":22.0,"turns":4.0},{"damage":5.0,"enemies":"Slavers","floor":25.0,"turns":3.0},{"damage":0.0,"enemies":"Snecko","floor":29.0,"turns":2.0},{"damage":0.0,"enemies":"Centurion and Healer","floor":30.0,"turns":2.0},{"damage":0,"enemies":"Book of Stabbing","floor":31,"turns":2},{"damage":0,"enemies":"Champ","floor":33,"turns":7},{"damage":0,"enemies":"3 Shapes","floor":35,"turns":1},{"damage":0,"enemies":"Mind Bloom Boss Battle","floor":37,"turns":1},{"damage":0,"enemies":"Orb Walker","floor":38,"turns":1},{"damage":0,"enemies":"Spire Growth","floor":39,"turns":3},{"damage":0,"enemies":"Giant Head","floor":44,"turns":5},{"damage":0,"enemies":"3 Darklings","floor":47,"turns":5},{"damage":0,"enemies":"Reptomancer","floor":48,"turns":3},{"damage":8,"enemies":"Donu and Deca","floor":50,"turns":7},{"damage":0,"enemies":"Shield and Spear","floor":54,"turns":3},{"damage":129,"enemies":"The Heart","floor":55,"turns":12}],"seed_played":"-7149896568146826690","potions_obtained":[{"floor":1.0,"key":"LiquidMemories"},{"floor":2.0,"key":"ColorlessPotion"},{"floor":4.0,"key":"Ancient Potion"},{"floor":16.0,"key":"Swift Potion"},{"floor":25.0,"key":"ColorlessPotion"},{"floor":29.0,"key":"DistilledChaos"},{"floor":31,"key":"AttackPotion"},{"floor":35,"key":"Weak Potion"},{"floor":37,"key":"SneckoOil"},{"floor":39,"key":"Strength Potion"}],"is_trial":false,"path_per_floor":["M","M","?","M","?","R","E","R","T","E","R","$","$","?","R","B",null,"M","M","$","M","M","R","?","E","T","R","?","M","M","E","R","B",null,"M","?","?","M","M","$","R","R","T","E","R","R","M","E","R","B",null,"R","$","E","B"],"character_chosen":"GUARDIAN","items_purchased":["Guardian:BaubleBeam","Oddly Smooth Stone","Bag of Preparation","Guardian:Gem_White","Guardian:ShieldCharger","Pear","Guardian:Gem_Blue","Medical Kit"],"campfire_rested":1,"item_purchase_floors":[0,12,12,12,20,40,40,53],"current_hp_per_floor":[64,57,57,57,57,57,23,23,23,23,47,47,47,47,47,44,71,51,51,51,51,51,51,51,46,46,46,46,46,46,46,46,46,72,72,72,72,72,72,82,82,82,82,82,82,82,82,82,82,74,83,83,83,83,0,0,0],"gold":66,"neow_bonus":"","is_daily":false,"chose_seed":false,"campfire_upgraded":11,"win_rate":0.0,"timestamp":1609692486,"path_taken":["M","M","?","M","?","R","E","R","T","E","R","?","$","?","R","BOSS","M","M","?","M","M","R","?","E","T","R","?","M","M","E","R","BOSS","M","?","?","M","M","$","R","R","T","E","R","R","M","E","R","BOSS","R","$","E","BOSS"],"items_purchased_type":["Card","Relic","Relic","Card","Card","Relic","Card","Relic"],"build_version":"2020-12-22","purchased_purges":3,"victory":false,"max_hp_per_floor":[80,80,80,80,80,80,80,80,80,80,80,80,80,80,80,80,80,80,80,80,80,80,80,80,80,80,80,80,80,80,80,80,80,80,80,76,76,76,76,86,86,86,86,86,86,86,86,86,86,86,86,86,86,86,86,86,86],"relic_stats":{"counters":[326,1489],"CeramicFish":234,"Astrolabe":["Guardian:SentryBeam","Guardian:GuardianWhirl","Guardian:ConstructionForm"],"StoneCalendar":[118],"Bag of Preparation":[40],"War Paint":[],"Medical Kit":[6],"Lizard Tail":43,"Nunchaku":[6],"Dream Catcher":0,"Art of War":[9],"obtain_stats":[{"Guardian:StasisEgg":37,"Ginger":0,"Whetstone":26,"Sling":0,"Guardian:PickAxe":14,"Blood Vial":23,"Sundial":30,"MealTicket":0,"Kunai":53,"MerchantsRug":21,"Pear":40,"Blue Candle":0,"Eternal Feather":9,"Pen Nib":44,"Guardian:PocketSentry":6,"Akabeko":0,"MutagenicStrength":22,"Bird Faced Urn":0,"Snecko Eye":17,"Pandora\u0027s Box":34,"StrikeDummy":43,"Unceasing Top":7,"Guardian:StasisSlotReductionRelic":17,"Lantern":29,"Torii":12,"Singing Bowl":21,"Guardian:StasisCodex":54,"StoneCalendar":38,"Bag of Preparation":21,"Ancient Tea Set":26,"Smiling Mask":30,"Cursed Key":17,"Matryoshka":9,"Shovel":40,"WingedGreaves":37,"InkBottle":47,"Lee\u0027s Waffle":0,"Golden Idol":13,"PreservedInsect":17,"The Courier":34,"Omamori":46,"Seething Fire":0,"Frozen Egg 2":9,"MawBank":9,"betterThird:SlimedRelic":2,"Turnip":0,"Art of War":48,"Bottled Lightning":26,"hexamod:BolsterEngine":13,"Toy Ornithopter":44,"Ice Cream":31,"Calipers":30,"Gremlin Horn":26,"Nilry\u0027s Codex":25,"CeramicFish":7,"Vajra":31,"Guardian:SackOfGems":23,"Hammer of Thor":0,"Lizard Tail":0,"Centennial Puzzle":29,"HornCleat":22,"DollysMirror":31,"Strawberry":10,"Prayer Wheel":17,"Philosopher\u0027s Stone":34,"Toxic Egg 2":29,"Girya":10,"Guardian:BottledStasis":36,"Happy Flower":54,"Astrolabe":17,"Dead Branch":0,"Guardian:ModeShifter":0,"Oddly Smooth Stone":37,"Letter Opener":9,"War Paint":9,"Question Card":40,"Du-Vu Doll":0,"OrangePellets":0,"Bottled Flame":26,"Shuriken":26,"Anvil of the Gods":0,"Bronze Scales":0,"Black Star":34,"Nloth\u0027s Gift":22,"Pocketwatch":7,"Meat on the Bone":24,"Darkstone Periapt":17,"Guardian:ModeShifterPlus":34,"Incense Burner":7,"Juzu Bracelet":7,"Dream Catcher":14,"Nunchaku":0,"Mummified Hand":8,"Tiny Chest":25,"Orichalcum":43,"Medical Kit":0,"White Beast Statue":21,"Mercury Hourglass":45,"Calling Bell":17,"Peace Pipe":0,"Guardian:StasisUpgradeRelic":53,"CaptainsWheel":9,"Anchor":9,"Bag of Marbles":48,"Membership Card":21,"FossilizedHelix":38,"TungstenRod":26},{"Guardian:StasisEgg":218,"Ginger":39,"Whetstone":249,"Sling":39,"Guardian:PickAxe":24,"Blood Vial":51,"Sundial":12,"MealTicket":171,"Kunai":109,"MerchantsRug":96,"Pear":320,"Blue Candle":136,"Eternal Feather":44,"Pen Nib":35,"Guardian:PocketSentry":44,"Akabeko":84,"MutagenicStrength":180,"Bird Faced Urn":225,"Snecko Eye":246,"Pandora\u0027s Box":14,"StrikeDummy":256,"Unceasing Top":69,"Guardian:StasisSlotReductionRelic":7,"Lantern":29,"Torii":143,"Singing Bowl":209,"Guardian:StasisCodex":65,"StoneCalendar":189,"Bag of Preparation":96,"Ancient Tea Set":28,"Smiling Mask":99,"Cursed Key":177,"Matryoshka":194,"Shovel":220,"WingedGreaves":318,"InkBottle":37,"Lee\u0027s Waffle":162,"Golden Idol":5,"PreservedInsect":25,"The Courier":276,"Omamori":106,"Seething Fire":0,"Frozen Egg 2":89,"MawBank":204,"betterThird:SlimedRelic":40,"Turnip":66,"Art of War":133,"Bottled Lightning":10,"hexamod:BolsterEngine":45,"Toy Ornithopter":105,"Ice Cream":275,"Calipers":124,"Gremlin Horn":52,"Nilry\u0027s Codex":149,"CeramicFish":305,"Vajra":30,"Guardian:SackOfGems":210,"Hammer of Thor":0,"Lizard Tail":17,"Centennial Puzzle":53,"HornCleat":50,"DollysMirror":99,"Strawberry":90,"Prayer Wheel":25,"Philosopher\u0027s Stone":186,"Toxic Egg 2":215,"Girya":80,"Guardian:BottledStasis":277,"Happy Flower":110,"Astrolabe":47,"Dead Branch":111,"Guardian:ModeShifter":0,"Oddly Smooth Stone":32,"Letter Opener":242,"War Paint":69,"Question Card":255,"Du-Vu Doll":288,"OrangePellets":111,"Bottled Flame":123,"Shuriken":97,"Anvil of the Gods":0,"Bronze Scales":162,"Black Star":100,"Nloth\u0027s Gift":209,"Pocketwatch":116,"Meat on the Bone":248,"Darkstone Periapt":25,"Guardian:ModeShifterPlus":55,"Incense Burner":4,"Juzu Bracelet":168,"Dream Catcher":6,"Nunchaku":66,"Mummified Hand":141,"Tiny Chest":123,"Orichalcum":34,"Medical Kit":66,"White Beast Statue":96,"Mercury Hourglass":157,"Calling Bell":25,"Peace Pipe":76,"Guardian:StasisUpgradeRelic":109,"CaptainsWheel":4,"Anchor":21,"Bag of Marbles":63,"Membership Card":96,"FossilizedHelix":58,"TungstenRod":212},{"Guardian:StasisEgg":983,"Ginger":211,"Whetstone":1148,"Sling":211,"Guardian:PickAxe":121,"Blood Vial":270,"Sundial":61,"MealTicket":775,"Kunai":521,"MerchantsRug":476,"Pear":1454,"Blue Candle":609,"Eternal Feather":237,"Pen Nib":184,"Guardian:PocketSentry":237,"Akabeko":446,"MutagenicStrength":815,"Bird Faced Urn":1021,"Snecko Eye":1137,"Pandora\u0027s Box":75,"StrikeDummy":1185,"Unceasing Top":367,"Guardian:StasisSlotReductionRelic":38,"Lantern":150,"Torii":640,"Singing Bowl":955,"Guardian:StasisCodex":340,"StoneCalendar":861,"Bag of Preparation":476,"Ancient Tea Set":145,"Smiling Mask":485,"Cursed Key":801,"Matryoshka":883,"Shovel":992,"WingedGreaves":1450,"InkBottle":196,"Lee\u0027s Waffle":727,"Golden Idol":22,"PreservedInsect":130,"The Courier":1282,"Omamori":510,"Seething Fire":0,"Frozen Egg 2":456,"MawBank":929,"betterThird:SlimedRelic":214,"Turnip":349,"Art of War":591,"Bottled Lightning":50,"hexamod:BolsterEngine":240,"Toy Ornithopter":504,"Ice Cream":1273,"Calipers":565,"Gremlin Horn":274,"Nilry\u0027s Codex":664,"CeramicFish":1404,"Vajra":154,"Guardian:SackOfGems":959,"Hammer of Thor":0,"Lizard Tail":91,"Centennial Puzzle":277,"HornCleat":266,"DollysMirror":485,"Strawberry":460,"Prayer Wheel":130,"Philosopher\u0027s Stone":845,"Toxic Egg 2":974,"Girya":426,"Guardian:BottledStasis":1284,"Happy Flower":525,"Astrolabe":259,"Dead Branch":532,"Guardian:ModeShifter":0,"Oddly Smooth Stone":167,"Letter Opener":1119,"War Paint":367,"Question Card":1177,"Du-Vu Doll":1325,"OrangePellets":532,"Bottled Flame":561,"Shuriken":479,"Anvil of the Gods":0,"Bronze Scales":727,"Black Star":490,"Nloth\u0027s Gift":955,"Pocketwatch":545,"Meat on the Bone":1146,"Darkstone Periapt":130,"Guardian:ModeShifterPlus":288,"Incense Burner":18,"Juzu Bracelet":761,"Dream Catcher":28,"Nunchaku":349,"Mummified Hand":631,"Tiny Chest":561,"Orichalcum":177,"Medical Kit":349,"White Beast Statue":476,"Mercury Hourglass":698,"Calling Bell":130,"Peace Pipe":412,"Guardian:StasisUpgradeRelic":521,"CaptainsWheel":18,"Anchor":107,"Bag of Marbles":326,"Membership Card":476,"FossilizedHelix":296,"TungstenRod":962}],"InkBottle":[44]},"card_choices":[{"not_picked":["Guardian:TemporalStrike","Guardian:Reroute"],"picked":"Guardian:Gem_Crimson","floor":1.0},{"not_picked":["Guardian:ShieldCharger","Guardian:WalkerClaw"],"picked":"Guardian:Gem_Cyan","floor":2.0},{"not_picked":["Guardian:Clone","Guardian:WalkerClaw"],"picked":"Guardian:Gem_Green","floor":4.0},{"not_picked":["Guardian:CrystalBeam","Guardian:RollAttack"],"picked":"Guardian:Gem_White","floor":7.0},{"not_picked":["Guardian:PolyBeam","Guardian:ChargeCore"],"picked":"Guardian:Gem_Crimson","floor":10.0},{"not_picked":["Guardian:CompilePackage","Guardian:StasisField"],"picked":"Guardian:HyperBeam_Guardian","floor":16.0},{"not_picked":["Guardian:Incinerate","Guardian:ShieldSpikes+1"],"picked":"Guardian:Suspension+1","floor":18.0},{"not_picked":["Guardian:ChargeUp+1","Guardian:Gem_Lightblue"],"picked":"Guardian:TemporalShield+1","floor":19.0},{"not_picked":["Guardian:MultiBeam+1","Guardian:FuturePlans"],"picked":"Guardian:PrismaticBarrier","floor":21.0},{"not_picked":["Guardian:Gem_Green","Guardian:FuturePlans+1"],"picked":"Guardian:Gem_Cyan","floor":22.0},{"not_picked":["Guardian:ShieldSpikes","Guardian:ExploitGems"],"picked":"Guardian:GemFire","floor":25.0},{"not_picked":["Guardian:ShieldCharger+1","Guardian:TemporalShield"],"picked":"Guardian:Gem_Cyan","floor":29.0},{"not_picked":["Guardian:RollAttack+1","Guardian:Suspension"],"picked":"Guardian:TimeCapacitor","floor":30.0},{"not_picked":["Guardian:RefractedBeam","Guardian:VentSteam"],"picked":"Guardian:Gem_Crimson","floor":31},{"not_picked":["Guardian:StasisField","Guardian:TimeSifter"],"picked":"Guardian:SphericShield","floor":33},{"not_picked":["Guardian:DonusPower","Guardian:WalkerClaw"],"picked":"Guardian:FloatingOrbs+1","floor":35},{"not_picked":["Guardian:Incinerate","Guardian:PrimingBeam"],"picked":"Guardian:Suspension","floor":37},{"not_picked":["Guardian:SentryBeam","Guardian:Clone"],"picked":"Guardian:Gem_Cyan","floor":38},{"not_picked":["Guardian:Incinerate+1","Guardian:Harden+1"],"picked":"Guardian:TimeBomb+1","floor":39},{"not_picked":["Guardian:Gem_Cyan","Guardian:WalkerClaw+1"],"picked":"Guardian:Gem_Orange","floor":44},{"not_picked":["Guardian:GuardianWhirl+1","Guardian:Gem_Crimson"],"picked":"Guardian:Gem_Yellow","floor":47},{"not_picked":["Guardian:PiercingHide","Guardian:WalkerClaw"],"picked":"Guardian:Recover+1","floor":48},{"not_picked":["Guardian:TimeBomb","Guardian:DonusPower+1"],"picked":"Guardian:Recover+1","floor":54}],"player_experience":865467,"relics_obtained":[{"floor":7.0,"key":"CeramicFish"},{"floor":9.0,"key":"Guardian:StasisCodex"},{"floor":10.0,"key":"Art of War"},{"floor":25.0,"key":"StrikeDummy"},{"floor":26.0,"key":"Guardian:PickAxe"},{"floor":31,"key":"InkBottle"},{"floor":37,"key":"WingedGreaves"},{"floor":44,"key":"Nunchaku"},{"floor":48,"key":"Dream Catcher"},{"floor":54,"key":"War Paint"}],"event_choices":[{"damage_healed":0.0,"max_hp_gain":0.0,"max_hp_loss":0.0,"gold_gain":175.0,"event_name":"betterThird:BetterSerpent","player_choice":"AGREE","floor":3.0,"gold_loss":0.0,"damage_taken":120.0},{"cards_removed":["Guardian:Strike_Guardian"],"damage_healed":0.0,"max_hp_gain":0.0,"max_hp_loss":0.0,"gold_gain":0.0,"event_name":"Purifier","player_choice":"Purged","floor":14.0,"gold_loss":0.0,"damage_taken":0.0},{"cards_removed":["Guardian:Strike_Guardian"],"damage_healed":0.0,"max_hp_gain":0.0,"max_hp_loss":0.0,"gold_gain":0.0,"event_name":"betterNote:BetterNote","player_choice":"Give","floor":24.0,"gold_loss":0.0,"damage_taken":0.0,"cards_obtained":["Regret"]},{"damage_healed":0.0,"max_hp_gain":0.0,"max_hp_loss":0.0,"gold_gain":0.0,"event_name":"The Mausoleum","player_choice":"Ignored","floor":28.0,"gold_loss":0.0,"damage_taken":0.0},{"damage_healed":0,"gold_gain":0,"player_choice":"Max HP","damage_taken":0,"max_hp_gain":0,"max_hp_loss":4,"event_name":"Winding Halls","floor":36,"gold_loss":0},{"damage_healed":0,"gold_gain":0,"player_choice":"Fight","damage_taken":0,"max_hp_gain":0,"max_hp_loss":0,"event_name":"MindBloom","floor":37,"gold_loss":0}],"is_beta":false,"boss_relics":[{"not_picked":["Fusion Hammer","Pandora\u0027s Box"],"picked":"Philosopher\u0027s Stone"},{"not_picked":["Sozu","Calling Bell"],"picked":"Astrolabe"}],"items_purged_floors":[0,20,40],"is_endless":false,"potions_floor_spawned":[1,2,4,16,25,29,31,35,37,39],"killed_by":"The Heart","ascension_level":9}}