{"host":"8i4doyxqctgl5qb0","time":1609704912,"event":{"mods":["AchievementEnabler","BaseMod","Block Reminder","Colored Powertips","Downfall","Marisa£®ÏF”Í°°ƒß¿Ì…≥£©","Minty Spire (QoL Compilation)","Permanent Neow","Potion Indicator Mod","Rare Cards Sparkle","StSLib","SuperFastMode"],"gold_per_floor":[115,190,43,62,62,88,88,105,105,5,19,19,69,18,18,113,113,133,51,51,51,51,84,84,98,145,172,204,220,234,252,252,352,352,370,370,387,397,424,424,453,453,453,469,126,126,143,170,170,170],"floor_reached":51,"playtime":1799,"items_purged":["Strike_B","Strike_B","Reprogram"],"score":872,"play_id":"6aa9d5ca-0074-433f-8eb1-17ad29df882e","local_time":"20210104041512","is_ascension_mode":true,"campfire_choices":[{"floor":7,"key":"REST"},{"floor":12,"key":"REST"},{"data":"Conserve Battery","floor":15,"key":"SMITH"},{"floor":24,"key":"REST"},{"data":"Storm","floor":32,"key":"SMITH"},{"floor":40,"key":"REST"},{"data":"Capacitor","floor":42,"key":"SMITH"},{"data":"Capacitor","floor":46,"key":"SMITH"},{"data":"Buffer","floor":49,"key":"SMITH"}],"circlet_count":0,"master_deck":["Strike_B+1","Strike_B+1","Defend_B+1","Defend_B+1","Zap","Dualcast","expansioncontent:Flail","Steam","Capacitor+1","Streamline","Conserve Battery+1","Self Repair","Electrodynamics","Capacitor+1","Hello World","Conserve Battery","Conserve Battery+1","Storm+1","Force Field","Conserve Battery+1","Ball Lightning","Cold Snap+1","Amplify","Blizzard+1","Leap+1","Reinforced Body","Defragment+1","Electrodynamics","Storm","Parasite","Conserve Battery+1","Buffer+1"],"relics":["FrozenCore","Bottled Flame","Ancient Tea Set","Tiny Chest","Nunchaku","Pen Nib","Anchor","HornCleat","Philosopher\u0027s Stone","Bronze Scales","MealTicket","Girya","Regal Pillow","Pantograph"],"acts_visited":["Exordium","TheCity","TheBeyond"],"potions_floor_usage":[6,16,23,33,33,41,48,50,50,50],"damage_taken":[{"damage":6.0,"enemies":"2 Louse","floor":1.0,"turns":2.0},{"damage":0,"enemies":"Cultist","floor":4,"turns":4},{"damage":29,"enemies":"Gremlin Nob","floor":6,"turns":5},{"damage":12,"enemies":"Jaw Worm","floor":8,"turns":3},{"damage":20,"enemies":"Lots of Slimes","floor":11,"turns":3},{"damage":39,"enemies":"Slime Boss","floor":16,"turns":9},{"damage":19,"enemies":"Shell Parasite","floor":18,"turns":10},{"damage":23,"enemies":"Gremlin Leader","floor":23,"turns":7},{"damage":6,"enemies":"Chosen","floor":25,"turns":6},{"damage":21,"enemies":"Slavers","floor":28,"turns":4},{"damage":2,"enemies":"3 Cultists","floor":29,"turns":4},{"damage":2,"enemies":"Shelled Parasite and Fungi","floor":30,"turns":8},{"damage":12,"enemies":"Snake Plant","floor":31,"turns":5},{"damage":44,"enemies":"Collector","floor":33,"turns":10},{"damage":20,"enemies":"Orb Walker","floor":35,"turns":5},{"damage":0,"enemies":"3 Shapes","floor":37,"turns":4},{"damage":36,"enemies":"Transient","floor":38,"turns":5},{"damage":11,"enemies":"Nemesis","floor":41,"turns":9},{"damage":13,"enemies":"Maw","floor":44,"turns":7},{"damage":2,"enemies":"Writhing Mass","floor":47,"turns":4},{"damage":19,"enemies":"Reptomancer","floor":48,"turns":6},{"damage":17,"enemies":"Donu and Deca","floor":50,"turns":6}],"seed_played":"2517339297532681243","potions_obtained":[{"floor":4,"key":"EssenceOfSteel"},{"floor":8,"key":"BlessingOfTheForge"},{"floor":16,"key":"FocusPotion"},{"floor":23,"key":"GamblersBrew"},{"floor":25,"key":"FearPotion"},{"floor":30,"key":"Dexterity Potion"},{"floor":33,"key":"SteroidPotion"},{"floor":35,"key":"champ:CounterPotion"},{"floor":41,"key":"Swift Potion"},{"floor":48,"key":"Fire Potion"}],"is_trial":false,"path_per_floor":["M","?","$","M","?","E","R","M","T","$","M","R","T","$","R","B",null,"M","$","?","?","?","E","R","M","T","T","E","M","M","M","R","B",null,"M","?","M","M","T","R","E","R","T","M","$","R","M","E","R","B",null],"character_chosen":"DEFECT","items_purchased":["Capacitor","ColorlessPotion","Hello World","Conserve Battery","Regal Pillow","Storm"],"campfire_rested":4,"item_purchase_floors":[3,14,19,19,45,45],"current_hp_per_floor":[69,62,62,62,62,33,55,43,43,43,23,45,45,45,45,13,75,63,63,63,63,63,47,69,70,70,70,49,54,59,54,54,17,75,69,69,75,46,46,68,64,64,64,58,73,73,71,59,59,58],"gold":170,"neow_bonus":"RANDOM_COLORLESS","is_daily":false,"chose_seed":false,"campfire_upgraded":5,"win_rate":0.0,"timestamp":1609704912,"path_taken":["M","?","$","?","?","E","R","?","T","$","M","R","?","$","R","BOSS","M","$","?","?","?","E","R","M","T","?","E","M","M","?","R","BOSS","M","?","M","?","?","R","E","R","T","?","$","R","M","E","R","BOSS"],"items_purchased_type":["Card","Potion","Card","Card","Relic","Card"],"build_version":"2020-12-22","purchased_purges":3,"victory":true,"max_hp_per_floor":[75,75,75,75,75,75,75,75,75,75,75,75,75,75,75,75,75,75,75,75,75,75,75,75,75,75,75,75,75,75,75,75,75,75,75,75,75,75,75,75,75,75,75,75,75,75,75,75,75,75],"card_choices":[{"not_picked":["expansioncontent:SlimeTackle","Finesse"],"picked":"expansioncontent:Flail","floor":0.0},{"not_picked":["Compile Driver","Gash"],"picked":"Steam","floor":1.0},{"not_picked":["Chaos","Turbo"],"picked":"Streamline","floor":4},{"not_picked":["Leap","Heatsinks","Core Surge"],"picked":"SKIP","floor":6},{"not_picked":["Steam Power","Blizzard"],"picked":"Conserve Battery","floor":8},{"not_picked":["Sweeping Beam","Go for the Eyes"],"picked":"Self Repair","floor":11},{"not_picked":["Machine Learning","Reboot"],"picked":"Electrodynamics","floor":16},{"not_picked":["Leap","Compile Driver+1"],"picked":"Capacitor","floor":18},{"not_picked":["Steam Power","Double Energy+1"],"picked":"Storm","floor":23},{"not_picked":["Melter","Coolheaded"],"picked":"Force Field","floor":25},{"not_picked":["Hologram","Streamline"],"picked":"Conserve Battery+1","floor":28},{"not_picked":["Coolheaded","Redo"],"picked":"Ball Lightning","floor":29},{"not_picked":["Doom and Gloom","Reprogram"],"picked":"Cold Snap+1","floor":30},{"not_picked":["Darkness+1","Compile Driver","Rebound"],"picked":"SKIP","floor":31},{"not_picked":["Multi-Cast","Core Surge"],"picked":"Amplify","floor":33},{"not_picked":["Go for the Eyes","Rebound"],"picked":"Blizzard+1","floor":35},{"not_picked":["Stack","Barrage+1"],"picked":"Leap+1","floor":37},{"not_picked":["Rip and Tear+1","Cold Snap+1"],"picked":"Reinforced Body","floor":38},{"not_picked":["Coolheaded","Reprogram+1"],"picked":"Defragment+1","floor":41},{"not_picked":["Barrage","Beam Cell"],"picked":"Electrodynamics","floor":44},{"not_picked":["FTL","Barrage+1"],"picked":"Conserve Battery+1","floor":47},{"not_picked":["Chaos","Amplify"],"picked":"Buffer","floor":48}],"player_experience":48844,"relics_obtained":[{"floor":6,"key":"Bottled Flame"},{"floor":9,"key":"Ancient Tea Set"},{"floor":13,"key":"Tiny Chest"},{"floor":23,"key":"Nunchaku"},{"floor":26,"key":"Pen Nib"},{"floor":27,"key":"Anchor"},{"floor":28,"key":"HornCleat"},{"floor":39,"key":"Bronze Scales"},{"floor":41,"key":"MealTicket"},{"floor":43,"key":"Girya"},{"floor":48,"key":"Pantograph"}],"event_choices":[{"damage_healed":0,"gold_gain":75,"player_choice":"Touch","damage_taken":7,"max_hp_gain":0,"max_hp_loss":0,"event_name":"FaceTrader","floor":2,"gold_loss":0},{"cards_removed":["Defend_B"],"damage_healed":0,"gold_gain":0,"player_choice":"Offered Basic","damage_taken":0,"max_hp_gain":0,"max_hp_loss":0,"event_name":"Bonfire Elementals","floor":5,"gold_loss":0},{"damage_healed":0,"gold_gain":0,"player_choice":"Simplicity","damage_taken":0,"max_hp_gain":0,"max_hp_loss":0,"event_name":"Back to Basics","floor":20,"gold_loss":0,"cards_upgraded":["Strike_B","Strike_B","Defend_B","Defend_B","Defend_B"]},{"damage_healed":0,"gold_gain":0,"player_choice":"Ignored","damage_taken":0,"max_hp_gain":0,"max_hp_loss":0,"event_name":"Ghosts","floor":21,"gold_loss":0},{"damage_healed":0,"gold_gain":0,"player_choice":"Copied","damage_taken":0,"max_hp_gain":0,"max_hp_loss":0,"event_name":"Duplicator","floor":22,"gold_loss":0,"cards_obtained":["Conserve Battery"]},{"damage_healed":0,"gold_gain":0,"cards_transformed":["Defend_B"],"player_choice":"Transformed","damage_taken":0,"max_hp_gain":0,"max_hp_loss":0,"event_name":"Transmorgrifier","floor":36,"gold_loss":0,"cards_obtained":["Reprogram"]}],"is_beta":false,"boss_relics":[{"not_picked":["Astrolabe","Ectoplasm"],"picked":"FrozenCore"},{"not_picked":["Sozu","SlaversCollar"],"picked":"Philosopher\u0027s Stone"}],"items_purged_floors":[3,10,45],"is_endless":false,"potions_floor_spawned":[4,6,8,16,23,25,30,33,35,41,47,48],"ascension_level":3}}