{"host":"appz8zkad29u9482","time":1609638966,"event":{"mods":["2.2 Compatiblity","Act Like it!","Aspiration","BaseMod","Beaked The Cultist","Better Altar","Better Match","Better Note","Better Skull","Better Third Choice","BetterRewards","CapriCore","Conspire","Disable Question Mark Monsters","Energized Spire","Gensokyo","GifTheSpireLib","Gold Saver","Halation","Hermit","Hubris","Infinite Spire","Jedi Mod","Jorbs\u0027s Wanderer Trilogy","Koishi","Marisa????????","Minty Spire (QoL Compilation)","Permanent Neow","Reimu??????","Replay The Spire","Spicy Shops","StSLib","Strawberry Spire","Stuff the Spire","The Administrix","The Cursed","The Hierophant","The Immortal","The Marked","The Servant 0.9.4","yUi"],"gold_per_floor":[767,787,787,798,698,698,721,721],"floor_reached":7,"playtime":391,"items_purged":[],"score":41,"play_id":"6f980c34-dcc9-4112-9700-4ce9b09c7c64","local_time":"20210102155606","is_ascension_mode":false,"campfire_choices":[{"data":"beaked:RitualOfBody","floor":6,"key":"SMITH"}],"circlet_count":0,"master_deck":["beaked:Strike_Y","beaked:Strike_Y","beaked:Strike_Y","beaked:Strike_Y","beaked:Strike_Y","beaked:Strike_Y","beaked:Defend_Y","beaked:Defend_Y","beaked:Defend_Y","beaked:Defend_Y","beaked:Ceremony","beaked:Ceremony","beaked:Ceremony","Regret","beaked:RitualOfBody+1","beaked:MaddeningMurmurs","StuffTheSpire:Ambrosia","beaked:SurvivalInstinct","conspire:SpireCoStock","conspire:SpireCoStock"],"relics":["beaked:MendingPlumage"],"acts_visited":["Exordium"],"potions_floor_usage":[],"damage_taken":[{"damage":3,"enemies":"2 Louse","floor":1,"turns":3},{"damage":18,"enemies":"Jaw Worm","floor":2,"turns":6},{"damage":14,"enemies":"Small Slimes","floor":4,"turns":5},{"damage":62,"enemies":"3 Sentries","floor":7,"turns":5}],"seed_played":"-3742495538032025556","potions_obtained":[{"floor":1,"key":"Dexterity Potion"}],"is_trial":false,"path_per_floor":["M","M","?","M","?","R","E"],"character_chosen":"BEAKED_THE_CULTIST","items_purchased":[],"campfire_rested":0,"item_purchase_floors":[],"current_hp_per_floor":[48,45,45,46,46,46,0,0],"gold":721,"neow_bonus":"RANDOM_EVENT","is_daily":false,"chose_seed":false,"campfire_upgraded":1,"win_rate":0.0,"timestamp":1609638966,"path_taken":["M","M","?","M","?","R","E"],"items_purchased_type":[],"build_version":"2020-12-22","purchased_purges":0,"victory":false,"max_hp_per_floor":[50,50,50,51,51,51,52,52],"card_choices":[{"not_picked":["beaked:Windmill","beaked:Overpower"],"picked":"beaked:RitualOfBody","floor":1},{"not_picked":["beaked:MimicHuntress","beaked:Struggle"],"picked":"beaked:MaddeningMurmurs","floor":2},{"not_picked":["StuffTheSpire:Perfection","StuffTheSpire:CelestialWarden"],"picked":"StuffTheSpire:Ambrosia","floor":3},{"not_picked":["beaked:Cower","beaked:Windmill"],"picked":"beaked:SurvivalInstinct","floor":4}],"player_experience":424841,"relics_obtained":[],"event_choices":[{"damage_healed":0,"gold_gain":0,"player_choice":"Box","damage_taken":0,"relics_obtained":["Nunchaku"],"max_hp_gain":0,"max_hp_loss":0,"event_name":"Big Fish","floor":0,"gold_loss":0,"cards_obtained":["Regret"]},{"damage_healed":0,"gold_gain":0,"player_choice":"Invest 2","damage_taken":0,"max_hp_gain":0,"max_hp_loss":0,"event_name":"conspire:Investor","floor":5,"gold_loss":0}],"is_beta":false,"boss_relics":[],"items_purged_floors":[],"is_endless":false,"potions_floor_spawned":[1],"killed_by":"3 Sentries","ascension_level":0}}