{"host":"Rich","time":1609639420,"event":{"mods":["AchievementEnabler","BaseMod","Highlight Path","Minty Spire (QoL Compilation)","Relic Stats"],"gold_per_floor":[360,155,172,72,22,22,48,63,63,63,63],"floor_reached":10,"playtime":278,"items_purged":["Strike_R","Strike_R"],"score":132,"play_id":"fe4b2a0f-6721-496d-b9a1-c5adda66ae52","local_time":"20210102210340","is_ascension_mode":true,"campfire_choices":[{"data":"Inflame","floor":6,"key":"SMITH"}],"circlet_count":0,"master_deck":["AscendersBane","Strike_R","Strike_R","Strike_R","Defend_R","Defend_R","Defend_R","Defend_R","Bash","Rampage","Shrug It Off","Inflame+1","Anger","True Grit"],"relics":["Burning Blood","Shuriken","Oddly Smooth Stone","InkBottle"],"acts_visited":["Exordium"],"potions_floor_usage":[10],"damage_taken":[{"damage":1,"enemies":"Cultist","floor":1,"turns":3},{"damage":12,"enemies":"Small Slimes","floor":3,"turns":4},{"damage":17,"enemies":"3 Sentries","floor":7,"turns":8},{"damage":3,"enemies":"2 Louse","floor":8,"turns":3},{"damage":54,"enemies":"Gremlin Nob","floor":10,"turns":4}],"seed_played":"-3076369827010717930","potions_obtained":[{"floor":1,"key":"ElixirPotion"}],"is_trial":false,"path_per_floor":["M","$","M","$","?","R","E","M","T","E"],"character_chosen":"IRONCLAD","items_purchased":["Shrug It Off","Inflame"],"campfire_rested":0,"item_purchase_floors":[2,2],"current_hp_per_floor":[68,68,62,62,62,62,51,54,54,0,0],"gold":63,"neow_bonus":"TWO_FIFTY_GOLD","is_daily":false,"chose_seed":false,"campfire_upgraded":1,"win_rate":0.0,"timestamp":1609639420,"path_taken":["M","$","?","$","?","R","E","?","T","E"],"items_purchased_type":["Card","Card"],"build_version":"2020-12-18","purchased_purges":2,"victory":false,"max_hp_per_floor":[68,68,68,68,68,68,68,68,68,68,68],"relic_stats":{"counters":[5,22],"Shuriken":[1],"obtain_stats":[{"Shuriken":5,"Oddly Smooth Stone":7,"Burning Blood":0,"InkBottle":9},{"Shuriken":2,"Oddly Smooth Stone":3,"Burning Blood":0,"InkBottle":4},{"Shuriken":7,"Oddly Smooth Stone":15,"Burning Blood":0,"InkBottle":18}],"Burning Blood":19,"InkBottle":[1]},"card_choices":[{"not_picked":["Dropkick","Rage"],"picked":"Rampage","floor":1},{"not_picked":["Wild Strike","Perfected Strike"],"picked":"Anger","floor":3},{"not_picked":["Wild Strike","Iron Wave","Berserk"],"picked":"SKIP","floor":7},{"not_picked":["Fire Breathing","Perfected Strike"],"picked":"True Grit","floor":8}],"player_experience":1954531,"relics_obtained":[{"floor":7,"key":"Oddly Smooth Stone"},{"floor":9,"key":"InkBottle"}],"event_choices":[{"damage_healed":0,"gold_gain":0,"player_choice":"Paid Gold","damage_taken":0,"relics_obtained":["Shuriken"],"max_hp_gain":0,"max_hp_loss":0,"event_name":"WeMeetAgain","floor":5,"gold_loss":50}],"is_beta":true,"boss_relics":[],"items_purged_floors":[2,4],"is_endless":false,"potions_floor_spawned":[1],"killed_by":"Gremlin Nob","ascension_level":20}}