{"host":"d2y4rmbezebiv8aj","time":1609638678,"event":{"mods":["AchievementEnabler","BaseMod","BetterRewards","Colored Map","Colored Powertips","Custom Start","Highlight Path","Minty Spire (QoL Compilation)","Rare Cards Sparkle","Shop Mod","StSLib","SuperFastMode","Synergy Search"],"gold_per_floor":[114,114,167,342,307,334,352,387,458,458,474,509,524,77,77,181,181,196,208,208,219,219,219,219,219],"floor_reached":24,"playtime":758,"items_purged":["Doubt"],"score":275,"play_id":"80a5540a-5fad-4a4e-a233-f8120c046bd3","local_time":"20210103025118","is_ascension_mode":true,"campfire_choices":[{"data":"Storm of Steel","floor":10,"key":"SMITH"},{"floor":15,"key":"REST"},{"floor":23,"key":"REST"}],"circlet_count":0,"master_deck":["Strike_G+1","Strike_G+1","Strike_G+1","Strike_G+1","Strike_G+1","Defend_G+1","Defend_G+1","Defend_G+1","Defend_G+1","Defend_G+1","Survivor","Neutralize","Predator","Backstab","Outmaneuver","Storm of Steel+1","Noxious Fumes","Infinite Blades","Bane","Infinite Blades","PiercingWail","Envenom","Flying Knee","Poisoned Stab","Slice"],"relics":["Ring of the Snake","NeowsBlessing","Regal Pillow","Pear","Anchor","White Beast Statue","Boot","Gremlin Horn","WristBlade"],"acts_visited":["Exordium","TheCity"],"potions_floor_usage":[8,8,8,12,12,12,21,21,21,24],"damage_taken":[{"damage":0,"enemies":"2 Louse","floor":1,"turns":1},{"damage":0,"enemies":"3 Sentries","floor":6,"turns":2},{"damage":0,"enemies":"Jaw Worm","floor":7,"turns":1},{"damage":32,"enemies":"Gremlin Nob","floor":8,"turns":5},{"damage":0,"enemies":"Cultist","floor":11,"turns":3},{"damage":25,"enemies":"Lagavulin","floor":12,"turns":6},{"damage":2,"enemies":"Exordium Thugs","floor":13,"turns":5},{"damage":45,"enemies":"The Guardian","floor":16,"turns":12},{"damage":27,"enemies":"Shell Parasite","floor":18,"turns":6},{"damage":37,"enemies":"Spheric Guardian","floor":19,"turns":6},{"damage":1,"enemies":"Centurion and Healer","floor":21,"turns":5},{"damage":51,"enemies":"Book of Stabbing","floor":24,"turns":5}],"seed_played":"-7780360663634101725","potions_obtained":[{"floor":1,"key":"EntropicBrew"},{"floor":7,"key":"Weak Potion"},{"floor":11,"key":"Fire Potion"},{"floor":12,"key":"FearPotion"},{"floor":13,"key":"EssenceOfSteel"},{"floor":16,"key":"SneckoOil"},{"floor":18,"key":"Poison Potion"},{"floor":21,"key":"EssenceOfSteel"}],"is_trial":false,"path_per_floor":["M","?","?","?","?","E","M","E","T","R","M","E","M","$","R","B",null,"M","M","?","M","?","R","E"],"character_chosen":"THE_SILENT","items_purchased":["Gremlin Horn","Infinite Blades","PiercingWail"],"campfire_rested":2,"item_purchase_floors":[14,14,14],"current_hp_per_floor":[70,58,58,58,70,80,80,48,48,48,48,23,21,21,60,15,80,53,16,8,7,7,46,0,0],"gold":219,"neow_bonus":"THREE_ENEMY_KILL","is_daily":false,"chose_seed":false,"campfire_upgraded":1,"win_rate":0.0,"timestamp":1609638678,"path_taken":["M","?","?","?","?","E","M","E","T","R","M","E","M","$","R","BOSS","M","M","?","?","?","R","E"],"items_purchased_type":["Relic","Card","Card"],"build_version":"2020-12-22","purchased_purges":1,"victory":false,"max_hp_per_floor":[70,70,70,70,70,80,80,80,80,80,80,80,80,80,80,80,80,80,80,80,80,80,80,80,80],"card_choices":[{"not_picked":["Escape Plan","Deflect"],"picked":"Predator","floor":1},{"not_picked":["Terror","Dodge and Roll"],"picked":"Backstab","floor":6},{"not_picked":["Dodge and Roll","Deflect"],"picked":"Outmaneuver","floor":7},{"not_picked":["Dagger Spray","Acrobatics"],"picked":"Storm of Steel","floor":8},{"not_picked":["Sucker Punch","Bane"],"picked":"Noxious Fumes","floor":11},{"not_picked":["Concentrate","Eviscerate"],"picked":"Infinite Blades","floor":12},{"not_picked":["Crippling Poison","Poisoned Stab"],"picked":"Bane","floor":13},{"not_picked":["Malaise","Phantasmal Killer"],"picked":"Envenom","floor":16},{"not_picked":["Underhanded Strike","Quick Slash"],"picked":"Flying Knee","floor":18},{"not_picked":["Dodge and Roll","Prepared"],"picked":"Poisoned Stab","floor":19},{"not_picked":["Underhanded Strike","Tactician+1"],"picked":"Slice","floor":21}],"player_experience":329307,"relics_obtained":[{"floor":6,"key":"Pear"},{"floor":8,"key":"Anchor"},{"floor":9,"key":"White Beast Statue"},{"floor":12,"key":"Boot"}],"event_choices":[{"damage_healed":0,"gold_gain":0,"player_choice":"Success","damage_taken":12,"relics_obtained":["Regal Pillow"],"max_hp_gain":0,"max_hp_loss":0,"event_name":"Scrap Ooze","floor":2,"gold_loss":0},{"damage_healed":0,"gold_gain":53,"player_choice":"Gained Gold","damage_taken":0,"max_hp_gain":0,"max_hp_loss":0,"event_name":"Golden Wing","floor":3,"gold_loss":0},{"damage_healed":0,"gold_gain":175,"player_choice":"AGREE","damage_taken":0,"max_hp_gain":0,"max_hp_loss":0,"event_name":"Liars Game","floor":4,"gold_loss":0,"cards_obtained":["Doubt"]},{"damage_healed":17,"gold_gain":0,"player_choice":"Healed","damage_taken":0,"max_hp_gain":0,"max_hp_loss":0,"event_name":"The Cleric","floor":5,"gold_loss":35},{"damage_healed":0,"gold_gain":0,"player_choice":"Damaged","damage_taken":8,"max_hp_gain":0,"max_hp_loss":0,"event_name":"Wheel of Change","floor":20,"gold_loss":0},{"damage_healed":0,"gold_gain":0,"player_choice":"Simplicity","damage_taken":0,"max_hp_gain":0,"max_hp_loss":0,"event_name":"Back to Basics","floor":22,"gold_loss":0,"cards_upgraded":["Strike_G","Strike_G","Strike_G","Strike_G","Strike_G","Defend_G","Defend_G","Defend_G","Defend_G","Defend_G"]}],"is_beta":false,"boss_relics":[{"not_picked":["Fusion Hammer","Snecko Eye"],"picked":"WristBlade"}],"items_purged_floors":[14],"is_endless":false,"potions_floor_spawned":[1,7,11,12,13,16,18,19,21],"killed_by":"Book of Stabbing","ascension_level":3}}