{"host":"otf1z5955ddlv5pq","time":1609655910,"event":{"mods":["BaseMod","Beaked The Cultist","Better Altar","Better Match","Better Note","Better Sensory Stone","Better Skull","Better Third Choice","Colored Map","Colored Powertips","Downfall","Minty Spire (QoL Compilation)","Rare Cards Sparkle","Replay The Spire","StSLib"],"gold_per_floor":[114,114,39,39,55,55,69,69,69,137,167,179,198,211,211,307,307,325,375,275,357,163,163,175,175,175,186,436,499,349,366,366,468,468,484,634,698,712,383,383,396,151,198,198,208,258,258,308,308,308,308],"floor_reached":50,"playtime":2382,"items_purged":["beaked:Defend_Y","Strike_B","Strike_B","Strike_B","Strike_B"],"score":659,"play_id":"e46cab78-3ab2-4eef-92b6-3c0d599b4497","local_time":"20210102223830","is_ascension_mode":false,"campfire_choices":[{"data":"Zap","floor":6,"key":"SMITH"},{"floor":8,"key":"REST"},{"data":"Electrodynamics","floor":15,"key":"SMITH"},{"data":"Loop","floor":23,"key":"SMITH"},{"data":"Redo","floor":25,"key":"SMITH"},{"data":"Conserve Battery","floor":32,"key":"SMITH"},{"data":"ReplayTheSpireMod:Calculation Training","floor":40,"key":"SMITH"},{"floor":44,"key":"RECALL"},{"data":"Static Discharge","floor":47,"key":"SMITH"},{"data":"Thunder Strike","floor":49,"key":"SMITH"}],"circlet_count":0,"master_deck":["Defend_B+1","Defend_B+1","Defend_B+1","Defend_B+1","Zap+1","Dualcast+1","Neutralize+1","Ball Lightning","Ball Lightning","Electrodynamics+1","Auto Shields","Thunder Strike+1","Conserve Battery+1","Redo+1","Loop+1","Static Discharge+1","Barrage+1","Ball Lightning","ReplayTheSpireMod:Calculation Training+1"],"relics":["Cracked Core","Du-Vu Doll","SsserpentHead","Question Card","Busted Crown","Red Mask","Replay:Bottled Eggs","Replay:Antivirus Software","ReplayTheSpireMod:Shallot"],"acts_visited":["Exordium","TheCity","TheBeyond"],"potions_floor_usage":[16,50,50,50,50],"damage_taken":[{"damage":1,"enemies":"2 Louse","floor":1,"turns":2},{"damage":0,"enemies":"Cultist","floor":5,"turns":2},{"damage":1,"enemies":"Jaw Worm","floor":7,"turns":2},{"damage":0,"enemies":"Exordium Thugs","floor":10,"turns":3},{"damage":0,"enemies":"Blue Slaver","floor":12,"turns":2},{"damage":4,"enemies":"2 Fungi Beasts","floor":13,"turns":2},{"damage":2,"enemies":"Gremlin Gang","floor":14,"turns":3},{"damage":0,"enemies":"Slime Boss","floor":16,"turns":5},{"damage":10,"enemies":"Spheric Guardian","floor":18,"turns":3},{"damage":4,"enemies":"Masked Bandits","floor":21,"turns":3},{"damage":0,"enemies":"3 Byrds","floor":24,"turns":2},{"damage":0,"enemies":"Snecko","floor":27,"turns":5},{"damage":1,"enemies":"Centurion and Healer","floor":29,"turns":4},{"damage":0,"enemies":"Chosen and Byrds","floor":31,"turns":3},{"damage":17,"enemies":"Pondfish","floor":33,"turns":9},{"damage":11,"enemies":"Orb Walker","floor":35,"turns":3},{"damage":0,"enemies":"3 Shapes","floor":37,"turns":4},{"damage":11,"enemies":"Transient","floor":38,"turns":5},{"damage":20,"enemies":"Jaw Worm Horde","floor":41,"turns":3},{"damage":21,"enemies":"Spire Growth","floor":45,"turns":4},{"damage":66,"enemies":"Replay:Hell Engine","floor":50,"turns":6}],"seed_played":"4414140235241574226","potions_obtained":[{"floor":5,"key":"SneckoOil"},{"floor":10,"key":"EntropicBrew"},{"floor":11,"key":"EssenceOfDarkness"},{"floor":16,"key":"Weak Potion"},{"floor":35,"key":"SkillPotion"}],"is_trial":false,"path_per_floor":["M","?","$","?","M","R","M","R","T","M","?","M","M","M","R","B",null,"M","?","$","?","$","R","M","R","T","M","?","M","$","M","R","B",null,"M","?","M","M","$","R","M","$","T","R","M","?","R","$","R_BF","B"],"character_chosen":"DEFECT","items_purchased":["Loop","Replay:Antivirus Software","ReplayTheSpireMod:Shallot"],"campfire_rested":1,"item_purchase_floors":[22,39,42],"current_hp_per_floor":[74,59,59,59,59,59,58,75,75,75,75,75,71,69,69,69,75,65,65,65,61,61,61,61,61,61,61,61,60,60,60,60,43,75,64,64,64,53,53,53,33,33,33,33,12,66,66,66,66,0,0],"gold":308,"neow_bonus":"ONE_RARE_RELIC","is_daily":false,"chose_seed":false,"campfire_upgraded":8,"win_rate":0.0,"timestamp":1609655910,"path_taken":["M","?","$","?","M","R","M","R","T","?","?","M","M","M","R","BOSS","M","?","$","?","$","R","M","R","T","M","?","?","$","M","R","BOSS","M","?","?","M","$","R","M","$","T","R","M","?","R","?","R_BF","BOSS"],"items_purchased_type":["Card","Relic","Relic"],"build_version":"2020-12-22","purchased_purges":5,"victory":false,"max_hp_per_floor":[75,75,75,75,75,75,75,75,75,75,75,75,75,75,75,75,75,75,75,75,75,75,75,75,75,75,75,75,75,75,75,75,75,75,75,75,75,75,75,75,75,75,75,75,75,66,66,66,66,66,66],"card_choices":[{"not_picked":["Cold Snap","Turbo"],"picked":"Ball Lightning","floor":1},{"not_picked":["Chill","Stack","ReplayTheSpireMod:Repulse"],"picked":"SKIP","floor":5},{"not_picked":["FIFO Queue","Compile Driver"],"picked":"Ball Lightning","floor":7},{"not_picked":["Coolheaded","Barrage","Hologram","Streamline"],"picked":"SKIP","floor":10},{"not_picked":["Barrage","Compile Driver","Leap"],"picked":"Electrodynamics","floor":12},{"not_picked":["Cold Snap","Skim","Leap"],"picked":"Auto Shields","floor":13},{"not_picked":["FTL","Hello World","Tempest","Beam Cell"],"picked":"SKIP","floor":14},{"not_picked":["Fission","Rainbow","Reboot"],"picked":"Thunder Strike","floor":16},{"not_picked":["Go for the Eyes"],"picked":"Conserve Battery","floor":18},{"not_picked":["Crystallizer"],"picked":"Redo","floor":21},{"not_picked":["Consume","ReplayTheSpireMod:GoodbyeWorld"],"picked":"SKIP","floor":24},{"not_picked":["Rebound+1","ReplaySort"],"picked":"SKIP","floor":27},{"not_picked":["Stack"],"picked":"Static Discharge","floor":29},{"not_picked":["Streamline+1","Glacier"],"picked":"SKIP","floor":31},{"not_picked":["Sweeping Beam+1"],"picked":"Barrage+1","floor":35},{"not_picked":["ReplayTheSpireMod:GoodbyeWorld"],"picked":"Ball Lightning","floor":37},{"not_picked":["Gash"],"picked":"ReplayTheSpireMod:Calculation Training","floor":38},{"not_picked":["Hologram","Sweeping Beam+1"],"picked":"SKIP","floor":41},{"not_picked":["Steam","Compile Driver+1"],"picked":"SKIP","floor":45}],"player_experience":1156681,"relics_obtained":[{"floor":9,"key":"Question Card"},{"floor":21,"key":"Red Mask"},{"floor":26,"key":"Replay:Bottled Eggs"}],"event_choices":[{"damage_healed":74,"gold_gain":0,"player_choice":"Upgrade","damage_taken":15,"max_hp_gain":0,"max_hp_loss":75,"event_name":"betterThird:BetterShining","floor":2,"gold_loss":0,"cards_upgraded":["Dualcast","Neutralize"]},{"damage_healed":0,"gold_gain":0,"player_choice":"Trade","damage_taken":0,"relics_obtained":["SsserpentHead"],"max_hp_gain":0,"max_hp_loss":0,"event_name":"FaceTrader","floor":4,"gold_loss":0},{"damage_healed":0,"gold_gain":0,"player_choice":"Bought 1 Potion","damage_taken":0,"max_hp_gain":0,"max_hp_loss":0,"event_name":"The Woman in Blue","floor":11,"gold_loss":0},{"cards_removed":["Conserve Battery"],"damage_healed":0,"gold_gain":0,"player_choice":"Give","damage_taken":0,"max_hp_gain":0,"max_hp_loss":0,"event_name":"betterNote:BetterNote","floor":19,"gold_loss":0,"cards_obtained":["None"]},{"damage_healed":0,"gold_gain":0,"player_choice":"Fought Bandits","damage_taken":0,"max_hp_gain":0,"max_hp_loss":0,"event_name":"Masked Bandits","floor":21,"gold_loss":0},{"damage_healed":0,"gold_gain":250,"player_choice":"Bet on Owner","damage_taken":0,"max_hp_gain":0,"max_hp_loss":0,"event_name":"The Joust","floor":28,"gold_loss":50},{"damage_healed":0,"gold_gain":100,"player_choice":"Pray","damage_taken":0,"max_hp_gain":0,"max_hp_loss":0,"event_name":"Golden Shrine","floor":36,"gold_loss":0},{"damage_healed":66,"gold_gain":0,"player_choice":"Heal","damage_taken":0,"max_hp_gain":0,"max_hp_loss":9,"event_name":"The Moai Head","floor":46,"gold_loss":0}],"is_beta":false,"boss_relics":[{"not_picked":["Painkiller Herb","Sozu"],"picked":"Busted Crown"},{"not_picked":["Pandora\u0027s Box","Snecko Eye","Philosopher\u0027s Stone"]}],"items_purged_floors":[3,20,22,30,39],"is_endless":false,"potions_floor_spawned":[5,10,12,16,27,29,33,35,37,41],"killed_by":"Replay:Hell Engine","ascension_level":0}}