{"host":"3a1ypf1irl30q4k8","time":1609711365,"event":{"mods":["AchievementEnabler","BaseMod","Bestiary","Colored Map","Minty Spire (QoL Compilation)","Relic Stats"],"gold_per_floor":[20,20,37,37,54,54,71,102,155,173,199,42,42,58,58,161,161,179,179,191,223,235,263,263,263,310,341,42,42,42,42,42,142,142,153,171,22,22,22,52,52,67,67,96,71,81,81,96,96,96,96,96,45,76,76,76],"floor_reached":55,"playtime":3649,"items_purged":["Strike_P+1"],"score":914,"play_id":"36608b47-cbb5-4ef2-96aa-f9877c4d7cbd","local_time":"20210103220245","is_ascension_mode":true,"campfire_choices":[{"data":"WheelKick","floor":6,"key":"SMITH"},{"data":"TalkToTheHand","floor":15,"key":"SMITH"},{"floor":24,"key":"REST"},{"data":"TalkToTheHand","floor":29,"key":"SMITH"},{"data":"TalkToTheHand","floor":32,"key":"SMITH"},{"data":"ReachHeaven","floor":41,"key":"SMITH"},{"floor":47,"key":"RECALL"},{"floor":49,"key":"REST"},{"data":"SandsOfTime","floor":52,"key":"SMITH"}],"circlet_count":0,"master_deck":["Strike_P+1","Defend_P","Defend_P","Defend_P","Defend_P","Eruption+1","Vigilance","DeusExMachina","Evaluate","CutThroughFate+1","WheelKick+1","TalkToTheHand+1","TalkToTheHand+1","FearNoEvil+1","SashWhip+1","Worship","LessonLearned+1","BowlingBash+1","ThirdEye+1","ReachHeaven+1","MasterReality","TalkToTheHand+1","Necronomicurse","Vault","FollowUp+1","SandsOfTime+1","Worship+1","EmptyMind+1","Meditate+1","Prostrate"],"relics":["PureWater","Darkstone Periapt","Juzu Bracelet","Orichalcum","ClockworkSouvenir","Sundial","Red Mask","Lantern","Nloth\u0027s Gift","Whetstone","Lee\u0027s Waffle","Necronomicon","Snecko Eye","Medical Kit","Anchor","Mango","Pocketwatch","Ornamental Fan"],"acts_visited":["Exordium","TheCity","TheBeyond","TheEnding"],"potions_floor_usage":[11,18,23,33,33,40,46,50,50,55],"damage_taken":[{"damage":5,"enemies":"2 Louse","floor":1,"turns":4},{"damage":0,"enemies":"Small Slimes","floor":3,"turns":3},{"damage":0,"enemies":"Jaw Worm","floor":5,"turns":2},{"damage":3,"enemies":"Blue Slaver","floor":7,"turns":3},{"damage":17,"enemies":"3 Sentries","floor":8,"turns":7},{"damage":0,"enemies":"2 Fungi Beasts","floor":10,"turns":2},{"damage":12,"enemies":"Gremlin Nob","floor":11,"turns":3},{"damage":3,"enemies":"3 Louse","floor":14,"turns":3},{"damage":0,"enemies":"Hexaghost","floor":16,"turns":7},{"damage":8,"enemies":"3 Byrds","floor":18,"turns":4},{"damage":5,"enemies":"Spheric Guardian","floor":20,"turns":3},{"damage":0,"enemies":"Masked Bandits","floor":21,"turns":3},{"damage":9,"enemies":"Snecko","floor":22,"turns":5},{"damage":2,"enemies":"Book of Stabbing","floor":23,"turns":5},{"damage":18,"enemies":"Slavers","floor":27,"turns":4},{"damage":52,"enemies":"Collector","floor":33,"turns":9},{"damage":1,"enemies":"3 Shapes","floor":35,"turns":4},{"damage":37,"enemies":"3 Darklings","floor":36,"turns":4},{"damage":4,"enemies":"Reptomancer","floor":40,"turns":4},{"damage":0,"enemies":"Sphere and 2 Shapes","floor":42,"turns":3},{"damage":0,"enemies":"Giant Head","floor":44,"turns":8},{"damage":0,"enemies":"Spire Growth","floor":46,"turns":4},{"damage":0,"enemies":"Maw","floor":48,"turns":5},{"damage":72,"enemies":"Time Eater","floor":50,"turns":11},{"damage":16,"enemies":"Shield and Spear","floor":54,"turns":5},{"damage":127,"enemies":"The Heart","floor":55,"turns":10}],"seed_played":"2722499520569254502","potions_obtained":[{"floor":5,"key":"Explosive Potion"},{"floor":8,"key":"Strength Potion"},{"floor":10,"key":"FairyPotion"},{"floor":14,"key":"Energy Potion"},{"floor":22,"key":"StancePotion"},{"floor":27,"key":"Dexterity Potion"},{"floor":35,"key":"Fire Potion"},{"floor":36,"key":"EssenceOfSteel"},{"floor":44,"key":"Energy Potion"},{"floor":48,"key":"DistilledChaos"}],"is_trial":false,"path_per_floor":["M","?","M","?","M","R","M","E","T","M","E","$","T","M","R","B",null,"M","?","M","?","M","E","R","?","T","E","$","R","?","?","R","B",null,"M","M","$","?","?","E","R","M","T","E","$","M","R","M","R","B",null,"R","$","E","B"],"character_chosen":"WATCHER","items_purchased":["ClockworkSouvenir","Lee\u0027s Waffle","TalkToTheHand","Medical Kit","Prostrate","Dexterity Potion"],"campfire_rested":2,"item_purchase_floors":[12,28,28,37,45,53],"current_hp_per_floor":[67,67,67,67,67,67,64,47,47,47,35,35,35,32,32,32,72,64,51,46,46,37,35,58,58,58,40,84,84,74,74,74,22,90,89,52,52,52,52,48,48,48,62,62,62,62,62,62,93,21,104,104,104,88,0,0],"gold":76,"neow_bonus":"THREE_RARE_CARDS","is_daily":false,"chose_seed":false,"campfire_upgraded":6,"win_rate":0.0,"timestamp":1609711365,"path_taken":["M","?","M","?","M","R","M","E","T","M","E","$","?","M","R","BOSS","M","?","M","?","M","E","R","?","T","E","$","R","?","?","R","BOSS","M","M","$","?","?","E","R","M","T","E","$","M","R","M","R","BOSS","R","$","E","BOSS"],"items_purchased_type":["Relic","Relic","Card","Relic","Card","Potion"],"build_version":"2020-12-22","purchased_purges":1,"victory":false,"max_hp_per_floor":[72,72,72,72,72,72,72,72,72,72,72,72,72,72,72,72,72,72,77,77,77,77,77,77,77,77,77,84,84,90,90,90,90,90,90,90,90,90,90,90,90,90,104,104,104,104,104,104,104,104,104,104,104,104,104,104],"relic_stats":{"Darkstone Periapt":6,"Lee\u0027s Waffle":44,"counters":[26,125],"Juzu Bracelet":1,"Whetstone":["Strike_P","Strike_P"],"Orichalcum":[30],"Medical Kit":[4],"Sundial":[16],"Ornamental Fan":[24],"Snecko Eye":[86,109,96,128],"Nloth\u0027s Gift":3,"Necronomicon":[49],"obtain_stats":[{"Darkstone Periapt":8,"Lantern":23,"Lee\u0027s Waffle":28,"Mango":43,"Juzu Bracelet":9,"Whetstone":27,"Orichalcum":11,"Empty Cage":17,"Medical Kit":37,"ClockworkSouvenir":12,"Anchor":40,"Sundial":13,"Ornamental Fan":54,"Snecko Eye":34,"Red Mask":21,"Nloth\u0027s Gift":25,"Necronomicon":30,"PureWater":0,"Pocketwatch":44},{"Darkstone Periapt":5,"Lantern":14,"Lee\u0027s Waffle":15,"Mango":20,"Juzu Bracelet":5,"Whetstone":15,"Orichalcum":7,"Empty Cage":9,"Medical Kit":18,"ClockworkSouvenir":7,"Anchor":19,"Sundial":7,"Ornamental Fan":25,"Snecko Eye":16,"Red Mask":12,"Nloth\u0027s Gift":14,"Necronomicon":15,"PureWater":0,"Pocketwatch":21},{"Darkstone Periapt":19,"Lantern":54,"Lee\u0027s Waffle":58,"Mango":82,"Juzu Bracelet":19,"Whetstone":58,"Orichalcum":24,"Empty Cage":34,"Medical Kit":75,"ClockworkSouvenir":24,"Anchor":79,"Sundial":24,"Ornamental Fan":115,"Snecko Eye":67,"Red Mask":44,"Nloth\u0027s Gift":54,"Necronomicon":58,"PureWater":0,"Pocketwatch":90}],"Pocketwatch":[6]},"card_choices":[{"not_picked":["Alpha","ConjureBlade"],"picked":"DeusExMachina","floor":0},{"not_picked":["JustLucky","DeceiveReality"],"picked":"Evaluate","floor":1},{"not_picked":["Evaluate","EmptyMind"],"picked":"CutThroughFate","floor":3},{"not_picked":["Crescendo","Evaluate"],"picked":"WheelKick","floor":5},{"not_picked":["CrushJoints","LikeWater"],"picked":"TalkToTheHand","floor":7},{"not_picked":["Meditate","Wireheading"],"picked":"TalkToTheHand","floor":8},{"not_picked":["Vengeance","Crescendo"],"picked":"FearNoEvil","floor":10},{"not_picked":["Crescendo","Collect"],"picked":"SashWhip","floor":11},{"not_picked":["ForeignInfluence","Crescendo"],"picked":"Worship","floor":14},{"not_picked":["ConjureBlade","Vault"],"picked":"LessonLearned","floor":16},{"not_picked":["Wireheading","FlurryOfBlows"],"picked":"BowlingBash+1","floor":18},{"not_picked":["BowlingBash+1","FollowUp"],"picked":"ThirdEye+1","floor":20},{"not_picked":["FlurryOfBlows","BattleHymn"],"picked":"ReachHeaven","floor":21},{"not_picked":["WaveOfTheHand","Evaluate+1","JustLucky+1"],"picked":"SKIP","floor":22},{"not_picked":["SashWhip","Evaluate+1","Ragnarok"],"picked":"SKIP","floor":23},{"not_picked":["Protect+1","PathToVictory+1"],"picked":"MasterReality","floor":27},{"not_picked":["LessonLearned","Judgement"],"picked":"Vault","floor":33},{"not_picked":["Evaluate","DeceiveReality+1"],"picked":"FollowUp+1","floor":35},{"not_picked":["WreathOfFlame+1","Adaptation+1"],"picked":"SandsOfTime","floor":36},{"not_picked":["Consecrate+1","FlyingSleeves+1"],"picked":"Worship+1","floor":40},{"not_picked":["Crescendo","Evaluate+1"],"picked":"EmptyMind+1","floor":42},{"not_picked":["Nirvana+1","Blasphemy"],"picked":"Meditate+1","floor":44},{"not_picked":["FollowUp+1","Consecrate","FlurryOfBlows"],"picked":"SKIP","floor":46},{"not_picked":["EmptyFist","Wireheading+1","JustLucky+1"],"picked":"SKIP","floor":48},{"not_picked":["JustLucky+1","BowlingBash+1","Blasphemy"],"picked":"SKIP","floor":54}],"player_experience":965284,"relics_obtained":[{"floor":8,"key":"Darkstone Periapt"},{"floor":9,"key":"Juzu Bracelet"},{"floor":11,"key":"Orichalcum"},{"floor":13,"key":"Sundial"},{"floor":21,"key":"Red Mask"},{"floor":23,"key":"Lantern"},{"floor":27,"key":"Whetstone"},{"floor":30,"key":"Necronomicon"},{"floor":40,"key":"Anchor"},{"floor":43,"key":"Mango"},{"floor":44,"key":"Pocketwatch"},{"floor":54,"key":"Ornamental Fan"}],"event_choices":[{"damage_healed":0,"gold_gain":0,"player_choice":"Grow","damage_taken":0,"max_hp_gain":0,"max_hp_loss":0,"event_name":"Living Wall","floor":2,"gold_loss":0,"cards_upgraded":["Eruption"]},{"damage_healed":0,"gold_gain":0,"player_choice":"Leave","damage_taken":0,"max_hp_gain":0,"max_hp_loss":0,"event_name":"The Cleric","floor":4,"gold_loss":0},{"damage_healed":0,"gold_gain":0,"player_choice":"Shed Blood","damage_taken":18,"max_hp_gain":5,"max_hp_loss":0,"event_name":"Forgotten Altar","floor":19,"gold_loss":0},{"damage_healed":0,"gold_gain":0,"player_choice":"Fought Bandits","damage_taken":0,"max_hp_gain":0,"max_hp_loss":0,"event_name":"Masked Bandits","floor":21,"gold_loss":0},{"damage_healed":0,"gold_gain":0,"player_choice":"Traded Relic","damage_taken":0,"relics_obtained":["Nloth\u0027s Gift"],"max_hp_gain":0,"max_hp_loss":0,"event_name":"N\u0027loth","floor":25,"relics_lost":["Empty Cage"],"gold_loss":0},{"damage_healed":0,"gold_gain":0,"player_choice":"Obtained Book","damage_taken":16,"max_hp_gain":0,"max_hp_loss":0,"event_name":"Cursed Tome","floor":30,"gold_loss":0},{"damage_healed":0,"gold_gain":0,"player_choice":"Ignored","damage_taken":0,"max_hp_gain":0,"max_hp_loss":0,"event_name":"Ghosts","floor":31,"gold_loss":0},{"damage_healed":0,"gold_gain":0,"player_choice":"Memory 1","damage_taken":0,"max_hp_gain":0,"max_hp_loss":0,"event_name":"SensoryStone","floor":38,"gold_loss":0},{"damage_healed":0,"gold_gain":0,"player_choice":"Ignored","damage_taken":0,"max_hp_gain":0,"max_hp_loss":0,"event_name":"Mysterious Sphere","floor":39,"gold_loss":0}],"is_beta":false,"boss_relics":[{"not_picked":["Runic Dome","Tiny House"],"picked":"Empty Cage"},{"not_picked":["SacredBark","Runic Pyramid"],"picked":"Snecko Eye"}],"items_purged_floors":[28],"is_endless":false,"potions_floor_spawned":[5,8,10,14,22,27,35,36,44,48],"killed_by":"The Heart","ascension_level":1}}