{"host":"5f3w3xqo483bhjcu","time":1609682682,"event":{"mods":["Act Like it!","BaseMod","Koishi","Marisa£®ÏF”Í°°ƒß¿Ì…≥£©","Minty Spire (QoL Compilation)","Reimu£®≤©¿ˆ¡È√Œ£©","Remilia£®¿Ÿ√◊¿Ú—«£©","StSLib","Waifu the Spire","WarShipGirlsR/’ΩΩ¢…Ÿ≈ÆR mod","Yakumo Yukari mod","Youmu£®ªÍ∆«—˝√Œ£©","Yuyuko","°æ“≈ŒÔø®≈∆°øREMEMod"],"gold_per_floor":[138,153,153,170,245,277,50,50,50,66,81,91,91,102,102,206,206,226,242,142,169,169,179,179,197,197,214,89,122,122,156,156,261,261,273,292,142,169,184,184,184,406,433,444,444,476,476,486,486,466],"floor_reached":51,"playtime":2898,"items_purged":["Defend_purpleEX","AT_purpleEX","AT_purpleEX","Defend_purpleEX"],"score":969,"play_id":"3ef9d12c-f500-4881-99d3-29ffd9d2a832","local_time":"20210103220442","is_ascension_mode":false,"campfire_choices":[{"data":"OmniscientAndOmnipotent_Monster_purple","floor":13.0,"key":"SMITH"},{"data":"REME_CRH","floor":15.0,"key":"SMITH"},{"data":"GluttonyofRealm_purpleEX","floor":24.0,"key":"SMITH"},{"data":"Observe_purple_2","floor":32.0,"key":"SMITH"},{"data":"WangLiang_OokamiKakushi_purple","floor":40,"key":"SMITH"},{"data":"Boundary_DreamRealityDamnation_purple","floor":45,"key":"SMITH"},{"data":"Fantasy_PerpetualMotionMachine_purple","floor":47,"key":"SMITH"},{"data":"Observe_purple_1","floor":49,"key":"SMITH"}],"circlet_count":0,"master_deck":["AT_purpleEX","Defend_purpleEX","Defend_purpleEX","Observe_purple_1+1","Observe_purple_2+1","REME_CRH+1","Boundary_LightAndDark_purple","PurpleNeedle_purple","OmniscientAndOmnipotent_Monster_purple+1","Mirror_FourBoundary_purple","GluttonyofRealm_purpleEX+1","Boundary_DreamRealityDamnation_purple+1","Mirror_WaveAndshot_purple","Shallow_ocean_purpleEX+1","Writhe","Extrememeaning_purpleEX+1","Poor:ReiMu","WangLiang_OokamiKakushi_purple+1","Fantasy_PerpetualMotionMachine_purple+1","Photoelasticity_Doppler_Effect_purple+1","Doubt"],"relics":["Boundary_crack","Memoryfragments_purpleEX","NeowsBlessing","Tea:ReiMu","Antimatter_spacedebris","Lee\u0027s Waffle","Mercury Hourglass","Cursed Key","Red Mask","Nloth\u0027s Gift","Mango","Vajra","Gambling Chip","Parasol_purpleEX","Coffee Dripper","CatCart","Boot","White Beast Statue"],"acts_visited":["Exordium","TheCity","TheBeyond"],"potions_floor_usage":[38,50],"damage_taken":[{"damage":0.0,"enemies":"Small Slimes","floor":1.0,"turns":1.0},{"damage":0.0,"enemies":"Jaw Worm","floor":2.0,"turns":1.0},{"damage":0.0,"enemies":"Cultist","floor":4.0,"turns":1.0},{"damage":27.0,"enemies":"Gremlin Nob","floor":6.0,"turns":5.0},{"damage":2.0,"enemies":"Gremlin Gang","floor":10.0,"turns":2.0},{"damage":0.0,"enemies":"3 Louse","floor":11.0,"turns":1.0},{"damage":4.0,"enemies":"Blue Slaver","floor":12.0,"turns":3.0},{"damage":8.0,"enemies":"Red Slaver","floor":14.0,"turns":3.0},{"damage":5.0,"enemies":"Hexaghost","floor":16.0,"turns":7.0},{"damage":0.0,"enemies":"Spheric Guardian","floor":18.0,"turns":1.0},{"damage":0.0,"enemies":"3 Byrds","floor":19.0,"turns":2.0},{"damage":0.0,"enemies":"Masked Bandits","floor":21.0,"turns":2.0},{"damage":0.0,"enemies":"Snake Plant","floor":23.0,"turns":1.0},{"damage":9.0,"enemies":"Snecko","floor":25.0,"turns":4.0},{"damage":17.0,"enemies":"Centurion and Healer","floor":27.0,"turns":3.0},{"damage":23.0,"enemies":"REME_1_Revenger","floor":29.0,"turns":2.0},{"damage":17.0,"enemies":"Gremlin Leader","floor":31.0,"turns":1.0},{"damage":2.0,"enemies":"Automaton","floor":33.0,"turns":5.0},{"damage":11,"enemies":"3 Shapes","floor":35,"turns":2},{"damage":0,"enemies":"3 Darklings","floor":36,"turns":1},{"damage":18,"enemies":"Orin","floor":38,"turns":5},{"damage":2,"enemies":"Sphere and 2 Shapes","floor":39,"turns":2},{"damage":4,"enemies":"Writhing Mass","floor":44,"turns":2},{"damage":22,"enemies":"Nemesis","floor":46,"turns":1},{"damage":0,"enemies":"Transient","floor":48,"turns":2},{"damage":19,"enemies":"Time Eater","floor":50,"turns":2}],"seed_played":"-540441481893424315","potions_obtained":[{"floor":1.0,"key":"Dexterity Potion"},{"floor":2.0,"key":"Weak Potion"},{"floor":4.0,"key":"PowerPotion"},{"floor":11.0,"key":"GamblersBrew"},{"floor":12.0,"key":"Weak Potion"},{"floor":16.0,"key":"Swift Potion"},{"floor":23.0,"key":"AttackPotion"},{"floor":25.0,"key":"PowerPotion"},{"floor":27.0,"key":"GrandPatriotsElixir:ReiMu"},{"floor":38,"key":"MagicPotion:ReiMu"}],"is_trial":false,"path_per_floor":["M","M","?","M","?","E","$","?","T","M","M","M","R","M","R","B",null,"M","M","$","?","?","M","R","M","T","M","$","E","T","E","R","B",null,"M","M","$","?","M","R","?","?","T","M","R","E","R","M","R","B",null],"character_chosen":"Youkari","items_purchased":["Lee\u0027s Waffle"],"campfire_rested":0,"item_purchase_floors":[7],"current_hp_per_floor":[70,70,58,58,47,22,77,77,77,76,77,74,74,67,67,67,77,77,77,77,77,77,77,77,72,86,76,76,56,56,39,39,40,95,87,90,90,75,78,78,78,78,78,74,74,54,54,54,54,37],"gold":466,"neow_bonus":"THREE_ENEMY_KILL","is_daily":false,"chose_seed":false,"campfire_upgraded":8,"win_rate":0.0,"timestamp":1609682682,"path_taken":["M","M","?","M","?","E","$","?","T","M","?","?","R","M","R","BOSS","M","M","$","?","?","M","R","?","T","M","?","E","?","E","R","BOSS","M","?","$","?","M","R","?","?","T","M","R","E","R","?","R","BOSS"],"items_purchased_type":["Relic"],"build_version":"2020-12-22","purchased_purges":4,"victory":true,"max_hp_per_floor":[70,70,70,70,70,70,77,77,77,77,77,77,77,77,77,77,77,77,77,77,77,77,77,77,77,91,95,95,95,95,95,95,95,95,95,95,95,95,99,99,99,99,99,99,99,99,99,99,99,99],"card_choices":[{"not_picked":["Mirror_Drifter_purple","DimensionStaggered_purple"],"picked":"Boundary_LightAndDark_purple","floor":1.0},{"not_picked":["SfantasyHide_purple","Mirror_FormAndEmptin_purple","SharpContractionReality_purple"],"picked":"SKIP","floor":2.0},{"not_picked":["SharpContractionReality_purple","Realm_recovery_purpleEX"],"picked":"PurpleNeedle_purple","floor":4.0},{"not_picked":["Price_of_realm_purpleEX","Line_surface_state_purple","Mirror_WaveAndshot_purple"],"picked":"SKIP","floor":6.0},{"not_picked":["ExistenceContinue_purple","StateDuplicate_purple","Charmbait_purple"],"picked":"SKIP","floor":10.0},{"not_picked":["DimensionStaggered_purple","StateDuplicate_purple"],"picked":"OmniscientAndOmnipotent_Monster_purple","floor":11.0},{"not_picked":["Shallow_ocean_purpleEX","AdvanceAttack_purple"],"picked":"Mirror_FourBoundary_purple","floor":12.0},{"not_picked":["Line_surface_state_purple","Boundary_ObjectiveBoundary_purple","Realm_recovery_purpleEX"],"picked":"SKIP","floor":14.0},{"not_picked":["MagicEyes_LaplaceDemon_purple","Computing_the_future_purpleEX"],"picked":"GluttonyofRealm_purpleEX","floor":16.0},{"not_picked":["Bait_Toxicbait_purple","Mirror_FormAndEmptin_purple+1"],"picked":"Boundary_DreamRealityDamnation_purple","floor":18.0},{"not_picked":["AdvanceAttack_purple","Mirror_Drifter_purple"],"picked":"Mirror_WaveAndshot_purple","floor":19.0},{"not_picked":["Realm_recovery_purpleEX","Mirror_WaveAndshot_purple+1","Anti_communist_purple+1"],"picked":"SKIP","floor":23.0},{"not_picked":["MeetDecomposer_purple","Mirror_FormAndEmptin_purple"],"picked":"Shallow_ocean_purpleEX+1","floor":25.0},{"not_picked":["Mirror_FormAndEmptin_purple","AdvanceAttack_purple","Charmbait_purple"],"picked":"SKIP","floor":27.0},{"not_picked":["Erosivefilter_purple","Line_surface_state_purple"],"picked":"Extrememeaning_purpleEX+1","floor":29.0},{"not_picked":["OmniscientAndOmnipotent_Monster_purple","Mirror_WaveAndshot_purple","Photoelasticity_Doppler_Effect_purple"],"picked":"SKIP","floor":31.0},{"not_picked":["MagicEyes_LaplaceDemon_purple","Human_Monster_Realm_purple"],"picked":"WangLiang_OokamiKakushi_purple","floor":33.0},{"not_picked":["StateErode_purple+1","CommonSense_AntiCommonSense_purple","RuptureOfTimeAndSpace_purple"],"picked":"SKIP","floor":35},{"not_picked":["ProofOfUnderstanding_purple","StateErode_purple+1","Mirror_FormAndEmptin_purple+1"],"picked":"SKIP","floor":36},{"not_picked":["ProofOfUnderstanding_purple","WatchEChange_purple"],"picked":"Fantasy_PerpetualMotionMachine_purple","floor":38},{"not_picked":["ExternalForce_HighSpeedFlying_purple+1","RuleDissolution_purple"],"picked":"Photoelasticity_Doppler_Effect_purple+1","floor":39},{"not_picked":["SharpContractionReality_purple","MonsterNeedle_purple","RuleDissolution_purple"],"picked":"SKIP","floor":44},{"not_picked":["Boundary_DynamicStaticEquilibrium_purple+1","Shallow_ocean_purpleEX","Charmbait_purple"],"picked":"SKIP","floor":46},{"not_picked":["WatchEChange_purple","Boundary_LightAndDark_purple+1","Line_surface_state_purple+1"],"picked":"SKIP","floor":48}],"player_experience":361727,"relics_obtained":[{"floor":6.0,"key":"Antimatter_spacedebris"},{"floor":9.0,"key":"Mercury Hourglass"},{"floor":21.0,"key":"Red Mask"},{"floor":26.0,"key":"Mango"},{"floor":29.0,"key":"Vajra"},{"floor":30.0,"key":"Gambling Chip"},{"floor":31.0,"key":"Parasol_purpleEX"},{"floor":38,"key":"CatCart"},{"floor":43,"key":"Boot"},{"floor":46,"key":"White Beast Statue"}],"event_choices":[{"damage_healed":0.0,"max_hp_gain":0.0,"max_hp_loss":0.0,"gold_gain":0.0,"event_name":"Scrap Ooze","player_choice":"Success","floor":3.0,"gold_loss":0.0,"damage_taken":12.0,"relics_obtained":["Tea:ReiMu"]},{"damage_healed":0.0,"max_hp_gain":0.0,"max_hp_loss":0.0,"gold_gain":75.0,"event_name":"World of Goop","player_choice":"Gather Gold","floor":5.0,"gold_loss":0.0,"damage_taken":11.0},{"cards_removed":["AT_purpleEX"],"damage_healed":0.0,"max_hp_gain":0.0,"max_hp_loss":0.0,"gold_gain":0.0,"event_name":"Wheel of Change","player_choice":"Card Removal","floor":8.0,"gold_loss":0.0,"damage_taken":0.0},{"damage_healed":0.0,"max_hp_gain":0.0,"max_hp_loss":0.0,"gold_gain":0.0,"event_name":"Masked Bandits","player_choice":"Fought Bandits","floor":21.0,"gold_loss":0.0,"damage_taken":0.0},{"damage_healed":0.0,"max_hp_gain":0.0,"max_hp_loss":0.0,"gold_gain":0.0,"event_name":"N\u0027loth","player_choice":"Traded Relic","floor":22.0,"relics_lost":["REME_ComplimentaryCards"],"gold_loss":0.0,"damage_taken":0.0,"relics_obtained":["Nloth\u0027s Gift"]},{"damage_healed":0,"gold_gain":0,"player_choice":"Fight","damage_taken":0,"max_hp_gain":0,"max_hp_loss":0,"event_name":"OrinTheCat","floor":38,"gold_loss":0},{"damage_healed":0,"gold_gain":222,"player_choice":"Wore Mask","damage_taken":0,"max_hp_gain":0,"max_hp_loss":0,"event_name":"Tomb of Lord Red Mask","floor":42,"gold_loss":0}],"is_beta":false,"boss_relics":[{"not_picked":["Runic Pyramid","Runic Dome"],"picked":"Cursed Key"},{"not_picked":["Tiny House","Pandora\u0027s Box"],"picked":"Coffee Dripper"}],"items_purged_floors":[7,20,28,37],"is_endless":false,"potions_floor_spawned":[1,2,4,11,12,16,19,23,25,27,38,39,44,48],"ascension_level":0}}