{"host":"143ld85m55v6o3h7","time":1609637290,"event":{"mods":["AchievementEnabler","BaseMod","Colored Map","DeckTracker","Minty Spire (QoL Compilation)","Permanent Neow","Rare Cards Sparkle","StSLib","everything is the same but u backflip on backflip"],"gold_per_floor":[17,17,27,39,57,57,57,89,89,89,114,114,132,147,147,252,252,268,193,193,193,193,225,245,278,278,278,34,34,66,66,66,167,167,177,192,192,67,67,96,110,135,135,189,209,159,159,173,173,173],"floor_reached":51,"playtime":392,"items_purged":["Defend_G","Strike_G","Doppelganger","Envenom"],"score":1246,"play_id":"871d6b7a-069a-4482-aace-182b2920c52c","local_time":"20210103102810","is_ascension_mode":false,"campfire_choices":[{"floor":6.0,"key":"REST"},{"data":"Dagger Throw","floor":12.0,"key":"SMITH"},{"data":"Neutralize","floor":15.0,"key":"SMITH"},{"data":"Defend_G","floor":27,"key":"SMITH"},{"data":"Strike_G","floor":29,"key":"SMITH"},{"data":"Ghostly","floor":32,"key":"SMITH"},{"data":"Ghostly","floor":47,"key":"SMITH"},{"data":"Ghostly","floor":49,"key":"SMITH"}],"circlet_count":0,"master_deck":["Survivor+1","Neutralize+1","Dagger Throw+1","CurseOfTheBell","Ghostly+1","Ghostly+1","Ghostly+1","Ghostly","Ghostly","Cloak And Dagger","Choke","Bouncing Flask","Bane"],"relics":["Ring of the Snake","The Specimen","Shuriken","Ninja Scroll","Paper Crane","Calling Bell","War Paint","InkBottle","StoneCalendar","Nilry\u0027s Codex","Juzu Bracelet","Centennial Puzzle","Ornamental Fan","Lee\u0027s Waffle","Pen Nib","Pandora\u0027s Box","Bag of Preparation","Toxic Egg 2","Smiling Mask","Lantern","Calipers"],"acts_visited":["Exordium","TheCity","TheBeyond"],"potions_floor_usage":[],"damage_taken":[{"damage":0.0,"enemies":"2 Louse","floor":1.0,"turns":1.0},{"damage":0.0,"enemies":"Cultist","floor":3.0,"turns":1.0},{"damage":0.0,"enemies":"Small Slimes","floor":4.0,"turns":1.0},{"damage":0.0,"enemies":"Blue Slaver","floor":5.0,"turns":1.0},{"damage":0.0,"enemies":"3 Sentries","floor":8.0,"turns":1.0},{"damage":0.0,"enemies":"Gremlin Nob","floor":11.0,"turns":1.0},{"damage":0.0,"enemies":"Large Slime","floor":13.0,"turns":1.0},{"damage":0.0,"enemies":"Red Slaver","floor":14.0,"turns":1.0},{"damage":0.0,"enemies":"Slime Boss","floor":16.0,"turns":1.0},{"damage":0.0,"enemies":"Shell Parasite","floor":18.0,"turns":1.0},{"damage":0,"enemies":"Book of Stabbing","floor":23,"turns":1},{"damage":0,"enemies":"Chosen","floor":24,"turns":1},{"damage":0,"enemies":"Slavers","floor":25,"turns":1},{"damage":0,"enemies":"Book of Stabbing","floor":30,"turns":1},{"damage":0,"enemies":"Automaton","floor":33,"turns":1},{"damage":0,"enemies":"3 Shapes","floor":35,"turns":1},{"damage":0,"enemies":"Orb Walker","floor":36,"turns":1},{"damage":0,"enemies":"Nemesis","floor":40,"turns":1},{"damage":0,"enemies":"4 Shapes","floor":41,"turns":1},{"damage":0,"enemies":"Giant Head","floor":42,"turns":1},{"damage":0,"enemies":"2 Orb Walkers","floor":44,"turns":1},{"damage":0,"enemies":"Sphere and 2 Shapes","floor":45,"turns":1},{"damage":0,"enemies":"Spire Growth","floor":48,"turns":1},{"damage":0,"enemies":"Donu and Deca","floor":50,"turns":1}],"seed_played":"-9142651788858632694","potions_obtained":[{"floor":1.0,"key":"DuplicationPotion"},{"floor":2.0,"key":"Strength Potion"},{"floor":2.0,"key":"Fire Potion"}],"is_trial":false,"path_per_floor":["M","?","M","M","M","R","$","E","T","?","E","R","M","M","R","B",null,"M","$","?","?","?","E","M","E","T","R","$","R","E","?","R","B",null,"M","M","?","$","T","E","M","E","T","?","M","$","R","M","R","B",null],"character_chosen":"THE_SILENT","items_purchased":["Lee\u0027s Waffle"],"campfire_rested":1,"item_purchase_floors":[28],"current_hp_per_floor":[70,70,70,70,70,70,70,70,70,70,70,70,70,70,70,70,70,70,70,54,41,41,41,41,41,41,41,82,82,82,41,41,41,41,41,41,41,41,41,41,41,41,41,41,41,41,41,41,41,41],"gold":173,"neow_bonus":"ONE_RARE_RELIC","is_daily":false,"chose_seed":false,"campfire_upgraded":7,"win_rate":0.0,"timestamp":1609637290,"path_taken":["M","?","M","?","M","R","$","E","T","?","E","R","M","M","R","BOSS","M","$","?","?","?","E","M","E","T","R","$","R","E","?","R","BOSS","M","M","?","$","?","E","M","E","T","?","M","$","R","M","R","BOSS"],"items_purchased_type":["Relic"],"build_version":"2020-12-22","purchased_purges":4,"victory":true,"max_hp_per_floor":[70,70,70,70,70,70,70,70,70,70,70,70,70,70,70,70,70,70,70,70,75,75,75,75,75,75,75,82,82,82,41,41,41,41,41,41,41,41,41,41,41,41,41,41,41,41,41,41,41,41],"card_choices":[{"not_picked":["Terror","Outmaneuver"],"picked":"Dagger Throw","floor":1.0},{"not_picked":["Underhanded Strike","Dagger Throw","Poisoned Stab"],"picked":"SKIP","floor":3.0},{"not_picked":["Catalyst","Underhanded Strike","Infinite Blades"],"picked":"SKIP","floor":4.0},{"not_picked":["Catalyst","Underhanded Strike","Infinite Blades"],"picked":"SKIP","floor":4.0},{"not_picked":["All Out Attack","Slice","Caltrops"],"picked":"SKIP","floor":5.0},{"not_picked":["Prepared","Deflect","Doppelganger"],"picked":"SKIP","floor":8.0},{"not_picked":["Bane","Dagger Spray","Dodge and Roll"],"picked":"SKIP","floor":11.0},{"not_picked":["Underhanded Strike","Heel Hook","Outmaneuver"],"picked":"SKIP","floor":13.0},{"not_picked":["Deflect","Calculated Gamble","Blade Dance"],"picked":"SKIP","floor":14.0},{"not_picked":["Reflex","Riddle With Holes","Acrobatics"],"picked":"SKIP","floor":18.0},{"not_picked":["Bane+1","Dash+1","Prepared"],"picked":"SKIP","floor":23},{"not_picked":["Flying Knee","Endless Agony+1","Deflect"],"picked":"SKIP","floor":24},{"not_picked":["Catalyst+1","Prepared+1","Venomology"],"picked":"SKIP","floor":25},{"not_picked":["Backflip+1","Predator","Leg Sweep"],"picked":"SKIP","floor":30},{"not_picked":["Leg Sweep+1","Quick Slash+1","Deadly Poison"],"picked":"SKIP","floor":35},{"not_picked":["Dagger Throw","Distraction","Outmaneuver"],"picked":"SKIP","floor":36},{"not_picked":["PiercingWail+1","Backflip+1","Expertise+1"],"picked":"SKIP","floor":40},{"not_picked":["Crippling Poison+1","Tactician+1","Underhanded Strike+1"],"picked":"SKIP","floor":41},{"not_picked":["Infinite Blades","Quick Slash","Leg Sweep+1"],"picked":"SKIP","floor":42},{"not_picked":["Night Terror+1","Prepared+1","Leg Sweep+1"],"picked":"SKIP","floor":45},{"not_picked":["Slice","Poisoned Stab","PiercingWail+1"],"picked":"SKIP","floor":48}],"player_experience":7624,"relics_obtained":[{"floor":8.0,"key":"Shuriken"},{"floor":9.0,"key":"Ninja Scroll"},{"floor":11.0,"key":"Paper Crane"},{"floor":17.0,"key":"War Paint"},{"floor":17.0,"key":"InkBottle"},{"floor":17.0,"key":"StoneCalendar"},{"floor":20.0,"key":"Nilry\u0027s Codex"},{"floor":23,"key":"Juzu Bracelet"},{"floor":25,"key":"Centennial Puzzle"},{"floor":26,"key":"Ornamental Fan"},{"floor":30,"key":"Pen Nib"},{"floor":39,"key":"Bag of Preparation"},{"floor":40,"key":"Toxic Egg 2"},{"floor":42,"key":"Smiling Mask"},{"floor":43,"key":"Lantern"},{"floor":44,"key":"Calipers"}],"event_choices":[{"damage_healed":0.0,"max_hp_gain":0.0,"max_hp_loss":0.0,"gold_gain":0.0,"event_name":"Lab","player_choice":"Got Potions","floor":2.0,"gold_loss":0.0,"damage_taken":0.0},{"cards_removed":["Defend_G"],"damage_healed":0.0,"max_hp_gain":0.0,"max_hp_loss":0.0,"gold_gain":0.0,"event_name":"Living Wall","player_choice":"Forget","floor":10.0,"gold_loss":0.0,"damage_taken":0.0},{"damage_healed":0.0,"max_hp_gain":0.0,"max_hp_loss":0.0,"gold_gain":0.0,"event_name":"Cursed Tome","player_choice":"Obtained Book","floor":20.0,"gold_loss":0.0,"damage_taken":16.0},{"damage_healed":0,"gold_gain":0,"player_choice":"Shed Blood","damage_taken":18,"max_hp_gain":5,"max_hp_loss":0,"event_name":"Forgotten Altar","floor":21,"gold_loss":0},{"damage_healed":0,"gold_gain":0,"player_choice":"Upgraded","damage_taken":0,"max_hp_gain":0,"max_hp_loss":0,"event_name":"Upgrade Shrine","floor":22,"gold_loss":0,"cards_upgraded":["Survivor"]},{"damage_healed":0,"gold_gain":0,"player_choice":"Became a Ghost","damage_taken":0,"max_hp_gain":0,"max_hp_loss":41,"event_name":"Ghosts","floor":31,"gold_loss":0,"cards_obtained":["Ghostly","Ghostly","Ghostly","Ghostly","Ghostly"]},{"cards_removed":["A Thousand Cuts"],"damage_healed":0,"gold_gain":0,"player_choice":"Purged","damage_taken":0,"max_hp_gain":0,"max_hp_loss":0,"event_name":"Purifier","floor":37,"gold_loss":0},{"damage_healed":0,"gold_gain":0,"player_choice":"Fight","damage_taken":0,"max_hp_gain":0,"max_hp_loss":0,"event_name":"Mysterious Sphere","floor":44,"gold_loss":0}],"is_beta":false,"boss_relics":[{"not_picked":["Fusion Hammer","Cursed Key"],"picked":"Calling Bell"},{"not_picked":["Busted Crown","Runic Dome"],"picked":"Pandora\u0027s Box"}],"items_purged_floors":[19,28,38,46],"is_endless":false,"potions_floor_spawned":[1,4,8,14,25,30,36,44,48],"ascension_level":0}}