{"host":"m77rrhbqzv44va4v","time":1609702498,"event":{"mods":["AchievementEnabler","BaseMod","Colored Map","DeckTracker","Keyboard Shortcuts","Minty Spire (QoL Compilation)","StSLib","SuperFastMode","everything is the same but u backflip on backflip"],"gold_per_floor":[113,188,208,208,383,383,423,423,497,530,545,579,600,615,615,615,615],"floor_reached":16,"playtime":437,"items_purged":[],"score":210,"play_id":"09f9f607-feb3-49dd-963a-4e8342e54a66","local_time":"20210104043458","is_ascension_mode":true,"campfire_choices":[{"data":"Beam Cell","floor":6,"key":"SMITH"},{"data":"Streamline","floor":8,"key":"SMITH"},{"data":"Dualcast","floor":15,"key":"SMITH"}],"circlet_count":0,"master_deck":["Strike_B","Strike_B","Strike_B","Strike_B","Defend_B","Defend_B","Defend_B","Defend_B","Zap","Dualcast+1","Streamline+1","Beam Cell+1","Doubt","Electrodynamics","Cold Snap"],"relics":["Cracked Core","NeowsBlessing","Golden Idol","Oddly Smooth Stone","Kunai","Meat on the Bone","Boot"],"acts_visited":["Exordium"],"potions_floor_usage":[10,12,16],"damage_taken":[{"damage":0,"enemies":"Cultist","floor":1,"turns":1},{"damage":0,"enemies":"Jaw Worm","floor":3,"turns":1},{"damage":0,"enemies":"Lagavulin","floor":7,"turns":1},{"damage":16,"enemies":"Gremlin Nob","floor":10,"turns":3},{"damage":1,"enemies":"2 Louse","floor":11,"turns":2},{"damage":19,"enemies":"3 Sentries","floor":12,"turns":5},{"damage":6,"enemies":"Large Slime","floor":13,"turns":5},{"damage":13,"enemies":"Blue Slaver","floor":14,"turns":2},{"damage":32,"enemies":"Hexaghost","floor":16,"turns":9}],"seed_played":"4923311488909719289","potions_obtained":[{"floor":7,"key":"CultistPotion"},{"floor":11,"key":"EssenceOfDarkness"},{"floor":12,"key":"BlessingOfTheForge"}],"is_trial":false,"path_per_floor":["M","?","M","?","?","R","E","R","T","E","M","E","M","M","R","B"],"character_chosen":"DEFECT","items_purchased":[],"campfire_rested":0,"item_purchase_floors":[],"current_hp_per_floor":[68,57,57,39,39,39,39,39,39,23,34,27,33,32,32,0,0],"gold":615,"neow_bonus":"THREE_ENEMY_KILL","is_daily":false,"chose_seed":false,"campfire_upgraded":3,"win_rate":0.0,"timestamp":1609702498,"path_taken":["M","?","M","?","?","R","E","R","T","E","M","E","M","M","R","BOSS"],"items_purchased_type":[],"build_version":"2020-12-22","purchased_purges":0,"victory":false,"max_hp_per_floor":[75,75,75,75,75,75,75,75,75,75,75,75,75,75,75,75,75],"card_choices":[{"not_picked":["Go for the Eyes","Hello World"],"picked":"Streamline","floor":1},{"not_picked":["Heatsinks","Go for the Eyes"],"picked":"Beam Cell","floor":3},{"not_picked":["Hello World","Turbo","Darkness"],"picked":"SKIP","floor":7},{"not_picked":["Leap","BootSequence"],"picked":"Electrodynamics","floor":10},{"not_picked":["Gash","Rebound"],"picked":"Cold Snap","floor":11},{"not_picked":["Cold Snap","Electrodynamics","Barrage"],"picked":"SKIP","floor":12},{"not_picked":["Steam","Gash","Aggregate"],"picked":"SKIP","floor":13},{"not_picked":["Darkness","Barrage","Doom and Gloom"],"picked":"SKIP","floor":14}],"player_experience":886731,"relics_obtained":[{"floor":7,"key":"Oddly Smooth Stone"},{"floor":9,"key":"Kunai"},{"floor":10,"key":"Meat on the Bone"},{"floor":12,"key":"Boot"}],"event_choices":[{"damage_healed":0,"gold_gain":75,"player_choice":"Gather Gold","damage_taken":11,"max_hp_gain":0,"max_hp_loss":0,"event_name":"World of Goop","floor":2,"gold_loss":0},{"damage_healed":0,"gold_gain":0,"player_choice":"Take Damage","damage_taken":18,"relics_obtained":["Golden Idol"],"max_hp_gain":0,"max_hp_loss":0,"event_name":"Golden Idol","floor":4,"gold_loss":0},{"damage_healed":0,"gold_gain":175,"player_choice":"AGREE","damage_taken":0,"max_hp_gain":0,"max_hp_loss":0,"event_name":"Liars Game","floor":5,"gold_loss":0,"cards_obtained":["Doubt"]}],"is_beta":false,"boss_relics":[],"items_purged_floors":[],"is_endless":false,"potions_floor_spawned":[7,11,12],"killed_by":"Hexaghost","ascension_level":9}}