{"host":"utqe55yv0jihe4d6","time":1609688948,"event":{"mods":["2.2 Compatiblity","AchievementEnabler","BaseMod","Block Reminder","Colored Map","Colored Powertips","Minty Spire (QoL Compilation)","Quick Restart","Rare Cards Sparkle","Relic Stats","SuperFastMode"],"gold_per_floor":[114,389,399,411,411,411,441,441,441,441,441,466,466,479,479,479,479],"floor_reached":16,"playtime":253,"items_purged":[],"score":216,"play_id":"501b4c4f-badd-4c25-8ffd-2d18f9f8c270","local_time":"20210103104908","is_ascension_mode":true,"campfire_choices":[{"data":"Blood for Blood","floor":6,"key":"SMITH"},{"floor":8,"key":"REST"},{"data":"Spot Weakness","floor":10,"key":"SMITH"},{"data":"Limit Break","floor":15,"key":"SMITH"}],"circlet_count":0,"master_deck":["AscendersBane","Strike_R","Strike_R","Strike_R","Strike_R","Strike_R","Defend_R","Defend_R","Defend_R","Defend_R","Bash","Blood for Blood+1","Shrug It Off","Limit Break+1","Spot Weakness+1","Bash","Burning Pact"],"relics":["Burning Blood","NeowsBlessing","Letter Opener","Kunai","Akabeko"],"acts_visited":["Exordium"],"potions_floor_usage":[14,16],"damage_taken":[{"damage":0,"enemies":"Jaw Worm","floor":1,"turns":1},{"damage":0,"enemies":"Cultist","floor":3,"turns":1},{"damage":0,"enemies":"2 Louse","floor":4,"turns":1},{"damage":56,"enemies":"Gremlin Nob","floor":7,"turns":5},{"damage":27,"enemies":"Lagavulin","floor":12,"turns":5},{"damage":13,"enemies":"Large Slime","floor":14,"turns":5},{"damage":38,"enemies":"Slime Boss","floor":16,"turns":3}],"seed_played":"-2220358367064370539","potions_obtained":[{"floor":12,"key":"Regen Potion"},{"floor":14,"key":"DistilledChaos"}],"is_trial":false,"path_per_floor":["M","?","M","M","?","R","E","R","T","R","?","E","?","M","R","B"],"character_chosen":"IRONCLAD","items_purchased":[],"campfire_rested":1,"item_purchase_floors":[],"current_hp_per_floor":[74,74,75,75,68,68,18,40,40,40,45,24,24,31,31,0,0],"gold":479,"neow_bonus":"THREE_ENEMY_KILL","is_daily":false,"chose_seed":false,"campfire_upgraded":3,"win_rate":0.0,"timestamp":1609688948,"path_taken":["M","?","?","M","?","R","E","R","T","R","?","E","?","M","R","BOSS"],"items_purchased_type":[],"build_version":"2020-12-22","purchased_purges":0,"victory":false,"max_hp_per_floor":[75,75,75,75,75,75,75,75,75,75,80,80,80,80,80,80,80],"relic_stats":{"counters":[7,21],"Letter Opener":[5],"Kunai":[2],"obtain_stats":[{"NeowsBlessing":0,"Letter Opener":7,"Kunai":9,"Burning Blood":0,"Akabeko":12},{"NeowsBlessing":0,"Letter Opener":4,"Kunai":4,"Burning Blood":0,"Akabeko":5},{"NeowsBlessing":0,"Letter Opener":8,"Kunai":8,"Burning Blood":0,"Akabeko":13}],"Burning Blood":25},"card_choices":[{"not_picked":["Body Slam","Heavy Blade"],"picked":"Blood for Blood","floor":1},{"not_picked":["Perfected Strike","Flex"],"picked":"Shrug It Off","floor":3},{"not_picked":["Seeing Red","Body Slam"],"picked":"Limit Break","floor":4},{"not_picked":["Clash","Twin Strike"],"picked":"Spot Weakness","floor":7},{"not_picked":["Flex","Warcry","Thunderclap"],"picked":"SKIP","floor":12},{"not_picked":["Carnage","True Grit"],"picked":"Burning Pact","floor":14}],"player_experience":2931992,"relics_obtained":[{"floor":7,"key":"Letter Opener"},{"floor":9,"key":"Kunai"},{"floor":12,"key":"Akabeko"}],"event_choices":[{"damage_healed":0,"gold_gain":275,"player_choice":"Desecrate","damage_taken":0,"max_hp_gain":0,"max_hp_loss":0,"event_name":"Golden Shrine","floor":2,"gold_loss":0,"cards_obtained":["Regret"]},{"cards_removed":["Regret"],"damage_healed":0,"gold_gain":0,"player_choice":"Card Removal","damage_taken":7,"max_hp_gain":0,"max_hp_loss":0,"event_name":"Golden Wing","floor":5,"gold_loss":0},{"damage_healed":0,"gold_gain":0,"player_choice":"Donut","damage_taken":0,"max_hp_gain":5,"max_hp_loss":0,"event_name":"Big Fish","floor":11,"gold_loss":0},{"damage_healed":0,"gold_gain":0,"player_choice":"1 cards matched","damage_taken":0,"max_hp_gain":0,"max_hp_loss":0,"event_name":"Match and Keep!","floor":13,"gold_loss":0,"cards_obtained":["Bash"]}],"is_beta":false,"boss_relics":[],"items_purged_floors":[],"is_endless":false,"potions_floor_spawned":[12,14],"killed_by":"Slime Boss","ascension_level":20}}