{"host":"0ydzwspkajt4brzd","time":1609658887,"event":{"mods":["AchievementEnabler","BaseMod","Colored Map","DeckTracker","Highlight Path","Minty Spire (QoL Compilation)","Quick Restart","Random Character Button","Rare Cards Sparkle"],"gold_per_floor":[117,117,135,135,34,34,74,99,150,150,150,185,208,83,83,83,83],"floor_reached":16,"playtime":817,"items_purged":["Strike_R","Strike_R"],"score":167,"play_id":"4005d3d0-0321-40c6-ade1-04ee1d52b275","local_time":"20210102232807","is_ascension_mode":true,"campfire_choices":[{"data":"Feed","floor":6.0,"key":"SMITH"},{"data":"Searing Blow+1","floor":11.0,"key":"SMITH"},{"floor":15.0,"key":"REST"}],"circlet_count":0,"master_deck":["AscendersBane","Strike_R","Strike_R","Strike_R","Defend_R","Defend_R","Defend_R","Defend_R","Bash","Feed+1","Sever Soul","Iron Wave","Shrug It Off","Reaper","Searing Blow+2","Corruption+1","Seeing Red","Metallicize+1"],"relics":["Burning Blood","Golden Idol","Red Skull","Frozen Egg 2","Smiling Mask","Bottled Lightning"],"acts_visited":["Exordium"],"potions_floor_usage":[16],"damage_taken":[{"damage":10.0,"enemies":"Jaw Worm","floor":1.0,"turns":6.0},{"damage":10.0,"enemies":"Small Slimes","floor":3.0,"turns":3.0},{"damage":40.0,"enemies":"3 Sentries","floor":7.0,"turns":9.0},{"damage":0.0,"enemies":"2 Louse","floor":8.0,"turns":2.0},{"damage":27.0,"enemies":"Lagavulin","floor":12.0,"turns":4.0},{"damage":3.0,"enemies":"Large Slime","floor":13.0,"turns":6.0},{"damage":62,"enemies":"The Guardian","floor":16,"turns":10}],"seed_played":"1938414110571824562","potions_obtained":[{"floor":1.0,"key":"Strength Potion"},{"floor":7.0,"key":"LiquidBronze"},{"floor":12.0,"key":"Weak Potion"}],"is_trial":false,"path_per_floor":["M","?","M","T","$","R","E","M","T","?","R","E","M","$","R","B"],"character_chosen":"IRONCLAD","items_purchased":["Shrug It Off","Metallicize+1"],"campfire_rested":1,"item_purchase_floors":[5,14],"current_hp_per_floor":[71,51,50,50,50,50,20,36,36,36,36,15,32,32,60,0,0],"gold":83,"neow_bonus":"ONE_RANDOM_RARE_CARD","is_daily":false,"chose_seed":false,"campfire_upgraded":2,"win_rate":0.0,"timestamp":1609658887,"path_taken":["M","?","M","?","?","R","E","M","T","?","R","E","M","$","R","BOSS"],"items_purchased_type":["Card","Card"],"build_version":"2020-12-22","purchased_purges":2,"victory":false,"max_hp_per_floor":[83,83,86,86,86,86,90,90,90,90,90,90,94,94,94,94,94],"card_choices":[{"not_picked":["Burning Pact","Wild Strike"],"picked":"Sever Soul","floor":1.0},{"not_picked":["Anger","Flex"],"picked":"Iron Wave","floor":3.0},{"not_picked":["Heavy Blade","Sentinel"],"picked":"Reaper","floor":7.0},{"not_picked":["Perfected Strike","Armaments"],"picked":"Searing Blow","floor":8.0},{"not_picked":["Armaments","Uppercut"],"picked":"Corruption+1","floor":12.0},{"not_picked":["Iron Wave","Carnage"],"picked":"Seeing Red","floor":13.0}],"player_experience":431207,"relics_obtained":[{"floor":4.0,"key":"Red Skull"},{"floor":7.0,"key":"Frozen Egg 2"},{"floor":9.0,"key":"Smiling Mask"},{"floor":12.0,"key":"Bottled Lightning"}],"event_choices":[{"damage_healed":0.0,"max_hp_gain":0.0,"max_hp_loss":0.0,"gold_gain":0.0,"event_name":"Golden Idol","player_choice":"Take Damage","floor":2.0,"gold_loss":0.0,"damage_taken":20.0,"relics_obtained":["Golden Idol"]},{"damage_healed":0.0,"max_hp_gain":0.0,"max_hp_loss":0.0,"gold_gain":0.0,"event_name":"Living Wall","player_choice":"Grow","floor":10.0,"gold_loss":0.0,"damage_taken":0.0,"cards_upgraded":["Searing Blow"]}],"is_beta":false,"boss_relics":[],"items_purged_floors":[5,14],"is_endless":false,"potions_floor_spawned":[1,7,12],"killed_by":"The Guardian","ascension_level":11}}