{"host":"mvz90ilxx8epviq1","time":1609641275,"event":{"mods":["2.2 Compatiblity","Act Like it!","BaseMod","Better Note","Better Third Choice","Better Vampires","Clockwork Mod","Colored Map","Colored Powertips","Gensokyo","Hallownest","Hermit","Hubris","Marisa????????","Minty Spire (QoL Compilation)","Replay The Spire","Shop Mod","Spicy Shops","StSLib","The Alterego","The Bug Knight","The Construct","The Cursed","The Mystic","The Senshi","The Servant 0.9.4","The Wild Card","slay the spire mod where everything is the same but ironclad has a cowboy hat"],"gold_per_floor":[13,13,29,29,29,29,46,46,72,90,100,116,116,116,116,213,213,223,233,1,19,19,347,366,366,411,439,458,458,458,472,472,573,573,587,587,107,124,124,124,150,166,238,253,285,302,302,322,322,322,322,322,13,48,48],"floor_reached":56,"playtime":4918,"items_purged":["hubris:Gluttony","Strike_S"],"score":1118,"play_id":"e9e59012-c81a-4fd4-a552-2233f061d2b6","local_time":"20210102213435","is_ascension_mode":false,"campfire_choices":[{"data":"theWildCard:Odin","floor":6.0,"key":"SMITH"},{"floor":13.0,"key":"REST"},{"floor":15.0,"key":"REST"},{"floor":29,"key":"REST"},{"floor":32,"key":"REST"},{"data":"Inflame","floor":40,"key":"SMITH"},{"floor":49,"key":"RECALL"},{"data":"Inflame","floor":52,"key":"SMITH"}],"circlet_count":0,"master_deck":["Strike_S","Defend_S","KidneyShot","Exchange","Luminosity","SilverBlades","Rearm","theWildCard:Odin+1","Starlight","Inflame+1","SilverBlades","Potential","Rearm","Moonlight+1","Limit Break","Potential+1","FanOfKnives+1","Rearm","KillingDoll","Inflame+1","Limit Break","SurpressingFire","BestPractice","ForgedInTime","Reset+1","StarChef+1","Moonlight","Mayhem"],"relics":["m_ScarletBlood","Painkiller Herb","MerchantsRug","TungstenRod","Replay:Rubber Ducky","Busted Crown","ReplayTheSpireMod:CursedCoin","Gremlin Horn","hubris:EmptyBottle","Vajra","Mirror","hubris:Icosahedron","Membership Card","Pear","HollowMod:StagPassRelic"],"acts_visited":["Exordium","TheCity","TheBeyond","TheEnding"],"potions_floor_usage":[23,25,33,33,33,37,37,50,50,54,55],"damage_taken":[{"damage":4.0,"enemies":"2 Louse","floor":1.0,"turns":3.0},{"damage":10.0,"enemies":"Small Slimes","floor":3.0,"turns":4.0},{"damage":17.0,"enemies":"Jaw Worm","floor":7.0,"turns":4.0},{"damage":5.0,"enemies":"Red Slaver","floor":10.0,"turns":3.0},{"damage":4.0,"enemies":"Gremlin Gang","floor":11.0,"turns":4.0},{"damage":11.0,"enemies":"3 Louse","floor":12.0,"turns":3.0},{"damage":24.0,"enemies":"Hexaghost","floor":16.0,"turns":5.0},{"damage":0.0,"enemies":"Chosen","floor":18.0,"turns":4.0},{"damage":0.0,"enemies":"3 Byrds","floor":19.0,"turns":4.0},{"damage":6.0,"enemies":"Snecko","floor":21.0,"turns":3.0},{"damage":26,"enemies":"Slavers","floor":23,"turns":4},{"damage":3,"enemies":"Centurion and Healer","floor":24,"turns":3},{"damage":0,"enemies":"Snake Plant","floor":25,"turns":1},{"damage":0,"enemies":"Gremlin Leader","floor":27,"turns":3},{"damage":0,"enemies":"3 Cultists","floor":28,"turns":2},{"damage":0,"enemies":"Cultist and Chosen","floor":31,"turns":3},{"damage":10,"enemies":"Champ","floor":33,"turns":4},{"damage":8,"enemies":"3 Shapes","floor":35,"turns":3},{"damage":0,"enemies":"3 Darklings","floor":38,"turns":3},{"damage":0,"enemies":"Giant Head","floor":41,"turns":4},{"damage":9,"enemies":"Writhing Mass","floor":42,"turns":4},{"damage":11,"enemies":"Transient","floor":44,"turns":5},{"damage":0,"enemies":"Nemesis","floor":45,"turns":5},{"damage":0,"enemies":"Spire Growth","floor":46,"turns":4},{"damage":15,"enemies":"Writhing Mass","floor":48,"turns":4},{"damage":0,"enemies":"Replay:Hell Engine","floor":50,"turns":4},{"damage":25,"enemies":"Shield and Spear","floor":54,"turns":4},{"damage":14,"enemies":"The Heart","floor":55,"turns":6}],"seed_played":"8434025650701964619","potions_obtained":[{"floor":3.0,"key":"Ancient Potion"},{"floor":11.0,"key":"BlessingOfTheForge"},{"floor":16.0,"key":"SmokeBomb"},{"floor":19.0,"key":"ColorlessPotion"},{"floor":24,"key":"FearPotion"},{"floor":27,"key":"Swift Potion"},{"floor":28,"key":"EntropicBrew"},{"floor":33,"key":"DuplicationPotion"},{"floor":41,"key":"PowerPotion"},{"floor":44,"key":"DistilledChaos"}],"is_trial":false,"path_per_floor":["M","?","M","?","?","R","M","$","T","M","M","M","R","?","R","B",null,"?","?","T","?","?","E","?","?","T","E","?","T","?","?","T","B",null,"?","?","T","?","T","T","E","?","T","?","E","?","?","?","T","B",null,"T","T","E","B",null],"character_chosen":"THE_SERVANT","items_purchased":["MerchantsRug","TungstenRod","Rearm","ReplayTheSpireMod:CursedCoin","Gremlin Horn","hubris:EmptyBottle","Fruit Juice","Membership Card","Pear","Mayhem"],"campfire_rested":4,"item_purchase_floors":[20,20,20,37,37,37,37,53,53,53],"current_hp_per_floor":[61,61,51,51,51,51,34,34,34,29,25,14,33,33,52,28,65,65,65,65,59,59,33,30,30,30,30,30,49,49,49,65,55,65,57,60,70,70,70,70,70,61,61,50,50,50,50,35,35,35,78,78,88,63,49],"gold":48,"neow_bonus":"TRANSFORM_TWO_CARDS","is_daily":false,"chose_seed":false,"campfire_upgraded":3,"win_rate":0.0,"timestamp":1609641275,"path_taken":["M","?","M","?","?","R","?","$","T","?","M","M","R","?","R","BOSS","?","?","T","?","?","E","?","?","T","E","?","T","?","?","T","BOSS","?","?","T","?","T","T","E","?","T","?","E","?","?","?","T","BOSS","T","T","E","BOSS"],"items_purchased_type":["Relic","Relic","Card","Relic","Relic","Relic","Potion","Relic","Relic","Card"],"build_version":"2020-12-22","purchased_purges":2,"victory":true,"max_hp_per_floor":[65,65,65,65,65,65,65,65,65,65,65,65,65,65,65,65,65,65,65,65,65,65,65,65,65,65,65,65,65,65,65,65,65,65,65,68,78,78,78,78,78,78,78,78,78,78,78,78,78,78,78,78,88,88,88],"card_choices":[{"not_picked":["Unruled","Potential"],"picked":"Rearm","floor":1.0},{"not_picked":["Contraction","TimeWarp"],"picked":"Starlight","floor":3.0},{"not_picked":["BottledTime","Reset"],"picked":"SilverBlades","floor":7.0},{"not_picked":["BestPractice","Alleviate"],"picked":"Potential","floor":10.0},{"not_picked":["Contraction","Defy"],"picked":"Rearm","floor":11.0},{"not_picked":["Unruled","Gouge"],"picked":"Moonlight","floor":12.0},{"not_picked":["TheWorld","LightFlow"],"picked":"Limit Break","floor":16.0},{"not_picked":["DoubleEdge","FastForward"],"picked":"Potential+1","floor":18.0},{"not_picked":["RealityMarble","Rewind"],"picked":"FanOfKnives+1","floor":19.0},{"not_picked":["Potential","Ricochet"],"picked":"KillingDoll","floor":21.0},{"not_picked":["Starlight","Revamp"],"picked":"Inflame","floor":23},{"not_picked":["Ricochet","Potential"],"picked":"Limit Break","floor":24},{"not_picked":["Luminosity","Foresight","FastForward"],"picked":"SKIP","floor":27},{"not_picked":["Rearm","FastForward"],"picked":"SurpressingFire","floor":28},{"not_picked":["Replace","Sabotage"],"picked":"BestPractice","floor":31},{"not_picked":["PendulumOfEternity","Dilation"],"picked":"ForgedInTime","floor":33},{"not_picked":["Replace+1"],"picked":"SKIP","floor":35},{"not_picked":["Shuttle+1"],"picked":"SKIP","floor":38},{"not_picked":[],"picked":"Reset+1","floor":41},{"not_picked":["Unruled"],"picked":"SKIP","floor":42},{"not_picked":["Ricochet"],"picked":"SKIP","floor":44},{"not_picked":[],"picked":"StarChef+1","floor":45},{"not_picked":[],"picked":"Moonlight","floor":46},{"not_picked":["TimeWarp"],"picked":"SKIP","floor":48},{"not_picked":["Spin+1"],"picked":"SKIP","floor":54}],"player_experience":424639,"relics_obtained":[{"floor":9.0,"key":"Boot"},{"floor":23,"key":"Old Coin"},{"floor":27,"key":"Replay:Rubber Ducky"},{"floor":41,"key":"Vajra"},{"floor":43,"key":"StrikeDummy"},{"floor":45,"key":"Mirror"},{"floor":54,"key":"HollowMod:StagPassRelic"}],"event_choices":[{"cards_removed":["Defend_S"],"damage_healed":0.0,"max_hp_gain":0.0,"max_hp_loss":0.0,"gold_gain":0.0,"event_name":"Purifier","player_choice":"Purged","floor":5.0,"gold_loss":0.0,"damage_taken":0.0},{"cards_removed":["Strike_S"],"damage_healed":0.0,"max_hp_gain":0.0,"max_hp_loss":0.0,"gold_gain":0.0,"event_name":"Purifier","player_choice":"Purged","floor":22.0,"gold_loss":0.0,"damage_taken":0.0},{"cards_removed":["Strike_S"],"damage_healed":0,"gold_gain":0,"player_choice":"Card Removal","damage_taken":0,"max_hp_gain":0,"max_hp_loss":0,"event_name":"Wheel of Change","floor":30,"gold_loss":0}],"is_beta":false,"boss_relics":[{"not_picked":["Replay:Ancient Bell","Cursed Key"],"picked":"Painkiller Herb"},{"not_picked":["SlaversCollar","hubris:HollowSoul"],"picked":"Busted Crown"}],"items_purged_floors":[37,37],"is_endless":false,"potions_floor_spawned":[3,11,16,19,24,27,28,31,33,41,42,44],"ascension_level":0}}