{"host":"7z9izfsmsy4azoxx","time":1609690409,"event":{"mods":["AchievementEnabler","BaseMod","Colored Map","Custom Start","Hermit","Minty Spire (QoL Compilation)","StSLib","SuperFastMode"],"gold_per_floor":[500000115,500000115,499999170,499999186,499999156,499999156,499999174,499999174,499999199,499998493,499998505,499998535,499998548,499998548,499998548,499998627,499998627,499998646,499998661,499998056,499998067,499998067,499998067,499998102,499998102,499998102,499997196,499997224,499997241,499997241,499997251,499997251,499997322,499997322,499997337,499996490,499996515,499995661,499995661,499995693,499995693,499995693,499995693,499995693,499995726,499994973,499994973,499994985,499994985,499994985,499994985,499994985,499994985,499994155,499994181,499994181],"floor_reached":57,"playtime":1822,"items_purged":["Strike_G","Strike_G","Strike_G","Defend_G","Defend_G","Defend_G+1","Blade Dance"],"score":2888,"play_id":"69addace-2fb6-4bbe-a5aa-f2e3987122bc","local_time":"20210104011329","is_ascension_mode":true,"campfire_choices":[{"data":"Bouncing Flask","floor":6.0,"key":"SMITH"},{"data":"Adrenaline","floor":15.0,"key":"SMITH"},{"data":"A Thousand Cuts","floor":23,"key":"SMITH"},{"data":"After Image","floor":32,"key":"SMITH"},{"floor":41,"key":"RECALL"},{"data":"1","floor":44,"key":"LIFT"},{"data":"2","floor":49,"key":"LIFT"},{"data":"3","floor":53,"key":"LIFT"}],"circlet_count":0,"master_deck":["AscendersBane","Survivor","Neutralize","Venomology+1","Acrobatics","Footwork","Blade Dance","Bouncing Flask+1","PiercingWail","Tactician","Cloak And Dagger","Adrenaline+1","Crippling Poison","A Thousand Cuts+1","Backflip","Blade Dance+1","Flash of Steel","Escape Plan+1","Blur","Finesse","After Image+1","Catalyst","Slice+1","After Image+1","Bouncing Flask+1","Dodge and Roll+1","Footwork+1","Infinite Blades+1"],"relics":["Ring of the Snake","Mummified Hand","StrikeDummy","Lee\u0027s Waffle","Ninja Scroll","Omamori","Sundial","Art of War","Orrery","Snake Skull","Bronze Scales","Tiny Chest","MealTicket","Pear","The Specimen","Prayer Wheel","Pantograph","Turnip","Astrolabe","Toolbox","FossilizedHelix","Toy Ornithopter","Girya","Gambling Chip","Strawberry","ClockworkSouvenir","Frozen Egg 2","Paper Crane","War Paint","InkBottle","Blood Vial","Vajra","OrangePellets","Ornamental Fan","Letter Opener"],"acts_visited":["Exordium","TheCity","TheBeyond","TheEnding"],"potions_floor_usage":[21,24,28,33,37,37,40,48,50,50,51,51,55,55,56,56,56],"damage_taken":[{"damage":8.0,"enemies":"Small Slimes","floor":1.0,"turns":5.0},{"damage":5.0,"enemies":"Jaw Worm","floor":4.0,"turns":2.0},{"damage":0.0,"enemies":"Cultist","floor":7.0,"turns":3.0},{"damage":14.0,"enemies":"Exordium Wildlife","floor":11.0,"turns":4.0},{"damage":15.0,"enemies":"Lagavulin","floor":12.0,"turns":5.0},{"damage":2.0,"enemies":"3 Louse","floor":13.0,"turns":4.0},{"damage":81.0,"enemies":"Slime Boss","floor":16.0,"turns":14.0},{"damage":0.0,"enemies":"3 Byrds","floor":18.0,"turns":5.0},{"damage":19.0,"enemies":"Shell Parasite","floor":19.0,"turns":4.0},{"damage":18,"enemies":"Snake Plant","floor":21,"turns":3},{"damage":28,"enemies":"Book of Stabbing","floor":24,"turns":5},{"damage":21,"enemies":"Slavers","floor":28,"turns":2},{"damage":6,"enemies":"Shelled Parasite and Fungi","floor":29,"turns":3},{"damage":45,"enemies":"Chosen and Byrds","floor":31,"turns":7},{"damage":23,"enemies":"Automaton","floor":33,"turns":8},{"damage":0,"enemies":"Orb Walker","floor":35,"turns":2},{"damage":0,"enemies":"Mind Bloom Boss Battle","floor":37,"turns":6},{"damage":90,"enemies":"Giant Head","floor":40,"turns":9},{"damage":14,"enemies":"Nemesis","floor":45,"turns":7},{"damage":9,"enemies":"3 Shapes","floor":48,"turns":4},{"damage":0,"enemies":"Donu and Deca","floor":50,"turns":6},{"damage":43,"enemies":"Awakened One","floor":51,"turns":13},{"damage":40,"enemies":"Shield and Spear","floor":55,"turns":4},{"damage":38,"enemies":"The Heart","floor":56,"turns":8}],"seed_played":"-2650983678962223068","potions_obtained":[{"floor":1.0,"key":"Ancient Potion"},{"floor":5.0,"key":"DuplicationPotion"},{"floor":11.0,"key":"Regen Potion"},{"floor":19.0,"key":"SpeedPotion"},{"floor":40,"key":"LiquidBronze"},{"floor":55,"key":"Fire Potion"}],"is_trial":false,"path_per_floor":["M","?","$","M","?","R","M","?","T","$","M","E","M","?","R","B",null,"M","M","$","M","?","R","E","?","T","$","E","M","T","M","R","B",null,"M","$","?","$","?","E","R","?","T","R","E","$","T","M","R","B","B",null,"R","$","E","B",null],"character_chosen":"THE_SILENT","items_purchased":["Mummified Hand","StrikeDummy","Lee\u0027s Waffle","Footwork","Blade Dance","Sundial","Art of War","Orrery","Bronze Scales","Tiny Chest","Blade Dance","Flash of Steel","The Specimen","Prayer Wheel","Finesse","Toolbox","FossilizedHelix","Toy Ornithopter","Gambling Chip","Strawberry","ClockworkSouvenir","War Paint","InkBottle","Footwork+1","Vajra","OrangePellets","Ornamental Fan","Infinite Blades+1","ColorlessPotion","EssenceOfSteel"],"campfire_rested":0,"item_purchase_floors":[3,3,3,3,3,10,10,10,20,20,20,20,27,27,27,36,36,36,38,38,38,46,46,46,54,54,54,54,54,54],"current_hp_per_floor":[36,16,73,68,68,68,68,57,57,57,43,43,41,41,41,11,58,58,39,39,21,21,21,16,73,83,83,62,56,56,11,11,13,66,66,81,83,90,85,25,25,25,25,25,11,26,26,24,24,61,47,76,76,85,45,49],"gold":499994181,"neow_bonus":"THREE_RARE_CARDS","is_daily":false,"chose_seed":false,"campfire_upgraded":4,"win_rate":0.0,"timestamp":1609690409,"path_taken":["M","?","$","M","?","R","?","?","T","$","M","E","M","?","R","BOSS","M","M","$","M","?","R","E","?","T","$","E","?","?","M","R","BOSS","M","$","?","$","?","E","R","?","T","R","E","$","?","M","R","BOSS","BOSS","R","$","E","BOSS"],"items_purchased_type":["Relic","Relic","Relic","Card","Card","Relic","Relic","Relic","Relic","Relic","Card","Card","Relic","Relic","Card","Relic","Relic","Relic","Relic","Relic","Relic","Relic","Relic","Card","Relic","Relic","Relic","Card","Potion","Potion"],"build_version":"2020-12-22","purchased_purges":7,"victory":true,"max_hp_per_floor":[66,66,73,73,73,73,73,73,73,73,73,73,73,73,73,73,73,73,73,73,73,73,73,73,73,83,83,83,83,83,83,83,83,83,83,83,83,90,85,85,85,85,85,85,85,85,85,85,85,85,85,85,85,85,85,85],"card_choices":[{"not_picked":["Wraith Form v2","Bullet Time"],"picked":"Venomology","floor":0.0},{"not_picked":["Predator","Expertise"],"picked":"Acrobatics","floor":1.0},{"not_picked":["Deadly Poison","Deflect"],"picked":"Bouncing Flask","floor":4.0},{"not_picked":["Unload","Dash"],"picked":"PiercingWail","floor":7.0},{"not_picked":["Acrobatics","Dagger Throw"],"picked":"Tactician","floor":10.0},{"not_picked":["Slice","Deflect"],"picked":"Cloak And Dagger","floor":10.0},{"not_picked":["Underhanded Strike","Deadly Poison"],"picked":"Adrenaline","floor":10.0},{"not_picked":["PiercingWail","Bouncing Flask"],"picked":"Crippling Poison","floor":10.0},{"not_picked":["Prepared","Blade Dance","Footwork"],"picked":"SKIP","floor":11.0},{"not_picked":["Outmaneuver","Quick Slash","Glass Knife"],"picked":"SKIP","floor":12.0},{"not_picked":["Prepared","Flechettes"],"picked":"Blade Dance","floor":13.0},{"not_picked":["Wraith Form v2","Bullet Time"],"picked":"A Thousand Cuts","floor":16.0},{"not_picked":["Crippling Poison+1","Dagger Throw","Flechettes"],"picked":"SKIP","floor":18.0},{"not_picked":["Dagger Throw","Slice"],"picked":"Backflip","floor":19.0},{"not_picked":["Bouncing Flask","Infinite Blades"],"picked":"Escape Plan","floor":21},{"not_picked":["Blade Dance","Bouncing Flask","Burst"],"picked":"SKIP","floor":24},{"not_picked":["Setup","Flying Knee"],"picked":"After Image","floor":28},{"not_picked":["Dagger Spray","Poisoned Stab"],"picked":"Catalyst","floor":29},{"not_picked":["Expertise","Dodge and Roll","Poisoned Stab"],"picked":"SKIP","floor":29},{"not_picked":["Slice","Expertise","Predator"],"picked":"SKIP","floor":31},{"not_picked":["Underhanded Strike","Acrobatics","Flying Knee"],"picked":"SKIP","floor":31},{"not_picked":["Expertise","Deadly Poison"],"picked":"Dodge and Roll+1","floor":35},{"not_picked":["Underhanded Strike","Slice","Blade Dance"],"picked":"SKIP","floor":35},{"not_picked":["Quick Slash","Eviscerate+1","Acrobatics"],"picked":"SKIP","floor":40},{"not_picked":["Backstab","Grand Finale","Caltrops+1"],"picked":"SKIP","floor":45},{"not_picked":["Dagger Spray","Slice+1","Leg Sweep"],"picked":"SKIP","floor":48},{"not_picked":["Dash","PiercingWail","Outmaneuver"],"picked":"SKIP","floor":48},{"not_picked":["Deadly Poison","Acrobatics","Sucker Punch"],"picked":"SKIP","floor":55}],"player_experience":513067,"relics_obtained":[{"floor":9.0,"key":"Omamori"},{"floor":12.0,"key":"Snake Skull"},{"floor":24,"key":"MealTicket"},{"floor":26,"key":"Pear"},{"floor":28,"key":"Pantograph"},{"floor":30,"key":"Turnip"},{"floor":37,"key":"Girya"},{"floor":40,"key":"Frozen Egg 2"},{"floor":45,"key":"Paper Crane"},{"floor":47,"key":"Blood Vial"},{"floor":55,"key":"Letter Opener"}],"event_choices":[{"damage_healed":0.0,"max_hp_gain":0.0,"max_hp_loss":0.0,"gold_gain":0.0,"event_name":"Shining Light","player_choice":"Entered Light","floor":2.0,"gold_loss":0.0,"damage_taken":20.0,"cards_upgraded":["Defend_G","Venomology"]},{"damage_healed":0.0,"max_hp_gain":0.0,"max_hp_loss":0.0,"gold_gain":0.0,"event_name":"The Woman in Blue","player_choice":"Bought 2 Potions","floor":5.0,"gold_loss":0.0,"damage_taken":0.0},{"damage_healed":0.0,"max_hp_gain":0.0,"max_hp_loss":0.0,"gold_gain":0.0,"event_name":"Scrap Ooze","player_choice":"Success","floor":8.0,"gold_loss":0.0,"damage_taken":11.0,"relics_obtained":["Ninja Scroll"]},{"damage_healed":0.0,"max_hp_gain":0.0,"max_hp_loss":0.0,"gold_gain":0.0,"event_name":"Liars Game","player_choice":"Ignored","floor":14.0,"gold_loss":0.0,"damage_taken":0.0},{"damage_healed":0,"gold_gain":0,"cards_transformed":["Strike_G","Strike_G"],"player_choice":"Became Test Subject","damage_taken":0,"max_hp_gain":0,"max_hp_loss":0,"event_name":"Drug Dealer","floor":22,"gold_loss":0,"cards_obtained":["Distraction","Blur"]},{"damage_healed":57,"gold_gain":0,"player_choice":"Full Heal","damage_taken":0,"max_hp_gain":0,"max_hp_loss":0,"event_name":"Wheel of Change","floor":25,"gold_loss":0},{"damage_healed":0,"gold_gain":0,"player_choice":"Fight","damage_taken":0,"max_hp_gain":0,"max_hp_loss":0,"event_name":"MindBloom","floor":37,"gold_loss":0},{"damage_healed":0,"gold_gain":0,"player_choice":"Max HP","damage_taken":0,"max_hp_gain":0,"max_hp_loss":5,"event_name":"Winding Halls","floor":39,"gold_loss":0},{"damage_healed":0,"gold_gain":0,"player_choice":"Ignored","damage_taken":0,"max_hp_gain":0,"max_hp_loss":0,"event_name":"Tomb of Lord Red Mask","floor":42,"gold_loss":0}],"is_beta":false,"boss_relics":[{"not_picked":["Runic Dome","Philosopher\u0027s Stone","Sozu"]},{"not_picked":["Tiny House","Velvet Choker"],"picked":"Astrolabe"}],"items_purged_floors":[3,10,20,27,36,38,46],"is_endless":false,"potions_floor_spawned":[1,7,11,13,19,21,31,40,45,55],"ascension_level":20}}