{"host":"w3q5ijqu8eoknil3","time":1609717380,"event":{"mods":["AchievementEnabler","BaseMod","Block Reminder","Colored Powertips","Minty Spire (QoL Compilation)","Quick Restart","Relic Stats","ojb\u0027s Better Paths Mod","ojb\u0027s Info Mod","slay the spire mod where everything is the same but ironclad has a cowboy hat"],"gold_per_floor":[368,383,10,10,28,57,57,83,83,103,103,103],"floor_reached":11,"playtime":318,"items_purged":["Normality"],"score":145,"play_id":"dcba4998-9f45-4727-aa79-58acf3a748f2","local_time":"20210103234300","is_ascension_mode":true,"campfire_choices":[{"data":"Backstab","floor":7,"key":"SMITH"}],"circlet_count":0,"master_deck":["AscendersBane","Strike_G","Strike_G","Strike_G","Strike_G","Strike_G","Defend_G","Defend_G","Defend_G","Defend_G","Defend_G","Survivor","Neutralize","Poisoned Stab","PiercingWail","Sucker Punch","Backstab+1","Adrenaline","Leg Sweep"],"relics":["Ring of the Snake","StoneCalendar","SsserpentHead","Centennial Puzzle","Mummified Hand","Smiling Mask"],"acts_visited":["Exordium"],"potions_floor_usage":[6,11],"damage_taken":[{"damage":2,"enemies":"Cultist","floor":1,"turns":4},{"damage":0,"enemies":"2 Louse","floor":2,"turns":3},{"damage":0,"enemies":"Small Slimes","floor":5,"turns":4},{"damage":22,"enemies":"Lagavulin","floor":6,"turns":7},{"damage":22,"enemies":"3 Sentries","floor":8,"turns":7},{"damage":0,"enemies":"Looter","floor":10,"turns":2},{"damage":38,"enemies":"Gremlin Nob","floor":11,"turns":5}],"seed_played":"-7935440432235581845","potions_obtained":[{"floor":2,"key":"EssenceOfSteel"},{"floor":8,"key":"AttackPotion"}],"is_trial":false,"path_per_floor":["M","M","$","?","M","E","R","E","T","M","E"],"character_chosen":"THE_SILENT","items_purchased":["StoneCalendar"],"campfire_rested":0,"item_purchase_floors":[3],"current_hp_per_floor":[57,57,57,57,57,35,35,13,13,13,0,0],"gold":103,"neow_bonus":"TWO_FIFTY_GOLD","is_daily":false,"chose_seed":false,"campfire_upgraded":1,"win_rate":0.0,"timestamp":1609717380,"path_taken":["M","M","$","?","M","E","R","E","T","M","E"],"items_purchased_type":["Relic"],"build_version":"2020-12-22","purchased_purges":1,"victory":false,"max_hp_per_floor":[66,66,66,66,66,66,66,66,66,66,66,66],"relic_stats":{"SsserpentHead":0,"Centennial Puzzle":[6],"counters":[7,32],"Mummified Hand":[0],"StoneCalendar":[54],"Smiling Mask":0,"obtain_stats":[{"SsserpentHead":4,"Centennial Puzzle":6,"Mummified Hand":8,"StoneCalendar":3,"Smiling Mask":9,"Ring of the Snake":0},{"SsserpentHead":2,"Centennial Puzzle":4,"Mummified Hand":5,"StoneCalendar":2,"Smiling Mask":5,"Ring of the Snake":0},{"SsserpentHead":7,"Centennial Puzzle":18,"Mummified Hand":25,"StoneCalendar":7,"Smiling Mask":25,"Ring of the Snake":0}],"Ring of the Snake":[14]},"card_choices":[{"not_picked":["Backstab","Endless Agony"],"picked":"Poisoned Stab","floor":1},{"not_picked":["Bane","Backflip"],"picked":"PiercingWail","floor":2},{"not_picked":["Quick Slash","Expertise"],"picked":"Sucker Punch","floor":5},{"not_picked":["Accuracy","Cloak And Dagger"],"picked":"Backstab","floor":6},{"not_picked":["Storm of Steel","Dagger Spray"],"picked":"Adrenaline","floor":8},{"not_picked":["Blade Dance","Outmaneuver"],"picked":"Leg Sweep","floor":10}],"player_experience":986035,"relics_obtained":[{"floor":6,"key":"Centennial Puzzle"},{"floor":8,"key":"Mummified Hand"},{"floor":9,"key":"Smiling Mask"}],"event_choices":[{"damage_healed":0,"gold_gain":0,"player_choice":"Trade","damage_taken":0,"relics_obtained":["SsserpentHead"],"max_hp_gain":0,"max_hp_loss":0,"event_name":"FaceTrader","floor":4,"gold_loss":0}],"is_beta":false,"boss_relics":[],"items_purged_floors":[3],"is_endless":false,"potions_floor_spawned":[2,8],"killed_by":"Gremlin Nob","ascension_level":15}}