{"host":"yi49lbnhh35mzi7n","time":1609666390,"event":{"mods":["BaseMod","Bestiary","BetterRewards","Colored Map","Conspire","Downfall","Googly Eyes","Hermit","Hubris","Infinite Spire","Minty Spire (QoL Compilation)","Quick Restart","Replay The Spire","StSLib","The Bladedancer","The Construct","The Jungle","The Necromancer","Yuri Mod"],"gold_per_floor":[113,144,144,160,171,171,200,217,217,242,242,259,259,276,276,372,372,384,384,744,758,777,806,756,784,857,877,902,920,920,935,935,935,935],"floor_reached":33,"playtime":1111,"items_purged":[],"score":414,"play_id":"06b7db23-ace0-4ebb-87c0-4a59413e5cef","local_time":"20210103103310","is_ascension_mode":true,"campfire_choices":[{"data":"hubris:StunningStrike","floor":6,"key":"SMITH"},{"floor":11,"key":"RECALL"},{"floor":15,"key":"REST"},{"data":"infinitespire:DeathsTouch","floor":30,"key":"SMITH"},{"data":"Armaments","floor":32,"key":"SMITH"}],"circlet_count":0,"master_deck":["Defend_R","Defend_R","Defend_R","Defend_R","Bash","Cleave","Shrug It Off","infinitespire:DeathsTouch+1","hubris:StunningStrike+1","Sword Boomerang","Seeing Red","Wild Strike","Clothesline","Metallicize","Body Slam","Reaper","Thunderclap","Slimebound:Tackle+1","Slimebound:Tackle+1","Slimebound:Tackle+1","Heavy Blade","Shrug It Off","Armaments+1","Second Wind+1","Spot Weakness+1","infinitespire:Punishment","Exhume","Leap"],"relics":["Burning Blood","NeowsBlessing","InkBottle","Orichalcum","infinitespire:CursedDice","conspire:DecoderRing","TungstenRod","conspire:SlowCooker","Replay:Rubber Ducky","Replay:Towering Pillar of Hats","hubris:DisguiseKit","Tiny Chest"],"acts_visited":["Exordium","TheCity"],"potions_floor_usage":[16,16,16,18,18,23,25,28],"damage_taken":[{"damage":0,"enemies":"Jaw Worm","floor":1,"turns":1},{"damage":0,"enemies":"conspire:MimicChest","floor":2,"turns":1},{"damage":0,"enemies":"2 Louse","floor":4,"turns":1},{"damage":3,"enemies":"Small Slimes","floor":5,"turns":3},{"damage":36,"enemies":"3 Sentries","floor":7,"turns":5},{"damage":4,"enemies":"Looter","floor":8,"turns":3},{"damage":0,"enemies":"Lagavulin","floor":10,"turns":5},{"damage":7,"enemies":"3 Louse","floor":12,"turns":3},{"damage":0,"enemies":"Red Slaver","floor":14,"turns":2},{"damage":9,"enemies":"Slime Boss","floor":16,"turns":8},{"damage":10,"enemies":"Shell Parasite","floor":18,"turns":7},{"damage":6,"enemies":"Spheric Guardian","floor":21,"turns":3},{"damage":21,"enemies":"Snake Plant","floor":22,"turns":4},{"damage":35,"enemies":"Slavers","floor":23,"turns":3},{"damage":8,"enemies":"conspire:Head Lice","floor":25,"turns":6},{"damage":26,"enemies":"Shelled Parasite and Fungi","floor":27,"turns":8},{"damage":0,"enemies":"Nightmare","floor":28,"turns":1},{"damage":19,"enemies":"Centurion and Healer","floor":29,"turns":4},{"damage":3,"enemies":"Chosen and Byrds","floor":31,"turns":3},{"damage":55,"enemies":"Champ","floor":33,"turns":8}],"seed_played":"3919071831011770522","potions_obtained":[{"floor":2,"key":"construct:ShiftPotion"},{"floor":5,"key":"Languid Potion"},{"floor":7,"key":"champ:CounterPotion"},{"floor":10,"key":"EntropicBrew"},{"floor":12,"key":"Weak Potion"},{"floor":21,"key":"champ:CounterPotion"},{"floor":23,"key":"Block Potion"},{"floor":27,"key":"infinitespire:BlackPotion"}],"is_trial":false,"path_per_floor":["M","?","?","M","M","R","E","M","T","E","R","M","?","M","R","B",null,"M","?","?","M","M","E","?","E","T","M","NM","M","R","M","R","B"],"character_chosen":"IRONCLAD","items_purchased":[],"campfire_rested":1,"item_purchase_floors":[],"current_hp_per_floor":[80,80,60,66,69,69,39,41,41,47,47,46,21,27,51,48,80,80,80,49,51,36,7,7,21,21,35,41,28,28,35,35,0,0],"gold":935,"neow_bonus":"THREE_ENEMY_KILL","is_daily":false,"chose_seed":false,"campfire_upgraded":3,"win_rate":0.0,"timestamp":1609666390,"path_taken":["M","?","?","M","M","R","E","M","T","E","R","M","?","M","R","BOSS","M","?","?","?","M","E","?","E","T","?","NM","M","R","M","R","BOSS"],"items_purchased_type":[],"build_version":"2020-12-22","purchased_purges":0,"victory":false,"max_hp_per_floor":[80,80,80,80,80,80,80,80,80,80,80,80,80,80,80,80,80,80,80,80,80,80,80,80,80,80,80,80,80,80,80,80,80,80],"card_choices":[{"not_picked":["ReplayTheSpireMod:Strike From Hell","Perfected Strike"],"picked":"Cleave","floor":1},{"not_picked":["Pommel Strike","Replay:Undeath\u0027s Touch"],"picked":"Shrug It Off","floor":2},{"not_picked":["infinitespire:Oblivion","ReplayTheSpireMod:Black Plague"],"picked":"infinitespire:DeathsTouch","floor":3},{"not_picked":["Perfected Strike","Reckless Charge"],"picked":"hubris:StunningStrike","floor":4},{"not_picked":["Run Through","Massacre"],"picked":"Sword Boomerang","floor":5},{"not_picked":["Headbutt","Heavy Blade"],"picked":"Seeing Red","floor":7},{"not_picked":["Burning Pact","conspire:ExplosiveBarrier"],"picked":"Wild Strike","floor":8},{"not_picked":["ReplayTheSpireMod:LeadingStrike","Anger"],"picked":"Clothesline","floor":10},{"not_picked":["Headbutt","Pummel"],"picked":"Metallicize","floor":12},{"not_picked":["Wild Strike","Clash"],"picked":"Body Slam","floor":14},{"not_picked":["Limit Break","Demonic Infusion"],"picked":"Reaper","floor":16},{"not_picked":["Wild Strike","Twin Strike"],"picked":"Thunderclap","floor":18},{"not_picked":["ReplayTheSpireMod:Strike From Hell+1","Warcry"],"picked":"Heavy Blade","floor":21},{"not_picked":["Sever Soul","Sword Boomerang"],"picked":"Shrug It Off","floor":22},{"not_picked":["ReplayTheSpireMod:Strike From Hell","Havoc"],"picked":"Armaments","floor":23},{"not_picked":["Brutality","Flex"],"picked":"Second Wind+1","floor":25},{"not_picked":["Armaments","Sword Boomerang","ReplayTheSpireMod:Calculation Training"],"picked":"Spot Weakness+1","floor":27},{"not_picked":["ReplayTheSpireMod:??????????????????????","ReplayTheSpireMod:Black Plague"],"picked":"infinitespire:Punishment","floor":28},{"not_picked":["ReplayTheSpireMod:Strike From Hell","Replay:Undeath\u0027s Touch","Chaos"],"picked":"Exhume","floor":28},{"not_picked":["Flex","ReplayTheSpireMod:Stacked","Massacre"],"picked":"Leap","floor":29},{"not_picked":["Heavy Blade","Wild Strike","Shrug It Off","Coolheaded"],"picked":"SKIP","floor":31}],"player_experience":558581,"relics_obtained":[{"floor":2,"key":"InkBottle"},{"floor":7,"key":"Orichalcum"},{"floor":9,"key":"infinitespire:CursedDice"},{"floor":10,"key":"conspire:DecoderRing"},{"floor":23,"key":"Replay:Rubber Ducky"},{"floor":25,"key":"Replay:Towering Pillar of Hats"},{"floor":26,"key":"hubris:DisguiseKit"},{"floor":28,"key":"Tiny Chest"}],"event_choices":[{"damage_healed":0,"gold_gain":0,"player_choice":"Success","damage_taken":25,"relics_obtained":["TungstenRod"],"max_hp_gain":0,"max_hp_loss":0,"event_name":"Scrap Ooze","floor":13,"gold_loss":0},{"damage_healed":0,"gold_gain":360,"player_choice":"GOLD GOLD GOLD GOLD ","damage_taken":36,"max_hp_gain":0,"max_hp_loss":0,"event_name":"Knowing Skull","floor":20,"potions_obtained":[],"gold_loss":0,"cards_obtained":[]},{"damage_healed":0,"gold_gain":0,"player_choice":"Bet on Murderer","damage_taken":0,"max_hp_gain":0,"max_hp_loss":0,"event_name":"The Joust","floor":24,"gold_loss":50}],"is_beta":false,"boss_relics":[{"not_picked":["conspire:SeveredTorchhead","Empty Cage"],"picked":"conspire:SlowCooker"}],"items_purged_floors":[],"is_endless":true,"potions_floor_spawned":[2,5,7,10,12,21,23,27],"killed_by":"Champ","ascension_level":1}}