{"host":"s41rn2jhghpwfrvz","time":1609636880,"event":{"mods":["BaseMod","Minty Spire (QoL Compilation)","Quick Restart","Relic Stats","SuperFastMode"],"gold_per_floor":[116,128,128,141,141,141,166,166,189,232,272,286,306,345,345,438,438,451,376,394,417,417,460,460,499,554,554,594,617,617,657,657,748,748,766,766,801,648,672,706,535,579,604,604,620,635,678,459,459,459,459,459,459,142,176,176],"floor_reached":57,"playtime":1811,"items_purged":["Dagger Spray","Choke+1","Beam Cell"],"score":3827,"play_id":"ee4478c9-2810-43ba-b88d-101b2cd5ee00","local_time":"20210103032120","daily_mods":["SealedDeck","Diverse","DeadlyEvents"],"is_ascension_mode":true,"campfire_choices":[{"data":"Blade Dance","floor":6,"key":"SMITH"},{"data":"Choke","floor":15,"key":"SMITH"},{"data":"Barricade","floor":24,"key":"SMITH"},{"floor":27,"key":"RECALL"},{"data":"Double Energy","floor":30,"key":"SMITH"},{"data":"Shrug It Off","floor":32,"key":"SMITH"},{"data":"Escape Plan","floor":44,"key":"SMITH"},{"data":"Evolve","floor":49,"key":"SMITH"},{"data":"Fire Breathing","floor":53,"key":"SMITH"}],"circlet_count":0,"master_deck":["AscendersBane","Blade Dance+1","Flex+1","Shrug It Off+1","Fire Breathing+1","Double Energy+1","Skim+1","Evolve+1","Escape Plan+1","Barricade+1"],"relics":["Burning Blood","Omamori","Golden Idol","Regal Pillow","Bag of Marbles","Oddly Smooth Stone","War Paint","Calling Bell","Akabeko","Singing Bowl","FossilizedHelix","MutagenicStrength","Red Skull","Pear","Ancient Tea Set","Eternal Feather","Bottled Lightning","Busted Crown","Potion Belt","Lantern","OrangePellets","Centennial Puzzle","Boot","Smiling Mask","Bronze Scales","Turnip","Torii"],"acts_visited":["Exordium","TheCity","TheBeyond","TheEnding"],"potions_floor_usage":[10,18,56,56,56,56],"damage_taken":[{"damage":0,"enemies":"Jaw Worm","floor":1,"turns":1},{"damage":0,"enemies":"Small Slimes","floor":2,"turns":2},{"damage":0,"enemies":"2 Louse","floor":4,"turns":2},{"damage":12,"enemies":"Gremlin Nob","floor":7,"turns":3},{"damage":12,"enemies":"Lagavulin","floor":10,"turns":5},{"damage":12,"enemies":"3 Sentries","floor":11,"turns":3},{"damage":0,"enemies":"Blue Slaver","floor":12,"turns":1},{"damage":0,"enemies":"Large Slime","floor":13,"turns":2},{"damage":10,"enemies":"Gremlin Nob","floor":14,"turns":3},{"damage":4,"enemies":"The Guardian","floor":16,"turns":8},{"damage":0,"enemies":"Spheric Guardian","floor":18,"turns":2},{"damage":2,"enemies":"Shell Parasite","floor":20,"turns":3},{"damage":9,"enemies":"Centurion and Healer","floor":21,"turns":5},{"damage":24,"enemies":"Book of Stabbing","floor":23,"turns":4},{"damage":12,"enemies":"Gremlin Leader","floor":25,"turns":4},{"damage":19,"enemies":"Book of Stabbing","floor":28,"turns":3},{"damage":0,"enemies":"Snecko","floor":29,"turns":3},{"damage":0,"enemies":"Gremlin Leader","floor":31,"turns":2},{"damage":0,"enemies":"Champ","floor":33,"turns":4},{"damage":22,"enemies":"3 Darklings","floor":35,"turns":3},{"damage":0,"enemies":"Nemesis","floor":37,"turns":3},{"damage":0,"enemies":"3 Shapes","floor":39,"turns":3},{"damage":0,"enemies":"Giant Head","floor":40,"turns":2},{"damage":0,"enemies":"Nemesis","floor":42,"turns":3},{"damage":0,"enemies":"Jaw Worm Horde","floor":45,"turns":2},{"damage":0,"enemies":"Sphere and 2 Shapes","floor":46,"turns":3},{"damage":0,"enemies":"Giant Head","floor":47,"turns":2},{"damage":42,"enemies":"Time Eater","floor":50,"turns":8},{"damage":0,"enemies":"Donu and Deca","floor":51,"turns":3},{"damage":0,"enemies":"Shield and Spear","floor":55,"turns":3},{"damage":0,"enemies":"The Heart","floor":56,"turns":6}],"seed_played":"-1182757535176006904","potions_obtained":[{"floor":4,"key":"ElixirPotion"},{"floor":7,"key":"Swift Potion"},{"floor":13,"key":"Dexterity Potion"},{"floor":14,"key":"Fruit Juice"},{"floor":18,"key":"BlessingOfTheForge"},{"floor":21,"key":"SteroidPotion"},{"floor":39,"key":"SneckoOil"},{"floor":40,"key":"Weak Potion"},{"floor":46,"key":"Ancient Potion"}],"is_trial":true,"path_per_floor":["M","M","?","M","T","R","E","?","T","E","E","M","M","E","R","B",null,"M","$","M","M","?","E","R","E","T","R","E","M","R","E","R","B",null,"M","?","E","$","M","E","$","E","T","R","M","M","E","$","R","B","B",null,"R","$","E","B",null],"character_chosen":"IRONCLAD","items_purchased":["SpeedPotion","OrangePellets","Bronze Scales","Turnip"],"campfire_rested":0,"item_purchase_floors":[38,41,48,54],"current_hp_per_floor":[74,75,75,75,75,75,69,43,43,37,31,37,43,39,39,41,67,80,80,84,83,83,67,67,73,73,73,62,70,76,84,90,98,106,92,92,100,100,108,116,116,118,118,118,120,122,124,124,124,88,94,117,123,123,126,126],"gold":176,"neow_bonus":"","is_daily":false,"chose_seed":false,"campfire_upgraded":8,"win_rate":0.0,"timestamp":1609636880,"path_taken":["M","M","?","M","?","R","E","?","T","E","?","?","?","E","R","BOSS","M","$","M","M","?","E","R","E","T","R","E","M","R","E","R","BOSS","M","?","?","$","M","E","?","E","T","R","?","M","E","$","R","BOSS","BOSS","R","$","E","BOSS"],"items_purchased_type":["Potion","Relic","Relic","Relic"],"build_version":"2020-12-22","purchased_purges":3,"victory":true,"max_hp_per_floor":[75,75,75,75,75,75,75,75,75,75,75,75,75,75,75,75,75,82,82,84,86,86,88,88,100,100,100,102,104,104,106,106,108,108,110,110,112,112,114,116,116,118,118,118,120,122,124,124,124,124,124,124,124,124,126,126],"relic_stats":{"Regal Pillow":0,"Singing Bowl":36,"Torii":0,"counters":[31,101],"Golden Idol":227,"Eternal Feather":18,"War Paint":["Skim","Flex"],"Boot":[3],"Smiling Mask":75,"Burning Blood":138,"OrangePellets":[12],"Centennial Puzzle":[3],"Busted Crown":18,"Bronze Scales":[141],"Turnip":[2],"obtain_stats":[{"Regal Pillow":9,"Lantern":40,"Singing Bowl":17,"Torii":55,"Ancient Tea Set":26,"Boot":43,"Smiling Mask":47,"Burning Blood":0,"Centennial Puzzle":42,"Red Skull":23,"Potion Belt":37,"Pear":25,"Golden Idol":8,"Oddly Smooth Stone":11,"Eternal Feather":28,"Omamori":7,"War Paint":14,"Akabeko":17,"Calling Bell":17,"OrangePellets":41,"Busted Crown":34,"MutagenicStrength":22,"Bronze Scales":48,"Turnip":54,"Bag of Marbles":10,"Bottled Lightning":31,"FossilizedHelix":17},{"Regal Pillow":4,"Lantern":23,"Singing Bowl":10,"Torii":30,"Ancient Tea Set":15,"Boot":24,"Smiling Mask":27,"Burning Blood":0,"Centennial Puzzle":24,"Red Skull":14,"Potion Belt":21,"Pear":15,"Golden Idol":4,"Oddly Smooth Stone":6,"Eternal Feather":16,"Omamori":4,"War Paint":9,"Akabeko":10,"Calling Bell":10,"OrangePellets":23,"Busted Crown":19,"MutagenicStrength":13,"Bronze Scales":27,"Turnip":29,"Bag of Marbles":5,"Bottled Lightning":18,"FossilizedHelix":10},{"Regal Pillow":8,"Lantern":71,"Singing Bowl":30,"Torii":95,"Ancient Tea Set":48,"Boot":74,"Smiling Mask":81,"Burning Blood":0,"Centennial Puzzle":74,"Red Skull":44,"Potion Belt":66,"Pear":48,"Golden Idol":8,"Oddly Smooth Stone":16,"Eternal Feather":51,"Omamori":8,"War Paint":22,"Akabeko":30,"Calling Bell":30,"OrangePellets":71,"Busted Crown":60,"MutagenicStrength":40,"Bronze Scales":81,"Turnip":92,"Bag of Marbles":13,"Bottled Lightning":56,"FossilizedHelix":30}]},"card_choices":[{"not_picked":["Prepared","Searing Blow","Stack"],"picked":"SKIP","floor":1},{"not_picked":["Prostrate","CutThroughFate"],"picked":"Evolve","floor":2},{"not_picked":["Hologram","Slice","Capacitor"],"picked":"SKIP","floor":4},{"not_picked":["Dropkick","Compile Driver","Ball Lightning"],"picked":"SKIP","floor":7},{"not_picked":["Leg Sweep","FearNoEvil","Anger"],"picked":"SKIP","floor":10},{"not_picked":["Wish","Backstab"],"picked":"Escape Plan","floor":11},{"not_picked":["Darkness","Ball Lightning","Weave"],"picked":"SKIP","floor":12},{"not_picked":["Sweeping Beam","Clash","Deflect"],"picked":"SKIP","floor":13},{"not_picked":["Iron Wave","Thunderclap","Reinforced Body"],"picked":"SKIP","floor":14},{"not_picked":["Brilliance","Juggernaut"],"picked":"Barricade","floor":16},{"not_picked":["Fire Breathing","CrushJoints","Burning Pact"],"picked":"Singing Bowl","floor":18},{"not_picked":["Poisoned Stab","Evaluate+1","ClearTheMind"],"picked":"Singing Bowl","floor":20},{"not_picked":["Crescendo+1","Venomology","Evaluate+1"],"picked":"Singing Bowl","floor":21},{"not_picked":["Shrug It Off","Underhanded Strike","Beam Cell"],"picked":"Singing Bowl","floor":23},{"not_picked":["BowlingBash","Flex","Barrage"],"picked":"Singing Bowl","floor":25},{"not_picked":["Loop","CutThroughFate","Wild Strike"],"picked":"Singing Bowl","floor":28},{"not_picked":["Double Energy","Outmaneuver","Twin Strike"],"picked":"Singing Bowl","floor":29},{"not_picked":["All Out Attack","Meteor Strike","Heel Hook"],"picked":"Singing Bowl","floor":31},{"not_picked":["ConjureBlade","Bullet Time","Fiend Fire"],"picked":"Singing Bowl","floor":33},{"not_picked":["InnerPeace"],"picked":"Singing Bowl","floor":35},{"not_picked":["Deadly Poison"],"picked":"Singing Bowl","floor":37},{"not_picked":["Hologram"],"picked":"Singing Bowl","floor":39},{"not_picked":["Dagger Spray"],"picked":"Singing Bowl","floor":40},{"not_picked":["Escape Plan"],"picked":"Singing Bowl","floor":42},{"not_picked":["Clothesline+1"],"picked":"Singing Bowl","floor":45},{"not_picked":["Clothesline"],"picked":"Singing Bowl","floor":46},{"not_picked":["Cloak And Dagger"],"picked":"Singing Bowl","floor":47},{"not_picked":["After Image"],"picked":"Singing Bowl","floor":55}],"player_experience":1636692,"relics_obtained":[{"floor":7,"key":"Omamori"},{"floor":9,"key":"Regal Pillow"},{"floor":10,"key":"Bag of Marbles"},{"floor":11,"key":"Oddly Smooth Stone"},{"floor":14,"key":"War Paint"},{"floor":17,"key":"Akabeko"},{"floor":17,"key":"Singing Bowl"},{"floor":17,"key":"FossilizedHelix"},{"floor":23,"key":"Red Skull"},{"floor":25,"key":"Pear"},{"floor":26,"key":"Ancient Tea Set"},{"floor":28,"key":"Eternal Feather"},{"floor":31,"key":"Bottled Lightning"},{"floor":37,"key":"Potion Belt"},{"floor":40,"key":"Lantern"},{"floor":42,"key":"Centennial Puzzle"},{"floor":43,"key":"Boot"},{"floor":47,"key":"Smiling Mask"},{"floor":55,"key":"Torii"}],"event_choices":[{"cards_removed":["Prepared"],"damage_healed":0,"gold_gain":0,"player_choice":"Forget","damage_taken":0,"max_hp_gain":0,"max_hp_loss":0,"event_name":"Living Wall","floor":3,"gold_loss":0},{"damage_healed":0,"gold_gain":0,"player_choice":"Take Damage","damage_taken":26,"relics_obtained":["Golden Idol"],"max_hp_gain":0,"max_hp_loss":0,"event_name":"Golden Idol","floor":8,"gold_loss":0},{"damage_healed":0,"gold_gain":0,"player_choice":"Inject Mutagens","damage_taken":0,"relics_obtained":["MutagenicStrength"],"max_hp_gain":0,"max_hp_loss":0,"event_name":"Drug Dealer","floor":22,"gold_loss":0},{"damage_healed":0,"gold_gain":0,"player_choice":"Ignored","damage_taken":0,"max_hp_gain":0,"max_hp_loss":0,"event_name":"SecretPortal","floor":36,"gold_loss":0}],"is_beta":false,"boss_relics":[{"not_picked":["Sozu","Runic Cube"],"picked":"Calling Bell"},{"not_picked":["Cursed Key","Black Blood"],"picked":"Busted Crown"}],"items_purged_floors":[19,38,48],"is_endless":false,"potions_floor_spawned":[4,7,13,14,18,21,23,28,29,39,40,42,46],"ascension_level":20}}