{"host":"w3q5ijqu8eoknil3","time":1609652887,"event":{"mods":["AchievementEnabler","BaseMod","Block Reminder","Colored Powertips","Minty Spire (QoL Compilation)","Quick Restart","Relic Stats","ojb\u0027s Better Paths Mod","ojb\u0027s Info Mod","slay the spire mod where everything is the same but ironclad has a cowboy hat"],"gold_per_floor":[116,391,404,329,329,362,362,405,475,550,550,570,611,630,630,630,630],"floor_reached":16,"playtime":389,"items_purged":[],"score":286,"play_id":"0df63e44-f2cd-40b4-95bb-685873324a7d","local_time":"20210103054807","is_ascension_mode":true,"campfire_choices":[{"data":"Feel No Pain","floor":7,"key":"SMITH"},{"floor":15,"key":"REST"}],"circlet_count":0,"master_deck":["AscendersBane","Strike_R+1","Strike_R","Strike_R","Strike_R+1","Strike_R","Defend_R","Defend_R","Defend_R","Defend_R","Bash","Cleave","Feel No Pain+1","Second Wind","Burning Pact","Wild Strike","Ghostly Armor","Barricade"],"relics":["Burning Blood","NeowsBlessing","Golden Idol","Whetstone","White Beast Statue","Paper Frog","Happy Flower","Ancient Tea Set"],"acts_visited":["Exordium"],"potions_floor_usage":[13,14,16,16],"damage_taken":[{"damage":0,"enemies":"Jaw Worm","floor":1,"turns":1},{"damage":0,"enemies":"Cultist","floor":3,"turns":1},{"damage":0,"enemies":"Gremlin Nob","floor":6,"turns":1},{"damage":29,"enemies":"3 Sentries","floor":8,"turns":10},{"damage":4,"enemies":"2 Louse","floor":12,"turns":3},{"damage":47,"enemies":"Lagavulin","floor":13,"turns":8},{"damage":0,"enemies":"2 Fungi Beasts","floor":14,"turns":3},{"damage":39,"enemies":"Hexaghost","floor":16,"turns":11}],"seed_played":"-1332682595136005450","potions_obtained":[{"floor":3,"key":"ElixirPotion"},{"floor":12,"key":"Regen Potion"},{"floor":13,"key":"DistilledChaos"},{"floor":14,"key":"DistilledChaos"}],"is_trial":false,"path_per_floor":["M","?","M","?","?","E","R","E","T","?","T","M","E","M","R","B"],"character_chosen":"IRONCLAD","items_purchased":[],"campfire_rested":1,"item_purchase_floors":[],"current_hp_per_floor":[74,74,75,75,68,68,68,45,45,34,34,36,10,16,36,0,0],"gold":630,"neow_bonus":"THREE_ENEMY_KILL","is_daily":false,"chose_seed":false,"campfire_upgraded":1,"win_rate":0.0,"timestamp":1609652887,"path_taken":["M","?","?","?","?","E","R","E","T","?","?","?","E","M","R","BOSS"],"items_purchased_type":[],"build_version":"2020-12-22","purchased_purges":0,"victory":false,"max_hp_per_floor":[75,75,75,75,68,68,68,68,68,68,68,68,68,68,68,68,68],"relic_stats":{"Happy Flower":[8],"counters":[8,38],"Golden Idol":32,"Whetstone":["Strike_R","Strike_R"],"obtain_stats":[{"NeowsBlessing":0,"Happy Flower":11,"Golden Idol":5,"Whetstone":6,"Ancient Tea Set":13,"Burning Blood":0,"White Beast Statue":8,"Paper Frog":9},{"NeowsBlessing":0,"Happy Flower":4,"Golden Idol":2,"Whetstone":3,"Ancient Tea Set":6,"Burning Blood":0,"White Beast Statue":4,"Paper Frog":4},{"NeowsBlessing":0,"Happy Flower":13,"Golden Idol":2,"Whetstone":3,"Ancient Tea Set":24,"Burning Blood":0,"White Beast Statue":13,"Paper Frog":13}],"Burning Blood":31},"card_choices":[{"not_picked":["Anger","Pommel Strike"],"picked":"Cleave","floor":1},{"not_picked":["Iron Wave","Body Slam"],"picked":"Feel No Pain","floor":3},{"not_picked":["Bloodletting","Rupture"],"picked":"Second Wind","floor":6},{"not_picked":["Inflame","Second Wind"],"picked":"Burning Pact","floor":8},{"not_picked":["Warcry","Blood for Blood"],"picked":"Wild Strike","floor":12},{"not_picked":["Thunderclap","Twin Strike"],"picked":"Ghostly Armor","floor":13},{"not_picked":["Clothesline","Headbutt"],"picked":"Barricade","floor":14}],"player_experience":979592,"relics_obtained":[{"floor":6,"key":"Whetstone"},{"floor":8,"key":"White Beast Statue"},{"floor":9,"key":"Paper Frog"},{"floor":11,"key":"Happy Flower"},{"floor":13,"key":"Ancient Tea Set"}],"event_choices":[{"damage_healed":0,"gold_gain":275,"player_choice":"Desecrate","damage_taken":0,"max_hp_gain":0,"max_hp_loss":0,"event_name":"Golden Shrine","floor":2,"gold_loss":0,"cards_obtained":["Regret"]},{"cards_removed":["Regret"],"damage_healed":0,"gold_gain":0,"player_choice":"Card Removal","damage_taken":0,"max_hp_gain":0,"max_hp_loss":0,"event_name":"The Cleric","floor":4,"gold_loss":75},{"damage_healed":0,"gold_gain":0,"player_choice":"Lose Max HP","damage_taken":0,"relics_obtained":["Golden Idol"],"max_hp_gain":0,"max_hp_loss":7,"event_name":"Golden Idol","floor":5,"gold_loss":0},{"damage_healed":0,"gold_gain":75,"player_choice":"Gather Gold","damage_taken":11,"max_hp_gain":0,"max_hp_loss":0,"event_name":"World of Goop","floor":10,"gold_loss":0}],"is_beta":false,"boss_relics":[],"items_purged_floors":[],"is_endless":false,"potions_floor_spawned":[3,12,13,14],"killed_by":"Hexaghost","ascension_level":20}}