{"host":"yo9wwslrag05lh37","time":1609634435,"event":{"mods":["AchievementEnabler","BaseMod","Block Reminder","Colored Map","Colored Powertips","GifTheSpireLib","HexUI Lib","Highlight Path","Minty Spire (QoL Compilation)","Rare Cards Sparkle","Relic Stats","StSLib","everything is the same but u backflip on backflip"],"gold_per_floor":[115,128,140,105,105,105,119,154,190,202,231,243,281,311,323,414,426,456,486,512,554,566,578,623,635,672,701,713,753,765,794,806,818,818],"floor_reached":33,"playtime":1655,"items_purged":[],"score":619,"play_id":"584596db-814d-43da-bdde-8d9bfb77840c","local_time":"20210103014035","is_ascension_mode":true,"campfire_choices":[{"data":"Bash","floor":6.0,"key":"SMITH"},{"data":"Combust","floor":10.0,"key":"SMITH"},{"data":"Clothesline","floor":12.0,"key":"SMITH"},{"data":"Pommel Strike","floor":15.0,"key":"SMITH"},{"floor":23,"key":"REST"},{"data":"Blood for Blood","floor":30,"key":"SMITH"},{"floor":32,"key":"REST"}],"circlet_count":0,"master_deck":["AscendersBane","Strike_R","Strike_R","Strike_R","Strike_R","Defend_R","Defend_R","Defend_R","Defend_R","Bash+1","Battle Trance","Combust+1","Shrug It Off","Pommel Strike+1","Clothesline+1","Feed","Flame Barrier","Immolate","Blood for Blood+1","Dropkick+1","Battle Trance+1","Burning Pact"],"relics":["Burning Blood","MawBank","Red Skull","Boot","Velvet Choker","Red Mask","Oddly Smooth Stone","Anchor","Bottled Tornado"],"acts_visited":["Exordium","TheCity"],"potions_floor_usage":[21,29,33,33],"damage_taken":[{"damage":9.0,"enemies":"Small Slimes","floor":1.0,"turns":5.0},{"damage":13.0,"enemies":"Jaw Worm","floor":2.0,"turns":6.0},{"damage":7.0,"enemies":"Cultist","floor":3.0,"turns":4.0},{"damage":14.0,"enemies":"Blue Slaver","floor":7.0,"turns":6.0},{"damage":38.0,"enemies":"Lagavulin","floor":8.0,"turns":7.0},{"damage":4.0,"enemies":"Looter","floor":11.0,"turns":3.0},{"damage":4.0,"enemies":"Gremlin Nob","floor":13.0,"turns":3.0},{"damage":3.0,"enemies":"Red Slaver","floor":14.0,"turns":3.0},{"damage":49.0,"enemies":"The Guardian","floor":16.0,"turns":12.0},{"damage":25.0,"enemies":"2 Thieves","floor":18.0,"turns":4.0},{"damage":3.0,"enemies":"Chosen","floor":19.0,"turns":4.0},{"damage":19.0,"enemies":"Centurion and Healer","floor":20.0,"turns":5.0},{"damage":38,"enemies":"Masked Bandits","floor":21,"turns":4},{"damage":28,"enemies":"Gremlin Leader","floor":24,"turns":4},{"damage":9,"enemies":"Snake Plant","floor":27,"turns":3},{"damage":9,"enemies":"Slavers","floor":29,"turns":3},{"damage":2,"enemies":"Chosen and Byrds","floor":31,"turns":3},{"damage":89,"enemies":"Champ","floor":33,"turns":15}],"seed_played":"1876839889230656884","potions_obtained":[{"floor":2.0,"key":"ColorlessPotion"},{"floor":7.0,"key":"Fire Potion"},{"floor":8.0,"key":"LiquidMemories"},{"floor":13.0,"key":"Fire Potion"},{"floor":16.0,"key":"Block Potion"},{"floor":19.0,"key":"DuplicationPotion"},{"floor":28,"key":"DistilledChaos"},{"floor":31,"key":"AttackPotion"}],"is_trial":false,"path_per_floor":["M","M","M","?","?","R","M","E","T","R","M","R","E","M","R","B",null,"M","M","M","?","?","R","E","$","T","M","?","E","R","M","R","B"],"character_chosen":"IRONCLAD","items_purchased":[],"campfire_rested":2,"item_purchase_floors":[],"current_hp_per_floor":[72,65,64,82,82,82,74,42,42,42,44,44,46,52,52,12,69,53,56,46,17,17,46,24,24,24,24,24,24,24,31,62,0,0],"gold":818,"neow_bonus":"TEN_PERCENT_HP_BONUS","is_daily":false,"chose_seed":false,"campfire_upgraded":5,"win_rate":0.0,"timestamp":1609634435,"path_taken":["M","M","M","?","?","R","?","E","T","R","M","R","E","M","R","BOSS","M","M","M","?","?","R","E","$","T","M","?","E","R","?","R","BOSS"],"items_purchased_type":[],"build_version":"2020-12-22","purchased_purges":0,"victory":false,"max_hp_per_floor":[82,82,82,82,82,82,82,82,82,82,82,82,82,85,85,88,88,91,91,94,97,97,97,97,97,97,100,100,103,103,106,106,106,106],"relic_stats":{"counters":[18,94],"MawBank":300,"Boot":[1],"obtain_stats":[{"Anchor":26,"Velvet Choker":17,"Oddly Smooth Stone":24,"Red Mask":21,"Bottled Tornado":29,"MawBank":8,"Boot":13,"Burning Blood":0,"Red Skull":9},{"Anchor":14,"Velvet Choker":9,"Oddly Smooth Stone":14,"Red Mask":13,"Bottled Tornado":16,"MawBank":5,"Boot":7,"Burning Blood":0,"Red Skull":5},{"Anchor":70,"Velvet Choker":49,"Oddly Smooth Stone":70,"Red Mask":66,"Bottled Tornado":76,"MawBank":28,"Boot":34,"Burning Blood":0,"Red Skull":28}],"Burning Blood":102},"card_choices":[{"not_picked":["Body Slam","Second Wind","Sword Boomerang"],"picked":"SKIP","floor":1.0},{"not_picked":["Havoc","Dropkick"],"picked":"Battle Trance","floor":2.0},{"not_picked":["Rage","Clothesline"],"picked":"Combust","floor":3.0},{"not_picked":["Bloodletting","Body Slam"],"picked":"Shrug It Off","floor":7.0},{"not_picked":["Wild Strike","Sword Boomerang"],"picked":"Pommel Strike","floor":8.0},{"not_picked":["Headbutt","Anger"],"picked":"Clothesline","floor":11.0},{"not_picked":["Havoc","Anger"],"picked":"Feed","floor":13.0},{"not_picked":["Thunderclap","Ghostly Armor"],"picked":"Flame Barrier","floor":14.0},{"not_picked":["Brutality","Juggernaut"],"picked":"Immolate","floor":16.0},{"not_picked":["Infernal Blade","Iron Wave","True Grit"],"picked":"SKIP","floor":18.0},{"not_picked":["Infernal Blade","Reckless Charge+1","Cleave"],"picked":"SKIP","floor":19.0},{"not_picked":["Clash","Thunderclap+1"],"picked":"Blood for Blood","floor":20.0},{"not_picked":["True Grit","Twin Strike"],"picked":"Dropkick+1","floor":21},{"not_picked":["Pommel Strike","Anger","Thunderclap"],"picked":"SKIP","floor":24},{"not_picked":["True Grit","Body Slam","Iron Wave"],"picked":"SKIP","floor":27},{"not_picked":["Headbutt","Twin Strike"],"picked":"Battle Trance+1","floor":29},{"not_picked":["Shrug It Off","Anger"],"picked":"Burning Pact","floor":31}],"player_experience":1461675,"relics_obtained":[{"floor":8.0,"key":"MawBank"},{"floor":9.0,"key":"Red Skull"},{"floor":13.0,"key":"Boot"},{"floor":21,"key":"Red Mask"},{"floor":24,"key":"Oddly Smooth Stone"},{"floor":26,"key":"Anchor"},{"floor":29,"key":"Bottled Tornado"}],"event_choices":[{"damage_healed":20.0,"max_hp_gain":0.0,"max_hp_loss":0.0,"gold_gain":0.0,"event_name":"The Cleric","player_choice":"Healed","floor":4.0,"gold_loss":35.0,"damage_taken":0.0},{"cards_removed":["Strike_R"],"damage_healed":0.0,"max_hp_gain":0.0,"max_hp_loss":0.0,"gold_gain":0.0,"event_name":"Purifier","player_choice":"Purged","floor":5.0,"gold_loss":0.0,"damage_taken":0.0},{"damage_healed":0,"gold_gain":0,"player_choice":"Fought Bandits","damage_taken":0,"max_hp_gain":0,"max_hp_loss":0,"event_name":"Masked Bandits","floor":21,"gold_loss":0},{"damage_healed":0,"gold_gain":0,"player_choice":"Ignored","damage_taken":0,"max_hp_gain":0,"max_hp_loss":0,"event_name":"Vampires","floor":22,"gold_loss":0},{"damage_healed":0,"gold_gain":0,"player_choice":"Got Potions","damage_taken":0,"max_hp_gain":0,"max_hp_loss":0,"event_name":"Lab","floor":28,"gold_loss":0}],"is_beta":false,"boss_relics":[{"not_picked":["Coffee Dripper","Mark of Pain"],"picked":"Velvet Choker"}],"items_purged_floors":[],"is_endless":false,"potions_floor_spawned":[2,7,8,13,16,18,19,20,31],"killed_by":"Champ","ascension_level":20}}