{"host":"xs2umar4czbsv0xl","time":1609712010,"event":{"mods":["AchievementEnabler","Act Like it!","BaseMod","Gensokyo","Marisa????????","Minty Spire (QoL Compilation)","Reimu??????","Remilia??????","Replay The Spire","StSLib","The Hierophant","The Wild Card","Youmu??????","Yuyuko"],"gold_per_floor":[116,129,129,89,89,89,89,89,89,105,122,132,163,176,176,176,176],"floor_reached":16,"playtime":986,"items_purged":[],"score":127,"play_id":"267b96de-e2e9-4804-8711-bcbe09c909fc","local_time":"20210103161330","is_ascension_mode":false,"campfire_choices":[{"data":"theWildCard:Metatron","floor":6,"key":"SMITH"},{"floor":15,"key":"RECALL"}],"circlet_count":0,"master_deck":["theWildCard:BasicStrike","theWildCard:BasicStrike","theWildCard:BasicStrike","theWildCard:BasicStrike","theWildCard:BasicDefend","theWildCard:BasicDefend","theWildCard:BasicDefend","theWildCard:BasicDefend","theWildCard:CallToAdventure","theWildCard:Arsene","theWildCard:Patience","theWildCard:Metatron+1","theWildCard:Polydeuces","theWildCard:CryOfAgony","theWildCard:Patience","theWildCard:AllOutAttack+1","theWildCard:PaleRider"],"relics":["theWildCard:VelvetContract","NeowsBlessing","PaintedHorse:ReiMu","Golden Egg","Replay:Towering Pillar of Hats"],"acts_visited":["Exordium"],"potions_floor_usage":[13,13],"damage_taken":[{"damage":0,"enemies":"Jaw Worm","floor":1,"turns":1},{"damage":0,"enemies":"2 Louse","floor":2,"turns":1},{"damage":0,"enemies":"Cultist","floor":10,"turns":1},{"damage":5,"enemies":"Exordium Wildlife","floor":11,"turns":4},{"damage":4,"enemies":"Red Slaver","floor":12,"turns":3},{"damage":0,"enemies":"Gremlin Nob","floor":13,"turns":4},{"damage":0,"enemies":"Large Slime","floor":14,"turns":3},{"damage":51,"enemies":"Hexaghost","floor":16,"turns":11}],"seed_played":"7132266434251490896","potions_obtained":[{"floor":1,"key":"ColorlessPotion"},{"floor":10,"key":"SneckoOil"}],"is_trial":false,"path_per_floor":["M","M","?","?","$","R","$","T","T","M","M","M","E","M","R","B"],"character_chosen":"THE_WILD_CARD","items_purchased":[],"campfire_rested":0,"item_purchase_floors":[],"current_hp_per_floor":[60,60,60,60,60,60,60,60,60,60,55,51,51,51,51,0,0],"gold":176,"neow_bonus":"THREE_ENEMY_KILL","is_daily":false,"chose_seed":false,"campfire_upgraded":1,"win_rate":0.0,"timestamp":1609712010,"path_taken":["M","M","?","?","?","R","$","?","T","?","M","M","E","M","R","BOSS"],"items_purchased_type":[],"build_version":"2020-12-22","purchased_purges":0,"victory":false,"max_hp_per_floor":[60,60,60,60,60,60,60,60,60,60,60,60,60,60,60,60,60],"card_choices":[{"not_picked":["theWildCard:Unburden","theWildCard:Impatience"],"picked":"theWildCard:Patience","floor":1},{"not_picked":["theWildCard:EnergyTheft","theWildCard:UnendingRitual"],"picked":"theWildCard:Metatron","floor":2},{"not_picked":["theWildCard:Providence","theWildCard:Sakuya"],"picked":"theWildCard:Polydeuces","floor":10},{"not_picked":["theWildCard:StingingStrike","theWildCard:Polydeuces"],"picked":"theWildCard:CryOfAgony","floor":11},{"not_picked":["theWildCard:ArchaicAssault","theWildCard:SacrificialStroke"],"picked":"theWildCard:Patience","floor":12},{"not_picked":["theWildCard:Salvation","theWildCard:MagicalMight"],"picked":"theWildCard:AllOutAttack","floor":13},{"not_picked":["theWildCard:StingingStrike","theWildCard:Metatron"],"picked":"theWildCard:PaleRider","floor":14}],"player_experience":117193,"relics_obtained":[{"floor":8,"key":"Golden Egg"},{"floor":13,"key":"Replay:Towering Pillar of Hats"}],"event_choices":[{"damage_healed":0,"gold_gain":0,"player_choice":"Ignored","damage_taken":0,"max_hp_gain":0,"max_hp_loss":0,"event_name":"Golden Wing","floor":3,"gold_loss":0},{"damage_healed":0,"gold_gain":0,"player_choice":"Donate","damage_taken":0,"relics_obtained":["PaintedHorse:ReiMu"],"max_hp_gain":0,"max_hp_loss":0,"event_name":"yidonshenshe","floor":4,"gold_loss":40}],"is_beta":false,"boss_relics":[],"items_purged_floors":[],"is_endless":false,"potions_floor_spawned":[1,10],"killed_by":"Hexaghost","ascension_level":0}}