{"host":"ayh4nqhr0ddw4ozv","time":1609640369,"event":{"mods":["BaseMod","Minty Spire (QoL Compilation)","Relic Stats","Robot Space Explorer","StSLib"],"gold_per_floor":[110,130,55,72,72,72,100,113,138,213,243,243,243,263,263,337,337,357,369,379,379,379,379,405,405,459,477,477,477],"floor_reached":28,"playtime":1415,"items_purged":["RobotSpaceExplorer:Strike"],"score":446,"play_id":"f1b9986a-1c75-4b99-ac2a-3b82fd1fa502","local_time":"20210102181929","is_ascension_mode":true,"campfire_choices":[{"data":"RobotSpaceExplorer:Electropulse","floor":6,"key":"SMITH"},{"data":"RobotSpaceExplorer:Multitool","floor":12,"key":"SMITH"},{"floor":15,"key":"REST"},{"data":"RobotSpaceExplorer:TrailblazerForm","floor":23,"key":"SMITH"},{"data":"RobotSpaceExplorer:Smokescreen","floor":25,"key":"SMITH"}],"circlet_count":0,"master_deck":["AscendersBane","RobotSpaceExplorer:Strike+1","RobotSpaceExplorer:Strike+1","RobotSpaceExplorer:Defend+1","RobotSpaceExplorer:Defend+1","RobotSpaceExplorer:Defend+1","RobotSpaceExplorer:Defend+1","RobotSpaceExplorer:Scan","RobotSpaceExplorer:MiniLasers","RobotSpaceExplorer:Electropulse+1","RobotSpaceExplorer:ShovelStrike","RobotSpaceExplorer:ImprovisedAttack","RobotSpaceExplorer:GearShield","RobotSpaceExplorer:Smokescreen+1","RobotSpaceExplorer:Multitool+1","RobotSpaceExplorer:TrailblazerForm+1","RobotSpaceExplorer:Electroshield","RobotSpaceExplorer:SelfCleaning+1","RobotSpaceExplorer:Fix"],"relics":["RobotSpaceExplorer:Reprocessor","Strawberry","PreservedInsect","RobotSpaceExplorer:ClockworkSextant","Boot","Sozu","Potion Belt","Art of War"],"acts_visited":["Exordium","TheCity"],"potions_floor_usage":[7,11,16],"damage_taken":[{"damage":2,"enemies":"2 Louse","floor":1,"turns":3},{"damage":4,"enemies":"Small Slimes","floor":2,"turns":4},{"damage":1,"enemies":"Cultist","floor":4,"turns":3},{"damage":9,"enemies":"3 Sentries","floor":7,"turns":5},{"damage":2,"enemies":"Large Slime","floor":8,"turns":4},{"damage":12,"enemies":"Gremlin Nob","floor":11,"turns":3},{"damage":0,"enemies":"3 Louse","floor":14,"turns":3},{"damage":33,"enemies":"The Guardian","floor":16,"turns":10},{"damage":4,"enemies":"Chosen","floor":18,"turns":5},{"damage":10,"enemies":"Spheric Guardian","floor":19,"turns":4},{"damage":0,"enemies":"Snecko","floor":20,"turns":7},{"damage":16,"enemies":"Slavers","floor":24,"turns":6},{"damage":0,"enemies":"Snake Plant","floor":27,"turns":4},{"damage":36,"enemies":"Book of Stabbing","floor":28,"turns":5}],"seed_played":"-8870229865915166069","potions_obtained":[{"floor":1,"key":"Weak Potion"},{"floor":2,"key":"RobotSpaceExplorer:LiquidFusion"},{"floor":7,"key":"ColorlessPotion"},{"floor":11,"key":"Dexterity Potion"},{"floor":16,"key":"SpeedPotion"}],"is_trial":false,"path_per_floor":["M","M","$","M","?","R","E","M","T","?","E","R","?","M","R","B",null,"M","M","M","?","?","R","E","R","T","M","E"],"character_chosen":"RobotSpaceExplorer","items_purchased":[],"campfire_rested":1,"item_purchase_floors":[],"current_hp_per_floor":[62,58,58,57,59,59,50,48,48,37,25,25,25,25,48,15,62,58,48,48,48,48,48,32,32,32,32,0,0],"gold":477,"neow_bonus":"BOSS_RELIC","is_daily":false,"chose_seed":false,"campfire_upgraded":4,"win_rate":0.0,"timestamp":1609640369,"path_taken":["M","M","$","M","?","R","E","M","T","?","E","R","?","M","R","BOSS","M","M","M","?","?","R","E","R","T","M","E"],"items_purchased_type":[],"build_version":"2020-12-22","purchased_purges":1,"victory":false,"max_hp_per_floor":[71,71,71,71,78,78,78,78,78,78,78,78,78,78,78,78,78,78,78,78,78,78,78,78,78,78,78,78,78],"relic_stats":{"Sozu":2,"counters":[14,66],"PreservedInsect":106,"Art of War":[1],"Boot":[73],"obtain_stats":[{"RobotSpaceExplorer:ClockworkSextant":9,"Sozu":17,"Potion Belt":24,"Strawberry":5,"RobotSpaceExplorer:RoboCore":0,"PreservedInsect":7,"Art of War":26,"RobotSpaceExplorer:Reprocessor":0,"Boot":11},{"RobotSpaceExplorer:ClockworkSextant":5,"Sozu":8,"Potion Belt":12,"Strawberry":3,"RobotSpaceExplorer:RoboCore":0,"PreservedInsect":4,"Art of War":12,"RobotSpaceExplorer:Reprocessor":0,"Boot":6},{"RobotSpaceExplorer:ClockworkSextant":19,"Sozu":35,"Potion Belt":57,"Strawberry":10,"RobotSpaceExplorer:RoboCore":0,"PreservedInsect":15,"Art of War":57,"RobotSpaceExplorer:Reprocessor":0,"Boot":22}]},"card_choices":[{"not_picked":["RobotSpaceExplorer:ScrapShield","RobotSpaceExplorer:ExhaustFan"],"picked":"RobotSpaceExplorer:Electropulse","floor":1},{"not_picked":["RobotSpaceExplorer:SelfCleaning","RobotSpaceExplorer:SurgingShield"],"picked":"RobotSpaceExplorer:ShovelStrike","floor":2},{"not_picked":["RobotSpaceExplorer:Ammunition","RobotSpaceExplorer:Calculate"],"picked":"RobotSpaceExplorer:ImprovisedAttack","floor":4},{"not_picked":["RobotSpaceExplorer:FrostMissile","RobotSpaceExplorer:GlueShot"],"picked":"RobotSpaceExplorer:GearShield","floor":7},{"not_picked":["RobotSpaceExplorer:MiniDrones","RobotSpaceExplorer:SwiftStep"],"picked":"RobotSpaceExplorer:Smokescreen","floor":8},{"not_picked":["RobotSpaceExplorer:Electroshield","RobotSpaceExplorer:Calculate"],"picked":"RobotSpaceExplorer:Multitool","floor":11},{"not_picked":["RobotSpaceExplorer:Pulsar","RobotSpaceExplorer:ShockKick","RobotSpaceExplorer:Counterblock"],"picked":"SKIP","floor":14},{"not_picked":["RobotSpaceExplorer:Wormhole","RobotSpaceExplorer:Accelerator"],"picked":"RobotSpaceExplorer:TrailblazerForm","floor":16},{"not_picked":["RobotSpaceExplorer:ScrapToss","RobotSpaceExplorer:SwiftStep"],"picked":"RobotSpaceExplorer:Electroshield","floor":18},{"not_picked":["RobotSpaceExplorer:ShockKick+1","RobotSpaceExplorer:FranticSearch+1"],"picked":"RobotSpaceExplorer:SelfCleaning+1","floor":19},{"not_picked":["RobotSpaceExplorer:Ammunition","RobotSpaceExplorer:SwiftStep","RobotSpaceExplorer:ShovelStrike"],"picked":"SKIP","floor":20},{"not_picked":["RobotSpaceExplorer:PlasmaMissile","RobotSpaceExplorer:MetalStrike","RobotSpaceExplorer:ImprovisedAttack"],"picked":"SKIP","floor":24},{"not_picked":["RobotSpaceExplorer:Reload","RobotSpaceExplorer:MiniBoosters"],"picked":"RobotSpaceExplorer:Fix","floor":27}],"player_experience":280257,"relics_obtained":[{"floor":7,"key":"PreservedInsect"},{"floor":9,"key":"RobotSpaceExplorer:ClockworkSextant"},{"floor":11,"key":"Boot"},{"floor":24,"key":"Potion Belt"},{"floor":26,"key":"Art of War"}],"event_choices":[{"damage_healed":0,"gold_gain":0,"player_choice":"Success","damage_taken":5,"relics_obtained":["Strawberry"],"max_hp_gain":0,"max_hp_loss":0,"event_name":"Scrap Ooze","floor":5,"gold_loss":0},{"damage_healed":0,"gold_gain":75,"player_choice":"Gather Gold","damage_taken":11,"max_hp_gain":0,"max_hp_loss":0,"event_name":"World of Goop","floor":10,"gold_loss":0},{"cards_removed":["RobotSpaceExplorer:Strike"],"damage_healed":0,"gold_gain":0,"player_choice":"Offered Basic","damage_taken":0,"max_hp_gain":0,"max_hp_loss":0,"event_name":"Bonfire Elementals","floor":13,"gold_loss":0},{"damage_healed":0,"gold_gain":0,"player_choice":"Ignored","damage_taken":0,"max_hp_gain":0,"max_hp_loss":0,"event_name":"Vampires","floor":21,"gold_loss":0},{"damage_healed":0,"gold_gain":0,"player_choice":"Simplicity","damage_taken":0,"max_hp_gain":0,"max_hp_loss":0,"event_name":"Back to Basics","floor":22,"gold_loss":0,"cards_upgraded":["RobotSpaceExplorer:Strike","RobotSpaceExplorer:Strike","RobotSpaceExplorer:Defend","RobotSpaceExplorer:Defend","RobotSpaceExplorer:Defend","RobotSpaceExplorer:Defend"]}],"is_beta":false,"boss_relics":[{"not_picked":["Black Star","Pandora\u0027s Box"],"picked":"Sozu"}],"items_purged_floors":[3],"is_endless":false,"potions_floor_spawned":[1,2,7,11,16,19,20],"killed_by":"Book of Stabbing","ascension_level":16}}