{"host":"zekcc3vicrep0och","time":1609662777,"event":{"mods":["AchievementEnabler","BaseMod","Colored Map","Colored Powertips","Displayed Cursed Tome","Highlight Path","Minty Spire (QoL Compilation)","Quick Restart","Relic Stats","StSLib","The Cursed"],"gold_per_floor":[368,368,368,78,98,98,129,129,129,129,160,51,51,69,69,148,148,163,177,191,191,91,122,122,151,224,236,236,236],"floor_reached":28,"playtime":1246,"items_purged":["Defend_B","Defend_B"],"score":475,"play_id":"bf1f1320-3aa3-42f6-adf8-7f70a755abed","local_time":"20210103113257","is_ascension_mode":true,"campfire_choices":[{"data":"Zap","floor":6.0,"key":"SMITH"},{"data":"Defragment","floor":10.0,"key":"SMITH"},{"floor":15.0,"key":"REST"},{"data":"Defragment","floor":24.0,"key":"SMITH"}],"circlet_count":0,"master_deck":["AscendersBane","Strike_B","Defend_B","Defend_B","Zap+1","Dualcast","Conserve Battery","Cold Snap","Melter","Defragment+1","Consume+1","Steam+1","Glacier+1","Redo+1","Amplify+1","Conserve Battery+1","Chaos+1","Recycle+1","Genetic Algorithm+1","Defragment+1","Stack+1","Conserve Battery+1"],"relics":["Cracked Core","Pen Nib","White Beast Statue","Toxic Egg 2","StoneCalendar","WingedGreaves","Empty Cage","Letter Opener","Vajra","Matryoshka"],"acts_visited":["Exordium","TheCity"],"potions_floor_usage":[],"damage_taken":[{"damage":3.0,"enemies":"Small Slimes","floor":1.0,"turns":3.0},{"damage":0.0,"enemies":"2 Louse","floor":5.0,"turns":3.0},{"damage":22.0,"enemies":"Gremlin Nob","floor":7.0,"turns":4.0},{"damage":10.0,"enemies":"Lagavulin","floor":11.0,"turns":7.0},{"damage":5.0,"enemies":"Jaw Worm","floor":14.0,"turns":4.0},{"damage":2.0,"enemies":"Hexaghost","floor":16.0,"turns":17.0},{"damage":0.0,"enemies":"Spheric Guardian","floor":18.0,"turns":3.0},{"damage":11.0,"enemies":"2 Thieves","floor":19.0,"turns":5.0},{"damage":6.0,"enemies":"Centurion and Healer","floor":20.0,"turns":12.0},{"damage":3.0,"enemies":"Book of Stabbing","floor":23.0,"turns":7.0},{"damage":33.0,"enemies":"Gremlin Leader","floor":25.0,"turns":6.0},{"damage":6.0,"enemies":"Snake Plant","floor":27.0,"turns":6.0},{"damage":18,"enemies":"Chosen and Byrds","floor":28,"turns":1}],"seed_played":"3922316289190778768","potions_obtained":[{"floor":11.0,"key":"Swift Potion"},{"floor":14.0,"key":"Block Potion"},{"floor":18.0,"key":"Regen Potion"},{"floor":19.0,"key":"PowerPotion"},{"floor":23.0,"key":"SkillPotion"},{"floor":25.0,"key":"CultistPotion"},{"floor":27.0,"key":"FearPotion"}],"is_trial":false,"path_per_floor":["M","?","?","$","M","R","E","?","T","R","E","$","T","M","R","B",null,"M","M","M","?","$","E","R","E","T","M","M"],"character_chosen":"DEFECT","items_purchased":["Cold Snap","Pen Nib","Steam+1","Glacier+1"],"campfire_rested":1,"item_purchase_floors":[4,4,12,12],"current_hp_per_floor":[61,61,54,54,54,54,32,32,32,32,22,22,22,17,38,36,62,62,65,59,59,59,56,56,23,23,17,0,0],"gold":236,"neow_bonus":"TWO_FIFTY_GOLD","is_daily":false,"chose_seed":false,"campfire_upgraded":3,"win_rate":0.0,"timestamp":1609662777,"path_taken":["M","?","?","$","M","R","E","?","T","R","E","?","?","M","R","BOSS","M","M","?","?","$","E","R","E","T","M","M"],"items_purchased_type":["Card","Relic","Card","Card"],"build_version":"2020-12-22","purchased_purges":2,"victory":false,"max_hp_per_floor":[71,71,71,71,71,71,71,71,71,71,71,71,71,71,71,71,71,71,71,71,71,71,71,71,71,71,71,71,71],"relic_stats":{"counters":[13,78],"StoneCalendar":[201],"Pen Nib":[7],"Letter Opener":[47],"obtain_stats":[{"Matryoshka":26,"Vajra":25,"StoneCalendar":11,"Pen Nib":4,"WingedGreaves":13,"Letter Opener":23,"Toxic Egg 2":9,"Cracked Core":0,"Empty Cage":17,"White Beast Statue":7},{"Matryoshka":11,"Vajra":11,"StoneCalendar":4,"Pen Nib":1,"WingedGreaves":4,"Letter Opener":10,"Toxic Egg 2":3,"Cracked Core":0,"Empty Cage":6,"White Beast Statue":3},{"Matryoshka":71,"Vajra":71,"StoneCalendar":17,"Pen Nib":3,"WingedGreaves":17,"Letter Opener":65,"Toxic Egg 2":10,"Cracked Core":0,"Empty Cage":38,"White Beast Statue":10}]},"card_choices":[{"not_picked":["Self Repair","Steam"],"picked":"Conserve Battery","floor":1.0},{"not_picked":["Cold Snap","Undo"],"picked":"Melter","floor":5.0},{"not_picked":["Rebound","Gash"],"picked":"Defragment","floor":7.0},{"not_picked":["Machine Learning","BootSequence+1"],"picked":"Consume+1","floor":11.0},{"not_picked":["Gash","FTL"],"picked":"Redo+1","floor":14.0},{"not_picked":["All For One","Core Surge"],"picked":"Amplify+1","floor":16.0},{"not_picked":["Ball Lightning","Rebound"],"picked":"Conserve Battery+1","floor":18.0},{"not_picked":["Sweeping Beam","Barrage"],"picked":"Chaos+1","floor":19.0},{"not_picked":["Gash","Rebound"],"picked":"Recycle+1","floor":20.0},{"not_picked":["Sweeping Beam","Sunder"],"picked":"Defragment","floor":23.0},{"not_picked":["Reinforced Body+1","Meteor Strike"],"picked":"Stack+1","floor":25.0},{"not_picked":["Reinforced Body+1","FTL"],"picked":"Conserve Battery+1","floor":27.0}],"player_experience":499099,"relics_obtained":[{"floor":7.0,"key":"White Beast Statue"},{"floor":9.0,"key":"Toxic Egg 2"},{"floor":11.0,"key":"StoneCalendar"},{"floor":13.0,"key":"WingedGreaves"},{"floor":23.0,"key":"Letter Opener"},{"floor":25.0,"key":"Vajra"},{"floor":26.0,"key":"Matryoshka"}],"event_choices":[{"cards_removed":["Decay"],"damage_healed":0.0,"max_hp_gain":0.0,"max_hp_loss":0.0,"gold_gain":0.0,"event_name":"Living Wall","player_choice":"Forget","floor":2.0,"gold_loss":0.0,"damage_taken":0.0},{"cards_removed":["Strike_B"],"damage_healed":0.0,"max_hp_gain":0.0,"max_hp_loss":0.0,"gold_gain":0.0,"event_name":"Golden Wing","player_choice":"Card Removal","floor":3.0,"gold_loss":0.0,"damage_taken":7.0},{"damage_healed":0.0,"max_hp_gain":0.0,"max_hp_loss":0.0,"gold_gain":0.0,"event_name":"Liars Game","player_choice":"Ignored","floor":8.0,"gold_loss":0.0,"damage_taken":0.0},{"damage_healed":0.0,"max_hp_gain":0.0,"max_hp_loss":0.0,"gold_gain":0.0,"event_name":"The Library","player_choice":"Read","floor":21.0,"gold_loss":0.0,"damage_taken":0.0,"cards_obtained":["Genetic Algorithm"]}],"is_beta":false,"boss_relics":[{"not_picked":["Coffee Dripper","Pandora\u0027s Box"],"picked":"Empty Cage"}],"items_purged_floors":[4,22],"is_endless":false,"potions_floor_spawned":[11,14,16,18,19,20,23,25,27],"killed_by":"Chosen and Byrds","ascension_level":16}}