{"host":"6r4na9dgjsffx65e","time":1609699266,"event":{"mods":["BaseMod","Colored Map","Colored Powertips","Minty Spire (QoL Compilation)","Relic Stats","ojb\u0027s Info Mod"],"gold_per_floor":[118,118,43,43,43,70,70,245,313,326,338,338,366,381,381,481,481,481,481],"floor_reached":18,"playtime":817,"items_purged":["Strike_G"],"score":290,"play_id":"f4cdba01-d5b9-4f89-bd3e-1b9610e7e32c","local_time":"20210103194106","is_ascension_mode":true,"campfire_choices":[{"data":"Poisoned Stab","floor":7,"key":"SMITH"},{"data":"Bane","floor":12,"key":"SMITH"},{"data":"Footwork","floor":15,"key":"SMITH"}],"circlet_count":0,"master_deck":["AscendersBane","Survivor","Neutralize","Poisoned Stab+1","After Image","Doubt","Bane+1","Footwork+1","Corpse Explosion","PiercingWail","Envenom","Corpse Explosion","Catalyst","Eviscerate","Catalyst","Adrenaline","Dash","Envenom","Reflex"],"relics":["Ring of the Snake","NeowsBlessing","FossilizedHelix","Boot","Kunai","Tiny Chest","Pandora\u0027s Box"],"acts_visited":["Exordium","TheCity"],"potions_floor_usage":[13],"damage_taken":[{"damage":0,"enemies":"2 Louse","floor":1,"turns":1},{"damage":0,"enemies":"Lagavulin","floor":6,"turns":1},{"damage":0,"enemies":"Jaw Worm","floor":10,"turns":2},{"damage":0,"enemies":"Small Slimes","floor":11,"turns":4},{"damage":26,"enemies":"Gremlin Nob","floor":13,"turns":5},{"damage":0,"enemies":"Exordium Wildlife","floor":14,"turns":1},{"damage":25,"enemies":"Slime Boss","floor":16,"turns":14},{"damage":1,"enemies":"Shell Parasite","floor":18,"turns":4}],"seed_played":"5432025411392024678","potions_obtained":[{"floor":11,"key":"PowerPotion"},{"floor":16,"key":"DistilledChaos"}],"is_trial":false,"path_per_floor":["M","?","$","$","T","E","R","?","T","M","M","R","E","M","R","B",null,"M"],"character_chosen":"THE_SILENT","items_purchased":[],"campfire_rested":0,"item_purchase_floors":[],"current_hp_per_floor":[63,63,63,63,63,63,63,63,63,63,63,63,37,37,37,12,56,55,55],"gold":481,"neow_bonus":"THREE_ENEMY_KILL","is_daily":false,"chose_seed":false,"campfire_upgraded":3,"win_rate":0.0,"timestamp":1609699266,"path_taken":["M","?","?","$","?","E","R","?","T","M","M","R","E","M","R","BOSS","M"],"items_purchased_type":[],"build_version":"2020-12-22","purchased_purges":1,"victory":false,"max_hp_per_floor":[70,70,70,70,70,70,70,70,70,70,70,70,70,70,70,70,70,70,70],"relic_stats":{"counters":[8,32],"Tiny Chest":0,"Pandora\u0027s Box":["Corpse Explosion","Catalyst","Eviscerate","Catalyst","Adrenaline","Dash","Envenom","Reflex"],"Kunai":[4],"Boot":[23],"obtain_stats":[{"NeowsBlessing":0,"Tiny Chest":13,"Pandora\u0027s Box":17,"Kunai":9,"Boot":6,"FossilizedHelix":5,"Ring of the Snake":0},{"NeowsBlessing":0,"Tiny Chest":5,"Pandora\u0027s Box":7,"Kunai":2,"Boot":2,"FossilizedHelix":1,"Ring of the Snake":0},{"NeowsBlessing":0,"Tiny Chest":13,"Pandora\u0027s Box":28,"Kunai":2,"Boot":2,"FossilizedHelix":1,"Ring of the Snake":0}],"Ring of the Snake":[16]},"card_choices":[{"not_picked":["Dodge and Roll","Slice"],"picked":"Poisoned Stab","floor":1},{"not_picked":["PiercingWail","Acrobatics"],"picked":"After Image","floor":6},{"not_picked":["PiercingWail","Masterful Stab"],"picked":"Bane","floor":10},{"not_picked":["Poisoned Stab","Distraction"],"picked":"Footwork","floor":11},{"not_picked":["Poisoned Stab","Deflect"],"picked":"Corpse Explosion","floor":13},{"not_picked":["Slice","Masterful Stab"],"picked":"PiercingWail","floor":14},{"not_picked":["A Thousand Cuts","Bullet Time"],"picked":"Envenom","floor":16}],"player_experience":499007,"relics_obtained":[{"floor":5,"key":"FossilizedHelix"},{"floor":6,"key":"Boot"},{"floor":9,"key":"Kunai"},{"floor":13,"key":"Tiny Chest"}],"event_choices":[{"cards_removed":["Strike_G"],"damage_healed":0,"gold_gain":0,"player_choice":"Forget","damage_taken":0,"max_hp_gain":0,"max_hp_loss":0,"event_name":"Living Wall","floor":2,"gold_loss":0},{"damage_healed":0,"gold_gain":175,"player_choice":"AGREE","damage_taken":0,"max_hp_gain":0,"max_hp_loss":0,"event_name":"Liars Game","floor":8,"gold_loss":0,"cards_obtained":["Doubt"]}],"is_beta":false,"boss_relics":[{"not_picked":["Sozu","SacredBark"],"picked":"Pandora\u0027s Box"}],"items_purged_floors":[3],"is_endless":false,"potions_floor_spawned":[11,16],"killed_by":"Shell Parasite","ascension_level":10}}