{"host":"2461dio7vetlq1z3","time":1609633885,"event":{"mods":["2.2 Compatiblity","AchievementEnabler","Aspiration","BaseMod","Better Third Choice","Friendly Minions","Hubris","Minty Spire (QoL Compilation)","Relic Stats","Replay The Spire","Spicy Shops","StSLib","Waifu the Spire"],"gold_per_floor":[113,113,113,123,139,167,167,199,199,225,236,206,206,206,206,206,206],"floor_reached":16,"playtime":634,"items_purged":[],"score":240,"play_id":"24a8abfb-fc77-4cde-a999-5dd04c524c21","local_time":"20210103013125","is_ascension_mode":true,"campfire_choices":[{"data":"Streamline","floor":7,"key":"SMITH"},{"data":"Chaos","floor":13,"key":"SMITH"},{"data":"Barrage","floor":15,"key":"SMITH"}],"circlet_count":0,"master_deck":["AscendersBane","Strike_B","Strike_B","Strike_B","Strike_B","Defend_B","Defend_B","Defend_B","Defend_B","Zap","Dualcast","Streamline+1","Rebound","Cold Snap","Barrage+1","Chaos+1"],"relics":["Cracked Core","NeowsBlessing","hubris:Icosahedron","Orichalcum","Singing Bowl","Bottled Flame","Replay:Wax Seal","Replay:Ringing Soul"],"acts_visited":["Exordium"],"potions_floor_usage":[6,8,8,16,16,16],"damage_taken":[{"damage":0,"enemies":"Jaw Worm","floor":1,"turns":1},{"damage":0,"enemies":"2 Louse","floor":4,"turns":1},{"damage":0,"enemies":"Cultist","floor":5,"turns":1},{"damage":30,"enemies":"Gremlin Nob","floor":6,"turns":4},{"damage":16,"enemies":"3 Sentries","floor":8,"turns":7},{"damage":18,"enemies":"Gremlin Nob","floor":10,"turns":4},{"damage":21,"enemies":"Exordium Thugs","floor":11,"turns":4},{"damage":5,"enemies":"Looter","floor":12,"turns":2},{"damage":33,"enemies":"The Guardian","floor":16,"turns":9}],"seed_played":"4331816112961889057","potions_obtained":[{"floor":3,"key":"LiquidMemories"},{"floor":3,"key":"Regen Potion"},{"floor":6,"key":"Energy Potion"},{"floor":12,"key":"EntropicBrew"}],"is_trial":false,"path_per_floor":["M","?","?","M","M","E","R","E","T","E","M","M","R","T","R","B"],"character_chosen":"DEFECT","items_purchased":[],"campfire_rested":0,"item_purchase_floors":[],"current_hp_per_floor":[64,64,64,64,64,34,34,33,33,55,34,29,29,29,29,0,0],"gold":206,"neow_bonus":"THREE_ENEMY_KILL","is_daily":false,"chose_seed":false,"campfire_upgraded":3,"win_rate":0.0,"timestamp":1609633885,"path_taken":["M","?","?","M","?","E","R","E","T","E","M","M","R","?","R","BOSS"],"items_purchased_type":[],"build_version":"2020-12-22","purchased_purges":0,"victory":false,"max_hp_per_floor":[71,71,71,71,71,71,71,71,71,73,73,73,73,73,73,73,73],"relic_stats":{"Singing Bowl":2,"counters":[9,33],"Orichalcum":[96],"obtain_stats":[{"Replay:Ringing Soul":14,"Bottled Flame":9,"hubris:Icosahedron":2,"NeowsBlessing":0,"Singing Bowl":8,"Orichalcum":6,"Replay:Wax Seal":10,"Cracked Core":0},{"Replay:Ringing Soul":8,"Bottled Flame":5,"hubris:Icosahedron":1,"NeowsBlessing":0,"Singing Bowl":5,"Orichalcum":4,"Replay:Wax Seal":6,"Cracked Core":0},{"Replay:Ringing Soul":24,"Bottled Flame":14,"hubris:Icosahedron":1,"NeowsBlessing":0,"Singing Bowl":14,"Orichalcum":7,"Replay:Wax Seal":18,"Cracked Core":0}]},"card_choices":[{"not_picked":["Turbo","Coolheaded","BasicCrystalCard"],"picked":"SKIP","floor":1},{"not_picked":["Compile Driver","Barrage"],"picked":"Streamline","floor":4},{"not_picked":["Stack","Hello World"],"picked":"Rebound","floor":5},{"not_picked":["ReplayTheSpireMod:Reroute Power","ReplaySolidLightProjector","Scrape"],"picked":"SKIP","floor":6},{"not_picked":["Force Field","Compile Driver"],"picked":"Cold Snap","floor":8},{"not_picked":["Hyperbeam","Compile Driver","Coolheaded"],"picked":"Singing Bowl","floor":10},{"not_picked":["Skim","Sweeping Beam"],"picked":"Barrage","floor":11},{"not_picked":["Coolheaded","Stack"],"picked":"Chaos","floor":12}],"player_experience":1032247,"relics_obtained":[{"floor":6,"key":"Orichalcum"},{"floor":8,"key":"Singing Bowl"},{"floor":9,"key":"Bottled Flame"},{"floor":10,"key":"Replay:Wax Seal"},{"floor":14,"key":"Replay:Ringing Soul"}],"event_choices":[{"damage_healed":0,"gold_gain":0,"player_choice":"Got Potions","damage_taken":0,"max_hp_gain":0,"max_hp_loss":0,"event_name":"Lab","floor":3,"gold_loss":0}],"is_beta":false,"boss_relics":[],"items_purged_floors":[],"is_endless":false,"potions_floor_spawned":[4,6,12],"killed_by":"The Guardian","ascension_level":20}}