{"host":"lg1piimdyocafd6j","time":1609668118,"event":{"mods":["AchievementEnabler","BaseMod","Better Third Choice","BetterRewards","Colored Map","Colored Powertips","Downfall","Minty Spire (QoL Compilation)","Quick Restart","Rare Cards Sparkle","Remove Card Discount Mod","Shop Mod","StSLib","SuperFastMode"],"gold_per_floor":[117,88,101,101,121,121,121],"floor_reached":6,"playtime":545,"items_purged":["Defend_R","Defend_R","Strike_R","Strike_R","Bash","Strike_R","Strike_R","Defend_R","Defend_R","Strike_R"],"score":36,"play_id":"b51ec156-a429-4442-9695-e7ce8ca366a1","local_time":"20210103110158","is_ascension_mode":false,"campfire_choices":[],"circlet_count":0,"master_deck":["Shrug It Off","Iron Wave","Iron Wave","Barricade","Whirlwind","Entrench","Armaments","Iron Wave"],"relics":["Burning Blood"],"acts_visited":["Exordium"],"potions_floor_usage":[6,6],"damage_taken":[{"damage":0,"enemies":"Jaw Worm","floor":1,"turns":4},{"damage":6,"enemies":"2 Louse","floor":3,"turns":3},{"damage":0,"enemies":"Cultist","floor":5,"turns":5},{"damage":0,"enemies":"Lagavulin","floor":6,"turns":22}],"seed_played":"-3869708401084239219","potions_obtained":[{"floor":3,"key":"Weak Potion"},{"floor":5,"key":"Explosive Potion"}],"is_trial":false,"path_per_floor":["M","$","M","?","M","E"],"character_chosen":"IRONCLAD","items_purchased":["Shrug It Off","Iron Wave","Iron Wave","Barricade","Whirlwind","Entrench","Armaments"],"campfire_rested":0,"item_purchase_floors":[0,0,0,0,0,0,2],"current_hp_per_floor":[80,80,80,80,80,80,80],"gold":121,"neow_bonus":"","is_daily":false,"chose_seed":true,"campfire_upgraded":0,"win_rate":0.0,"timestamp":1609668118,"path_taken":["M","$","M","?","M","E"],"items_purchased_type":["Card","Card","Card","Card","Card","Card","Card"],"build_version":"2020-12-22","purchased_purges":10,"victory":false,"max_hp_per_floor":[80,80,80,80,80,80,80],"card_choices":[{"not_picked":["Uppercut","Second Wind","Spot Weakness"],"picked":"SKIP","floor":1},{"not_picked":["Clash","True Grit","Headbutt"],"picked":"SKIP","floor":3},{"not_picked":["Rage","True Grit"],"picked":"Iron Wave","floor":5}],"player_experience":106092,"relics_obtained":[],"event_choices":[{"damage_healed":0,"gold_gain":0,"player_choice":"Ignored","damage_taken":0,"max_hp_gain":0,"max_hp_loss":0,"event_name":"Golden Wing","floor":4,"gold_loss":0}],"is_beta":false,"boss_relics":[],"items_purged_floors":[0,0,0,0,0,0,0,2,2,2],"is_endless":false,"potions_floor_spawned":[3,5],"killed_by":"Lagavulin","ascension_level":0}}