{"host":"esx1hwjnbftf3eqj","time":1609634158,"event":{"mods":["BaseMod","Colored Map","Minty Spire (QoL Compilation)","StSLib","The Jungle"],"gold_per_floor":[114,289,289,306,318,349,349,31,85,100,100,27,70,96,96,210,210,234,243,243,252,6,44,44,44,44],"floor_reached":25,"playtime":3188,"items_purged":["Doubt","Strike_R"],"score":329,"play_id":"751cb054-383a-40fe-9dc5-43732d788065","local_time":"20210102163558","is_ascension_mode":true,"campfire_choices":[{"floor":7,"key":"REST"},{"data":"Shockwave","floor":11,"key":"SMITH"},{"data":"Berserk","floor":15,"key":"SMITH"},{"data":"Entrench","floor":24,"key":"SMITH"}],"circlet_count":0,"master_deck":["Strike_R","Strike_R","Defend_R","Defend_R","Defend_R","Bash","Rampage","Rage","Pommel Strike","Twin Strike","Berserk+1","Dark Embrace","Shrug It Off","Shockwave+1","Dark Embrace","Headbutt","Entrench+1","Demon Form","Iron Wave+1","Heavy Blade","Battle Trance","Exhume","Iron Wave"],"relics":["Burning Blood","Juzu Bracelet","Medical Kit","Centennial Puzzle","CeramicFish","Sozu","Lantern","Unceasing Top"],"acts_visited":["Exordium","TheCity"],"potions_floor_usage":[6,10,13,14],"damage_taken":[{"damage":2,"enemies":"Small Slimes","floor":1,"turns":8},{"damage":13,"enemies":"Jaw Worm","floor":4,"turns":5},{"damage":1,"enemies":"Cultist","floor":5,"turns":3},{"damage":47,"enemies":"3 Sentries","floor":6,"turns":10},{"damage":1,"enemies":"Exordium Wildlife","floor":10,"turns":3},{"damage":7,"enemies":"Lagavulin","floor":13,"turns":8},{"damage":4,"enemies":"Gremlin Gang","floor":14,"turns":3},{"damage":25,"enemies":"Slime Boss","floor":16,"turns":11},{"damage":20,"enemies":"2 Thieves","floor":18,"turns":4},{"damage":35,"enemies":"Book of Stabbing","floor":23,"turns":5},{"damage":30,"enemies":"Gremlin Leader","floor":25,"turns":7}],"seed_played":"-3196361626864543666","potions_obtained":[{"floor":1,"key":"GamblersBrew"},{"floor":6,"key":"DistilledChaos"},{"floor":10,"key":"Weak Potion"},{"floor":13,"key":"Explosive Potion"}],"is_trial":false,"path_per_floor":["M","?","?","M","M","E","R","$","T","M","R","$","E","M","R","B",null,"M","?","?","?","$","E","R","E"],"character_chosen":"IRONCLAD","items_purchased":["Medical Kit","Dark Embrace","Shrug It Off","Dark Embrace","Exhume"],"campfire_rested":1,"item_purchase_floors":[8,8,8,12,22],"current_hp_per_floor":[55,55,55,48,53,12,36,36,36,41,41,41,40,42,42,23,66,52,52,52,52,52,23,23,0,0],"gold":44,"neow_bonus":"REMOVE_TWO","is_daily":false,"chose_seed":false,"campfire_upgraded":3,"win_rate":0.0,"timestamp":1609634158,"path_taken":["M","?","?","?","M","E","R","$","T","M","R","?","E","M","R","BOSS","M","?","?","?","?","E","R","E"],"items_purchased_type":["Relic","Card","Card","Card","Card"],"build_version":"2020-12-22","purchased_purges":2,"victory":false,"max_hp_per_floor":[80,80,80,80,80,80,80,80,80,80,80,80,80,80,80,80,80,80,80,80,80,80,80,80,80,80],"card_choices":[{"not_picked":["Combust","Body Slam"],"picked":"Rampage","floor":1},{"not_picked":["Cleave","Rage"],"picked":"Pommel Strike","floor":4},{"not_picked":["Clash","Infernal Blade"],"picked":"Twin Strike","floor":5},{"not_picked":["Pummel","Clash"],"picked":"Berserk","floor":6},{"not_picked":["Body Slam","Thunderclap"],"picked":"Shockwave","floor":10},{"not_picked":["Flex","Sword Boomerang"],"picked":"Headbutt","floor":13},{"not_picked":["Twin Strike","Body Slam"],"picked":"Entrench","floor":14},{"not_picked":["Berserk","Exhume"],"picked":"Demon Form","floor":16},{"not_picked":["Twin Strike+1","Perfected Strike"],"picked":"Iron Wave+1","floor":18},{"not_picked":["Sword Boomerang","Warcry"],"picked":"Iron Wave","floor":23}],"player_experience":614578,"relics_obtained":[{"floor":6,"key":"Juzu Bracelet"},{"floor":9,"key":"Centennial Puzzle"},{"floor":13,"key":"CeramicFish"},{"floor":23,"key":"Unceasing Top"}],"event_choices":[{"damage_healed":0,"gold_gain":175,"player_choice":"AGREE","damage_taken":0,"max_hp_gain":0,"max_hp_loss":0,"event_name":"Liars Game","floor":2,"gold_loss":0,"cards_obtained":["Doubt"]},{"damage_healed":0,"gold_gain":0,"cards_transformed":["Defend_R"],"player_choice":"Change","damage_taken":0,"max_hp_gain":0,"max_hp_loss":0,"event_name":"Living Wall","floor":3,"gold_loss":0,"cards_obtained":["Rage"]},{"damage_healed":0,"gold_gain":0,"player_choice":"1 cards matched","damage_taken":0,"max_hp_gain":0,"max_hp_loss":0,"event_name":"Match and Keep!","floor":19,"gold_loss":0,"cards_obtained":["Heavy Blade"]},{"damage_healed":0,"gold_gain":0,"player_choice":"Opened","damage_taken":0,"relics_obtained":["Lantern"],"max_hp_gain":0,"max_hp_loss":0,"event_name":"The Mausoleum","floor":20,"gold_loss":0},{"damage_healed":0,"gold_gain":0,"player_choice":"Read","damage_taken":0,"max_hp_gain":0,"max_hp_loss":0,"event_name":"The Library","floor":21,"gold_loss":0,"cards_obtained":["Battle Trance"]}],"is_beta":false,"boss_relics":[{"not_picked":["Runic Pyramid","Black Blood"],"picked":"Sozu"}],"items_purged_floors":[8,22],"is_endless":false,"potions_floor_spawned":[1,6,10,13,18],"killed_by":"Gremlin Leader","ascension_level":9}}