{"host":"kw4o7b3ro2ktmmbe","time":1609718011,"event":{"mods":["BaseMod","Evolution","Minty Spire (QoL Compilation)","StSLib","The Runesmith","Wandering Minibosses"],"gold_per_floor":[118,133,133,143,155,155,180,195,195,195,220,220,248,248,248,350,350,336,336,336,353,363,395,421,455,455,480,395,395,93,93,93],"floor_reached":31,"playtime":6213,"items_purged":[],"score":404,"play_id":"97f59705-ac45-479d-a3c0-4fd56d24bcf3","local_time":"20210104125331","is_ascension_mode":true,"campfire_choices":[{"data":"Runesmith:ReplicatingBarrier","floor":6.0,"key":"SMITH"},{"data":"Runesmith:Grindstone","floor":10.0,"key":"SMITH"},{"data":"Runesmith:RunicBlueprint","floor":12.0,"key":"SMITH"},{"data":"Runesmith:RunicBlueprint","floor":15.0,"key":"SMITH"}],"circlet_count":0,"master_deck":["Runesmith:Strike_RS+1","Runesmith:Strike_RS","Runesmith:Strike_RS+1","Runesmith:Defend_RS","Runesmith:Defend_RS","Runesmith:Defend_RS","Runesmith:Defend_RS","Runesmith:CraftFirestone","Runesmith:Fortify","Runesmith:RunicBlueprint+1","Runesmith:RunicBlueprint+1","Runesmith:Grindstone+1","Runesmith:ReplicatingBarrier+1","Runesmith:Firewall","Runesmith:Grindstone","Runesmith:Attraction","Runesmith:DuctTape","Runesmith:BackupBattery+1","Runesmith:Refine","Runesmith:Accelerate"],"relics":["Runesmith:BrokenRuby","EVO:Axolotl","Strawberry","Sundial","Pantograph","Bag of Preparation","Black Star","Enchiridion","Blood Vial","TungstenRod","Juzu Bracelet","Toy Ornithopter","PreservedInsect","Regal Pillow","Whetstone","WingedGreaves","Orichalcum","Happy Flower","Akabeko"],"acts_visited":["Exordium","TheCity"],"potions_floor_usage":[22,27],"damage_taken":[{"damage":1.0,"enemies":"Cultist","floor":1.0,"turns":3.0},{"damage":0.0,"enemies":"Jaw Worm","floor":2.0,"turns":4.0},{"damage":1.0,"enemies":"2 Louse","floor":4.0,"turns":3.0},{"damage":0.0,"enemies":"Blue Slaver","floor":5.0,"turns":4.0},{"damage":7.0,"enemies":"3 Sentries","floor":7.0,"turns":7.0},{"damage":2.0,"enemies":"3 Louse","floor":8.0,"turns":7.0},{"damage":35.0,"enemies":"Gremlin Nob","floor":11.0,"turns":5.0},{"damage":0.0,"enemies":"Lagavulin","floor":13.0,"turns":7.0},{"damage":22.0,"enemies":"The Guardian","floor":16.0,"turns":14.0},{"damage":11.0,"enemies":"2 Thieves","floor":18.0,"turns":4.0},{"damage":16,"enemies":"Shell Parasite","floor":21,"turns":8},{"damage":0,"enemies":"Centurion and Healer","floor":22,"turns":12},{"damage":35,"enemies":"Gremlin Leader","floor":23,"turns":10},{"damage":0,"enemies":"Book of Stabbing","floor":25,"turns":9},{"damage":41,"enemies":"Slavers","floor":27,"turns":7},{"damage":8,"enemies":"Shelled Parasite and Fungi","floor":31,"turns":2}],"seed_played":"5202134925604843550","potions_obtained":[{"floor":5.0,"key":"Strength Potion"},{"floor":7.0,"key":"Strength Potion"},{"floor":8.0,"key":"Energy Potion"},{"floor":11.0,"key":"Energy Potion"},{"floor":13.0,"key":"Explosive Potion"},{"floor":18.0,"key":"Energy Potion"},{"floor":23,"key":"ColorlessPotion"}],"is_trial":false,"path_per_floor":["M","M","?","M","M","R","E","M","T","R","E","R","E","?","R","B",null,"M","?","?","M","M","E","T","E","T","E","?","?","$","M"],"character_chosen":"RUNESMITH_CLASS","items_purchased":["Happy Flower","Akabeko"],"campfire_rested":0,"item_purchase_floors":[30,30],"current_hp_per_floor":[76,76,76,75,75,75,75,73,73,73,38,38,38,43,43,46,89,78,62,89,73,73,38,38,40,40,6,6,6,6,0,0],"gold":93,"neow_bonus":"TEN_PERCENT_HP_BONUS","is_daily":false,"chose_seed":false,"campfire_upgraded":4,"win_rate":0.0,"timestamp":1609718011,"path_taken":["M","M","?","?","M","R","E","M","T","R","E","R","E","?","R","BOSS","M","?","?","M","M","E","?","E","T","E","?","?","$","M"],"items_purchased_type":["Relic","Relic"],"build_version":"2020-12-22","purchased_purges":0,"victory":false,"max_hp_per_floor":[77,77,77,77,77,77,84,84,84,84,84,84,84,89,89,89,89,89,89,89,89,89,89,89,89,89,89,89,89,89,89,89],"card_choices":[{"not_picked":["Runesmith:HammerThrow","Runesmith:MakeshiftArmor"],"picked":"Runesmith:RunicBlueprint","floor":1.0},{"not_picked":["Runesmith:ChiselStab","Runesmith:CraftProtectio"],"picked":"Runesmith:RunicBlueprint","floor":2.0},{"not_picked":["Runesmith:UnstableHammer","Runesmith:CraftProtectio"],"picked":"Runesmith:Grindstone","floor":4.0},{"not_picked":["Runesmith:EnergizedChisel","Runesmith:RuneHurl"],"picked":"Runesmith:ReplicatingBarrier","floor":5.0},{"not_picked":["Runesmith:EarthShield","Runesmith:ChiselStab"],"picked":"Runesmith:Firewall","floor":7.0},{"not_picked":["Runesmith:Repurpose","Runesmith:HeatedChisel"],"picked":"Runesmith:Grindstone","floor":8.0},{"not_picked":["Runesmith:Prism","Runesmith:Overpower"],"picked":"Runesmith:Attraction","floor":11.0},{"not_picked":["Runesmith:Malloc","Runesmith:ChiselStab","Runesmith:CraftProtectio"],"picked":"SKIP","floor":13.0},{"not_picked":["Runesmith:CraftPrismatica","Runesmith:ReplicatingBarrier"],"picked":"Runesmith:DuctTape","floor":16.0},{"not_picked":["Runesmith:HeatExchange","Runesmith:HammerThrow","Runesmith:Electrocute"],"picked":"SKIP","floor":18.0},{"not_picked":["Runesmith:ElementalConversion+1","Runesmith:StaticCage"],"picked":"Runesmith:BackupBattery+1","floor":21},{"not_picked":["Runesmith:RunicBlueprint","Runesmith:MakeshiftArmor","Runesmith:Repurpose"],"picked":"SKIP","floor":22},{"not_picked":["Runesmith:Discharge","Runesmith:EnergizedChisel+1","Runesmith:EarthShield"],"picked":"SKIP","floor":23},{"not_picked":["Runesmith:EarthShield","Runesmith:Superposition"],"picked":"Runesmith:Refine","floor":25},{"not_picked":["Runesmith:ShiftingStrike+1","Runesmith:Duplicate"],"picked":"Runesmith:Accelerate","floor":27}],"player_experience":1782307,"relics_obtained":[{"floor":7.0,"key":"Strawberry"},{"floor":9.0,"key":"Sundial"},{"floor":11.0,"key":"Pantograph"},{"floor":13.0,"key":"Bag of Preparation"},{"floor":19.0,"key":"Enchiridion"},{"floor":23,"key":"Blood Vial"},{"floor":23,"key":"TungstenRod"},{"floor":24,"key":"Juzu Bracelet"},{"floor":25,"key":"Toy Ornithopter"},{"floor":25,"key":"PreservedInsect"},{"floor":26,"key":"Regal Pillow"},{"floor":27,"key":"Whetstone"},{"floor":27,"key":"WingedGreaves"}],"event_choices":[{"cards_removed":["Runesmith:Strike_RS"],"damage_healed":0.0,"max_hp_gain":0.0,"max_hp_loss":0.0,"gold_gain":0.0,"event_name":"Wheel of Change","player_choice":"Card Removal","floor":3.0,"gold_loss":0.0,"damage_taken":0.0},{"damage_healed":0.0,"max_hp_gain":5.0,"max_hp_loss":0.0,"gold_gain":0.0,"event_name":"Big Fish","player_choice":"Donut","floor":14.0,"gold_loss":0.0,"damage_taken":0.0},{"damage_healed":0.0,"max_hp_gain":0.0,"max_hp_loss":0.0,"gold_gain":0.0,"event_name":"Cursed Tome","player_choice":"Obtained Book","floor":19.0,"gold_loss":0.0,"damage_taken":16.0},{"damage_healed":29,"gold_gain":0,"player_choice":"Heal","damage_taken":0,"max_hp_gain":0,"max_hp_loss":0,"event_name":"The Library","floor":20,"gold_loss":0},{"damage_healed":0,"gold_gain":0,"player_choice":"Obtained Relic","damage_taken":0,"relics_obtained":["Orichalcum"],"max_hp_gain":0,"max_hp_loss":0,"event_name":"Addict","floor":28,"gold_loss":85},{"damage_healed":0,"gold_gain":0,"player_choice":"Ignored","damage_taken":0,"max_hp_gain":0,"max_hp_loss":0,"event_name":"Ghosts","floor":29,"gold_loss":0}],"is_beta":false,"boss_relics":[{"not_picked":["Runic Dome","Runesmith:UraniumAnvil"],"picked":"Black Star"}],"items_purged_floors":[],"is_endless":false,"potions_floor_spawned":[5,7,8,11,13,18,23],"killed_by":"Shelled Parasite and Fungi","ascension_level":1}}