{"host":"7mo9b2f9hhzb5x6f","time":1609673859,"event":{"mods":["2.2 Compatiblity","ATMod(°¢èªMod)","Act Like it!","Arknights The Spire","BaseMod","Better-Laid Plans","LazyManMod","Library of Ruina","Library of Ruina Extra","Marked Mod","Minty Spire (QoL Compilation)","MostiFishMod","Spicy Shops","StSLib","TestMod","The Alterego","The Dragon Tamer","The Hayseed","The Marked","UnlockEverythingMod","Yakumo Yukari mod","¡¾¹¦ÄÜMod¡¿»ìãçÖ®»·ÐÞ¸´²¹¶¡"],"gold_per_floor":[19,35,49,67,17,42,42,54,54,68,36,36,65,78,78,177,177,190,210,210,223,223,223,223,223],"floor_reached":24,"playtime":1457,"items_purged":[],"score":235,"play_id":"ac48fdb7-4d52-48c0-861a-3fe2ae90a0cb","local_time":"20210103193739","is_ascension_mode":false,"campfire_choices":[{"data":"theMarked:Polarize","floor":7,"key":"SMITH"},{"data":"theMarked:Generate","floor":12,"key":"SMITH"},{"data":"theMarked:SoldierOfQuellstein","floor":15,"key":"SMITH"},{"data":"theMarked:Overthink","floor":23,"key":"SMITH"}],"circlet_count":0,"master_deck":["theMarked:Strike","theMarked:Strike","theMarked:Strike","theMarked:Defend","theMarked:Defend","theMarked:Defend","theMarked:SoldierOfQuellstein+1","AT_ShadowStep","theMarked:Aftermath","theMarked:ElectricStrings","theMarked:Static","theMarked:Polarize+1","theMarked:Generate+1","theMarked:HeightenedSenses","theMarked:PowerFlow","theMarked:Overthink+1","theMarked:PowerFlow","theMarked:Electrify","Writhe"],"relics":["theMarked:ArtifactOfAir","testmod-TestBox","DaveBox","AT_ATBox","testmod-TimeTraveler","SynthV:TestCard","Darkstone Periapt","Akabeko","Juzu Bracelet","testmod-CardMagician","testmod-Justice"],"acts_visited":["Exordium","TheCity"],"potions_floor_usage":[],"damage_taken":[{"damage":5,"enemies":"2 Louse","floor":1,"turns":2},{"damage":1,"enemies":"Jaw Worm","floor":2,"turns":3},{"damage":2,"enemies":"Small Slimes","floor":3,"turns":3},{"damage":1,"enemies":"Exordium Wildlife","floor":4,"turns":2},{"damage":24,"enemies":"Gremlin Nob","floor":6,"turns":4},{"damage":6,"enemies":"Exordium Thugs","floor":8,"turns":4},{"damage":3,"enemies":"Gremlin Gang","floor":10,"turns":3},{"damage":0,"enemies":"Lagavulin","floor":13,"turns":4},{"damage":6,"enemies":"Exordium Wildlife","floor":14,"turns":2},{"damage":16,"enemies":"Hexaghost","floor":16,"turns":8},{"damage":5,"enemies":"Chosen","floor":18,"turns":4},{"damage":10,"enemies":"Spheric Guardian","floor":19,"turns":3},{"damage":16,"enemies":"Centurion and Healer","floor":21,"turns":6},{"damage":56,"enemies":"Gremlin Leader","floor":24,"turns":5}],"seed_played":"-4689488238475655329","potions_obtained":[{"floor":6,"key":"DuplicationPotion"},{"floor":16,"key":"Energy Potion"},{"floor":18,"key":"ColorlessPotion"}],"is_trial":false,"path_per_floor":["M","M","M","M","?","E","R","M","T","M","$","R","E","M","R","B",null,"M","M","?","M","?","R","E"],"character_chosen":"THE_DEFAULT","items_purchased":["theMarked:HeightenedSenses"],"campfire_rested":0,"item_purchase_floors":[11],"current_hp_per_floor":[65,64,62,61,61,37,37,31,31,28,28,28,28,22,22,6,70,65,55,61,45,45,45,0,0],"gold":223,"neow_bonus":"REMOVE_TWO","is_daily":false,"chose_seed":false,"campfire_upgraded":4,"win_rate":0.0,"timestamp":1609673859,"path_taken":["M","M","M","M","?","E","R","M","T","M","$","R","E","M","R","BOSS","M","M","?","M","?","R","E"],"items_purchased_type":["Card"],"build_version":"2020-12-22","purchased_purges":0,"victory":false,"max_hp_per_floor":[70,70,70,70,70,70,70,70,70,70,70,70,70,70,70,70,70,70,70,76,76,76,76,76,76],"card_choices":[{"not_picked":["theMarked:Parry","theMarked:WastefulAttack"],"picked":"theMarked:Aftermath","floor":1},{"not_picked":["theMarked:Aftermath","theMarked:Opportunist","theMarked:KeepCalmAndFightOn","theMarked:Parry"],"picked":"theMarked:ElectricStrings","floor":2},{"not_picked":["theMarked:Electrocute","theMarked:Overthink","theMarked:SwordAndMagic","theMarked:EmpowerWeapon"],"picked":"theMarked:Static","floor":3},{"not_picked":["theMarked:Overthink","theMarked:SwordAndMagic","theMarked:TwofoldDefense","theMarked:TakeCover","theMarked:HeightenedSenses"],"picked":"SKIP","floor":4},{"not_picked":["theMarked:DeterminationOfTheMarked","theMarked:SwordAndMagic","theMarked:Convert","theMarked:Electrify"],"picked":"theMarked:Polarize","floor":6},{"not_picked":["theMarked:MagicAdept","theMarked:Frustration","theMarked:Parry","theMarked:LightningStrikesTwice"],"picked":"theMarked:Generate","floor":8},{"not_picked":["theMarked:Improvise","theMarked:ResourceFulStrike","theMarked:Aftermath","theMarked:WardOff","theMarked:TwofoldDefense"],"picked":"SKIP","floor":10},{"not_picked":["theMarked:ElectricStrings","theMarked:SwordAndMagic","theMarked:Vacuum","theMarked:SelfDefenseTraining"],"picked":"theMarked:PowerFlow","floor":13},{"not_picked":["theMarked:Frustration","theMarked:Convert","theMarked:EmpowerWeapon","theMarked:ReduceFriction"],"picked":"theMarked:Overthink","floor":14},{"not_picked":["theMarked:Parry","theMarked:SelfDefenseTraining","theMarked:AttractMetal+1","theMarked:DeterminationOfTheMarked"],"picked":"theMarked:PowerFlow","floor":18},{"not_picked":["theMarked:EmpowerWeapon+1","theMarked:Static","theMarked:Electrocute+1","theMarked:Frustration"],"picked":"theMarked:Electrify","floor":19},{"not_picked":["theMarked:ResourceFulStrike","theMarked:TunnelVision","theMarked:StartUp+1","theMarked:ElectricStrings+1","theMarked:ChainLightning+1"],"picked":"SKIP","floor":21}],"player_experience":96043,"relics_obtained":[{"floor":1,"key":"SynthV:TestCard"},{"floor":6,"key":"Darkstone Periapt"},{"floor":9,"key":"Akabeko"},{"floor":13,"key":"Juzu Bracelet"}],"event_choices":[{"cards_removed":["theMarked:Strike"],"damage_healed":0,"gold_gain":0,"player_choice":"Card Removal","damage_taken":0,"max_hp_gain":0,"max_hp_loss":0,"event_name":"The Cleric","floor":5,"gold_loss":50},{"damage_healed":0,"gold_gain":0,"player_choice":"Opened","damage_taken":0,"relics_obtained":["testmod-Justice"],"max_hp_gain":0,"max_hp_loss":0,"event_name":"The Mausoleum","floor":20,"gold_loss":0,"cards_obtained":["Writhe"]},{"damage_healed":0,"gold_gain":0,"player_choice":"Ignored","damage_taken":0,"max_hp_gain":0,"max_hp_loss":0,"event_name":"Vampires","floor":22,"gold_loss":0}],"is_beta":false,"boss_relics":[{"not_picked":["DiscerningMonocle","ExusiaiGun"],"picked":"testmod-CardMagician"}],"items_purged_floors":[],"is_endless":false,"potions_floor_spawned":[3,6,13,16,18],"killed_by":"Gremlin Leader","ascension_level":0}}