{"host":"jm9833yuloeli2yd","time":1609694928,"event":{"mods":["AchievementEnabler","BaseMod","Better Altar","Better Match","Better Note","Better Sensory Stone","Better Skull","Better Third Choice","Better Vampires","BetterRewards","Colored Map","Colored Powertips","DeckTracker","Marked Mod","Minty Spire (QoL Compilation)","Permanent Neow","Quick Restart","StSLib","SuperFastMode"],"gold_per_floor":[112,123,123,42,42,70,19,19,42,42,42,76,1,33,33,105,105,115,115,130,130,148,180,180,199,199,199,233,233,133,151,151,225,225,239,258,111,126,140,173,173,246,246,260,288,302,313,341,341,341,341,341,60,89,89],"floor_reached":56,"playtime":1869,"items_purged":["Strike_R","Strike_R","Defend_R"],"score":2481,"play_id":"5a5c6fbc-b796-4f2d-8be1-18184bb3a752","local_time":"20210103122848","is_ascension_mode":true,"campfire_choices":[{"data":"Inflame","floor":8.0,"key":"SMITH"},{"floor":11.0,"key":"REST"},{"data":"Heavy Blade","floor":15.0,"key":"SMITH"},{"data":"Demon Form","floor":24.0,"key":"SMITH"},{"data":"Dual Wield","floor":27.0,"key":"SMITH"},{"data":"Disarm","floor":29.0,"key":"SMITH"},{"data":"Shockwave","floor":32.0,"key":"SMITH"},{"floor":49.0,"key":"RECALL"},{"data":"Limit Break","floor":52.0,"key":"SMITH"}],"circlet_count":0,"master_deck":["AscendersBane","Strike_R+1","Defend_R","Bash+1","Heavy Blade+1","Shockwave+1","Inflame+1","Sword Boomerang","Reaper","Ghostly Armor","Demon Form+1","Body Slam","Dual Wield+1","Shrug It Off","Disarm+1","Exhume","Shrug It Off","Fiend Fire","Carnage+1","Fire Breathing+1","Feed+1","Limit Break+1","Pommel Strike+1","Uppercut"],"relics":["Burning Blood","ClockworkSouvenir","Turnip","Whetstone","Bag of Marbles","Red Skull","Ornamental Fan","Snecko Eye","Unceasing Top","Bottled Tornado","Strawberry","Tiny Chest","Astrolabe","Medical Kit","StrikeDummy","Toy Ornithopter","Boot","Meat on the Bone","Nunchaku","Calipers"],"acts_visited":["Exordium","TheCity","TheBeyond","TheEnding"],"potions_floor_usage":[55],"damage_taken":[{"damage":8.0,"enemies":"2 Louse","floor":1.0,"turns":5.0},{"damage":1.0,"enemies":"Cultist","floor":2.0,"turns":3.0},{"damage":35.0,"enemies":"3 Sentries","floor":6.0,"turns":7.0},{"damage":0.0,"enemies":"Gremlin Nob","floor":12.0,"turns":2.0},{"damage":15.0,"enemies":"Lagavulin","floor":14.0,"turns":4.0},{"damage":33.0,"enemies":"The Guardian","floor":16.0,"turns":15.0},{"damage":4.0,"enemies":"Shell Parasite","floor":18.0,"turns":3.0},{"damage":29.0,"enemies":"2 Thieves","floor":20.0,"turns":4.0},{"damage":34.0,"enemies":"Snake Plant","floor":22.0,"turns":4.0},{"damage":11.0,"enemies":"Book of Stabbing","floor":23.0,"turns":4.0},{"damage":14.0,"enemies":"3 Cultists","floor":25.0,"turns":4.0},{"damage":21.0,"enemies":"Gremlin Leader","floor":28.0,"turns":4.0},{"damage":17.0,"enemies":"Centurion and Healer","floor":31.0,"turns":4.0},{"damage":22.0,"enemies":"Collector","floor":33.0,"turns":6.0},{"damage":13.0,"enemies":"Orb Walker","floor":35.0,"turns":4.0},{"damage":33.0,"enemies":"3 Darklings","floor":36.0,"turns":5.0},{"damage":40.0,"enemies":"Transient","floor":38.0,"turns":5.0},{"damage":19.0,"enemies":"Maw","floor":39.0,"turns":5.0},{"damage":31.0,"enemies":"Giant Head","floor":40.0,"turns":6.0},{"damage":31.0,"enemies":"Sphere and 2 Shapes","floor":44.0,"turns":3.0},{"damage":25.0,"enemies":"Reptomancer","floor":45.0,"turns":3.0},{"damage":24.0,"enemies":"Spire Growth","floor":46.0,"turns":3.0},{"damage":8.0,"enemies":"Transient","floor":47.0,"turns":5.0},{"damage":5.0,"enemies":"Giant Head","floor":48.0,"turns":3.0},{"damage":46.0,"enemies":"Donu and Deca","floor":50.0,"turns":4.0},{"damage":72.0,"enemies":"Shield and Spear","floor":54.0,"turns":4.0},{"damage":148,"enemies":"The Heart","floor":55,"turns":7}],"seed_played":"6723690315949498396","potions_obtained":[{"floor":6.0,"key":"FearPotion"},{"floor":14.0,"key":"Regen Potion"},{"floor":16.0,"key":"EssenceOfSteel"},{"floor":21.0,"key":"GamblersBrew"},{"floor":28.0,"key":"SteroidPotion"}],"is_trial":false,"path_per_floor":["M","M","?","$","?","E","$","R","T","?","R","E","$","E","R","B",null,"M","?","M","?","M","E","R","M","T","R","E","R","$","M","R","B",null,"M","M","$","M","M","E","?","T","T","M","E","M","M","E","R","B",null,"R","$","E","B",null],"character_chosen":"IRONCLAD","items_purchased":["ClockworkSouvenir","Fire Potion","Inflame","SteroidPotion","Medical Kit","Nunchaku"],"campfire_rested":1,"item_purchase_floors":[0,0,4,7,37,53],"current_hp_per_floor":[66,71,71,71,68,39,39,39,39,44,68,74,74,65,65,61,75,77,77,58,58,53,48,48,79,86,86,71,71,71,87,87,87,87,87,87,87,68,55,55,55,55,55,34,49,79,89,90,90,62,84,84,84,91,51],"gold":89,"neow_bonus":"","is_daily":false,"chose_seed":false,"campfire_upgraded":7,"win_rate":0.0,"timestamp":1609694928,"path_taken":["M","M","?","?","?","E","$","R","T","?","R","E","$","E","R","BOSS","M","?","?","?","M","E","R","M","T","R","E","R","?","?","R","BOSS","M","M","$","M","M","E","?","?","T","M","E","?","M","E","R","BOSS","R","$","E","BOSS"],"items_purchased_type":["Relic","Potion","Card","Potion","Relic","Relic"],"build_version":"2020-12-22","purchased_purges":3,"victory":true,"max_hp_per_floor":[75,75,75,75,75,75,75,75,75,80,80,80,80,80,80,80,80,80,80,80,80,80,80,80,80,87,87,87,87,87,87,87,87,87,87,87,87,87,87,87,83,83,83,87,91,91,91,91,91,91,91,91,91,91,95],"card_choices":[{"not_picked":["Flex","Havoc"],"picked":"Heavy Blade","floor":1.0},{"not_picked":["Shrug It Off","Pummel"],"picked":"Shockwave","floor":2.0},{"not_picked":["Flex","Thunderclap"],"picked":"Sword Boomerang","floor":6.0},{"not_picked":["Flex","Twin Strike"],"picked":"Reaper","floor":12.0},{"not_picked":["Havoc","Reckless Charge"],"picked":"Ghostly Armor","floor":14.0},{"not_picked":["Corruption","Limit Break"],"picked":"Demon Form","floor":16.0},{"not_picked":["Carnage","Thunderclap"],"picked":"Body Slam","floor":18.0},{"not_picked":["Infernal Blade","Headbutt"],"picked":"Dual Wield","floor":20.0},{"not_picked":["Body Slam","Warcry"],"picked":"Shrug It Off","floor":22.0},{"not_picked":["Rampage","Warcry"],"picked":"Disarm","floor":23.0},{"not_picked":["Thunderclap","Combust+1"],"picked":"Exhume","floor":25.0},{"not_picked":["True Grit","Twin Strike","Inflame"],"picked":"SKIP","floor":28.0},{"not_picked":["Second Wind","True Grit"],"picked":"Shrug It Off","floor":31.0},{"not_picked":["Berserk","Feed"],"picked":"Fiend Fire","floor":33.0},{"not_picked":["Feel No Pain+1","Flex","Infernal Blade"],"picked":"SKIP","floor":35.0},{"not_picked":["Pummel","Havoc","Flex"],"picked":"SKIP","floor":36.0},{"not_picked":["Rampage","Pommel Strike+1","Searing Blow"],"picked":"SKIP","floor":38.0},{"not_picked":["Armaments","Ghostly Armor","Iron Wave"],"picked":"SKIP","floor":39.0},{"not_picked":["Thunderclap","Infernal Blade+1"],"picked":"Limit Break","floor":40.0},{"not_picked":["Clothesline","Cleave","Wild Strike"],"picked":"SKIP","floor":44.0},{"not_picked":["Iron Wave","True Grit"],"picked":"Pommel Strike+1","floor":45.0},{"not_picked":["True Grit+1","Berserk"],"picked":"Uppercut","floor":46.0},{"not_picked":["Combust","Clothesline","Thunderclap"],"picked":"SKIP","floor":47.0},{"not_picked":["Anger","Sever Soul+1","Hemokinesis"],"picked":"SKIP","floor":48.0},{"not_picked":["Second Wind","Shrug It Off","Rupture"],"picked":"SKIP","floor":54.0}],"player_experience":1247954,"relics_obtained":[{"floor":6.0,"key":"Whetstone"},{"floor":9.0,"key":"Bag of Marbles"},{"floor":12.0,"key":"Red Skull"},{"floor":14.0,"key":"Ornamental Fan"},{"floor":19.0,"key":"Unceasing Top"},{"floor":23.0,"key":"Bottled Tornado"},{"floor":26.0,"key":"Strawberry"},{"floor":28.0,"key":"Tiny Chest"},{"floor":40.0,"key":"StrikeDummy"},{"floor":43.0,"key":"Toy Ornithopter"},{"floor":45.0,"key":"Boot"},{"floor":48.0,"key":"Meat on the Bone"},{"floor":54.0,"key":"Calipers"}],"event_choices":[{"cards_removed":["Strike_R"],"damage_healed":0.0,"max_hp_gain":0.0,"max_hp_loss":0.0,"gold_gain":0.0,"event_name":"Bonfire Elementals","player_choice":"Offered Basic","floor":3.0,"gold_loss":0.0,"damage_taken":0.0},{"damage_healed":0.0,"max_hp_gain":0.0,"max_hp_loss":0.0,"gold_gain":0.0,"event_name":"betterThird:BetterScrap","player_choice":"Relic ","floor":5.0,"gold_loss":0.0,"damage_taken":3.0,"cards_obtained":["Endless Agony"]},{"damage_healed":0.0,"max_hp_gain":5.0,"max_hp_loss":0.0,"gold_gain":0.0,"event_name":"Big Fish","player_choice":"Donut","floor":10.0,"gold_loss":0.0,"damage_taken":0.0},{"damage_healed":0.0,"max_hp_gain":0.0,"max_hp_loss":0.0,"gold_gain":0.0,"event_name":"Wheel of Change","player_choice":"Relic","floor":19.0,"gold_loss":0.0,"damage_taken":0.0},{"damage_healed":0.0,"max_hp_gain":0.0,"max_hp_loss":0.0,"gold_gain":0.0,"event_name":"Lab","player_choice":"Got Potions","floor":21.0,"gold_loss":0.0,"damage_taken":0.0},{"damage_healed":0.0,"max_hp_gain":0.0,"max_hp_loss":4.0,"gold_gain":0.0,"event_name":"Winding Halls","player_choice":"Max HP","floor":41.0,"gold_loss":0.0,"damage_taken":0.0}],"is_beta":false,"boss_relics":[{"not_picked":["Tiny House","Calling Bell"],"picked":"Snecko Eye"},{"not_picked":["Runic Dome","Runic Pyramid"],"picked":"Astrolabe"}],"items_purged_floors":[13,30,53],"is_endless":false,"potions_floor_spawned":[6,14,16,22,28,31,33,35,36,45,46],"ascension_level":14}}