{"host":"j0vzbnzm6n2ctevn","time":1609659037,"event":{"mods":["AchievementEnabler","BaseMod","Minty Spire (QoL Compilation)","Quick Restart","Shop Mod","Spicy Shops","StSLib"],"gold_per_floor":[116,41,216,230,248,248,281,281,334,334,13,40,100,124,124,223,223,240,165,165,165,177,177,205,14,14,33,33,33],"floor_reached":28,"playtime":941,"items_purged":["Strike_R","Doubt"],"score":303,"play_id":"df3d47a5-1dc7-441a-bd48-6e94a36ae875","local_time":"20210103153037","is_ascension_mode":true,"campfire_choices":[{"data":"Flex","floor":6.0,"key":"SMITH"},{"floor":8.0,"key":"REST"},{"data":"Spot Weakness","floor":10.0,"key":"SMITH"},{"floor":15.0,"key":"REST"},{"data":"Bludgeon","floor":23,"key":"SMITH"}],"circlet_count":0,"master_deck":["Strike_R","Strike_R","Defend_R","Defend_R","Defend_R","Defend_R","Burning Pact","Spot Weakness+1","Flex+1","Reaper","Sword Boomerang","Bludgeon+1","Thunderclap","Carnage","Searing Blow","Barricade","J.A.X.","Writhe","Shrug It Off","Heavy Blade+1"],"relics":["Burning Blood","NeowsBlessing","Red Skull","Ancient Tea Set","Vajra","Orrery","Blood Vial","Art of War","Lantern","Empty Cage","Toy Ornithopter","Orichalcum","Membership Card","Dream Catcher","Bag of Preparation"],"acts_visited":["Exordium","TheCity"],"potions_floor_usage":[16,22,24],"damage_taken":[{"damage":0.0,"enemies":"Cultist","floor":1.0,"turns":1.0},{"damage":0.0,"enemies":"Jaw Worm","floor":4.0,"turns":1.0},{"damage":0.0,"enemies":"Small Slimes","floor":5.0,"turns":1.0},{"damage":79.0,"enemies":"Gremlin Nob","floor":7.0,"turns":6.0},{"damage":10.0,"enemies":"3 Sentries","floor":12.0,"turns":4.0},{"damage":36.0,"enemies":"Lagavulin Event","floor":13.0,"turns":3.0},{"damage":18,"enemies":"Slime Boss","floor":16,"turns":6},{"damage":33,"enemies":"2 Thieves","floor":18,"turns":3},{"damage":25,"enemies":"Spheric Guardian","floor":22,"turns":4},{"damage":39,"enemies":"Gremlin Leader","floor":24,"turns":6},{"damage":23,"enemies":"Centurion and Healer","floor":27,"turns":7},{"damage":57,"enemies":"Book of Stabbing","floor":28,"turns":5}],"seed_played":"-3494494433507294474","potions_obtained":[{"floor":1.0,"key":"Strength Potion"},{"floor":4.0,"key":"LiquidBronze"},{"floor":5.0,"key":"FearPotion"},{"floor":12.0,"key":"ColorlessPotion"},{"floor":16,"key":"Energy Potion"},{"floor":22,"key":"BlessingOfTheForge"}],"is_trial":false,"path_per_floor":["M","$","?","M","M","R","E","R","T","R","$","E","?","T","R","B",null,"M","?","?","?","M","R","E","$","T","M","E"],"character_chosen":"IRONCLAD","items_purchased":["Vajra","Orrery","Membership Card","Dream Catcher"],"campfire_rested":2,"item_purchase_floors":[11,11,25,25],"current_hp_per_floor":[80,80,80,80,80,80,7,31,31,31,31,37,9,9,33,41,70,45,45,45,45,48,48,52,52,52,51,0,0],"gold":33,"neow_bonus":"THREE_ENEMY_KILL","is_daily":false,"chose_seed":false,"campfire_upgraded":3,"win_rate":0.0,"timestamp":1609659037,"path_taken":["M","?","?","?","M","R","E","R","T","R","$","E","?","?","R","BOSS","M","?","?","?","M","R","E","$","T","?","E"],"items_purchased_type":["Relic","Relic","Relic","Relic"],"build_version":"2020-12-22","purchased_purges":2,"victory":false,"max_hp_per_floor":[80,80,80,80,80,80,80,80,80,80,80,80,80,80,80,80,80,80,80,80,80,80,80,80,80,80,80,80,80],"card_choices":[{"not_picked":["Anger","Clothesline"],"picked":"Burning Pact","floor":1.0},{"not_picked":["Dual Wield","Blood for Blood"],"picked":"Spot Weakness","floor":4.0},{"not_picked":["Headbutt","Wild Strike"],"picked":"Flex","floor":5.0},{"not_picked":["Clothesline","Dropkick","Rage"],"picked":"SKIP","floor":7.0},{"not_picked":["Headbutt","Clash"],"picked":"Reaper","floor":11.0},{"not_picked":["Combust","Body Slam"],"picked":"Sword Boomerang","floor":11.0},{"not_picked":["Evolve","Clothesline"],"picked":"Bludgeon","floor":11.0},{"not_picked":["Clothesline","Berserk"],"picked":"Thunderclap","floor":11.0},{"not_picked":["Burning Pact","True Grit"],"picked":"Carnage","floor":11.0},{"not_picked":["Cleave","Sentinel"],"picked":"Searing Blow","floor":12.0},{"not_picked":["Bludgeon","Corruption"],"picked":"Barricade","floor":16},{"not_picked":["Headbutt","Fire Breathing","Warcry+1"],"picked":"SKIP","floor":18},{"not_picked":["Combust","Anger","Clothesline+1"],"picked":"SKIP","floor":22},{"not_picked":["Pommel Strike","True Grit"],"picked":"Shrug It Off","floor":24},{"not_picked":["Perfected Strike+1","Pommel Strike"],"picked":"Heavy Blade+1","floor":27}],"player_experience":101375,"relics_obtained":[{"floor":7.0,"key":"Red Skull"},{"floor":9.0,"key":"Ancient Tea Set"},{"floor":12.0,"key":"Blood Vial"},{"floor":14.0,"key":"Lantern"},{"floor":24,"key":"Orichalcum"},{"floor":26,"key":"Bag of Preparation"}],"event_choices":[{"damage_healed":0.0,"max_hp_gain":0.0,"max_hp_loss":0.0,"gold_gain":175.0,"event_name":"Liars Game","player_choice":"AGREE","floor":3.0,"gold_loss":0.0,"damage_taken":0.0,"cards_obtained":["Doubt"]},{"damage_healed":0.0,"max_hp_gain":0.0,"max_hp_loss":0.0,"gold_gain":0.0,"event_name":"Dead Adventurer","player_choice":"Searched \u00273\u0027 times","floor":13.0,"gold_loss":0.0,"damage_taken":0.0,"relics_obtained":["Art of War"]},{"cards_removed":["Bash"],"damage_healed":0,"gold_gain":0,"player_choice":"Gave Gold","damage_taken":0,"max_hp_gain":0,"max_hp_loss":0,"event_name":"Beggar","floor":19,"gold_loss":75},{"damage_healed":0,"gold_gain":0,"player_choice":"Obtain J.A.X.","damage_taken":0,"max_hp_gain":0,"max_hp_loss":0,"event_name":"Drug Dealer","floor":20,"gold_loss":0,"cards_obtained":["J.A.X."]},{"damage_healed":0,"gold_gain":0,"player_choice":"Opened","damage_taken":0,"relics_obtained":["Toy Ornithopter"],"max_hp_gain":0,"max_hp_loss":0,"event_name":"The Mausoleum","floor":21,"gold_loss":0,"cards_obtained":["Writhe"]}],"is_beta":false,"boss_relics":[{"not_picked":["Runic Cube","Astrolabe"],"picked":"Empty Cage"}],"items_purged_floors":[2,11],"is_endless":false,"potions_floor_spawned":[1,4,5,12,16,22],"killed_by":"Book of Stabbing","ascension_level":5}}