{"host":"3qkmyeoym75lj4wn","time":1609679686,"event":{"mods":["2.2 Compatiblity","BaseMod","Block Reminder","Colored Powertips","Highlight Path","Minty Spire (QoL Compilation)","Permanent Neow","Potion Indicator Mod","Rare Cards Sparkle","Relic Stats","StSLib"],"gold_per_floor":[113,113,128,139,151,151,151],"floor_reached":6,"playtime":246,"items_purged":[],"score":76,"play_id":"01a5b0e5-c61d-4474-b5d3-894edb61627b","local_time":"20210103131446","is_ascension_mode":true,"campfire_choices":[],"circlet_count":0,"master_deck":["AscendersBane","Strike_B","Strike_B","Strike_B","Strike_B","Defend_B","Defend_B","Defend_B","Defend_B","Zap","Dualcast","Conserve Battery","Coolheaded","Leap","Steam"],"relics":["Cracked Core","Juzu Bracelet"],"acts_visited":["Exordium"],"potions_floor_usage":[4,6],"damage_taken":[{"damage":0,"enemies":"Small Slimes","floor":1,"turns":3},{"damage":7,"enemies":"Jaw Worm","floor":3,"turns":4},{"damage":3,"enemies":"2 Louse","floor":4,"turns":3},{"damage":22,"enemies":"Exordium Thugs","floor":5,"turns":5},{"damage":40,"enemies":"3 Sentries","floor":6,"turns":6}],"seed_played":"-114112223346316034","potions_obtained":[{"floor":3,"key":"Energy Potion"},{"floor":5,"key":"FocusPotion"}],"is_trial":false,"path_per_floor":["M","?","M","M","M","E"],"character_chosen":"DEFECT","items_purchased":[],"campfire_rested":0,"item_purchase_floors":[],"current_hp_per_floor":[64,64,57,54,32,0,0],"gold":151,"neow_bonus":"RANDOM_COMMON_RELIC","is_daily":false,"chose_seed":false,"campfire_upgraded":0,"win_rate":0.0,"timestamp":1609679686,"path_taken":["M","?","M","M","M","E"],"items_purchased_type":[],"build_version":"2020-12-22","purchased_purges":0,"victory":false,"max_hp_per_floor":[71,71,71,71,71,71,71],"relic_stats":{"counters":[5,21],"Juzu Bracelet":0,"obtain_stats":[{"Juzu Bracelet":0,"Cracked Core":0},{"Juzu Bracelet":0,"Cracked Core":0},{"Juzu Bracelet":0,"Cracked Core":0}]},"card_choices":[{"not_picked":["Beam Cell","Rebound"],"picked":"Conserve Battery","floor":1},{"not_picked":["Undo","Go for the Eyes"],"picked":"Coolheaded","floor":3},{"not_picked":["Redo","Loop"],"picked":"Leap","floor":4},{"not_picked":["Conserve Battery","Undo"],"picked":"Steam","floor":5}],"player_experience":1646138,"relics_obtained":[],"event_choices":[{"damage_healed":0,"gold_gain":0,"player_choice":"Ignored","damage_taken":0,"max_hp_gain":0,"max_hp_loss":0,"event_name":"Shining Light","floor":2,"gold_loss":0}],"is_beta":false,"boss_relics":[],"items_purged_floors":[],"is_endless":false,"potions_floor_spawned":[3,5],"killed_by":"3 Sentries","ascension_level":20}}