{"host":"p4v0hquynnreu717","time":1609693544,"event":{"mods":["BaseMod","Better Vampires","DeckTracker","Googly Eyes","Minty Spire (QoL Compilation)","Quick Restart","StSLib","SuperFastMode"],"gold_per_floor":[112,112,37,50,50,50,88,88,112,12,28,28,72,93,93,189,189,205,205,80,130,143,143,176,226,273,286,286,327,327,340,340,438,438,454,454,17,0,25,25,63,63,110,149,163,163,163,182,182,182],"floor_reached":51,"playtime":1697,"items_purged":["Strike_B","Strike_B","Zap"],"score":1545,"play_id":"0ce2d12b-05f4-4f78-b5da-6b85ada8d057","local_time":"20210104010544","is_ascension_mode":true,"campfire_choices":[{"data":"Sunder","floor":6.0,"key":"SMITH"},{"data":"Hologram","floor":8.0,"key":"SMITH"},{"data":"Dualcast","floor":12.0,"key":"SMITH"},{"data":"Coolheaded","floor":15.0,"key":"SMITH"},{"data":"Defragment","floor":23.0,"key":"SMITH"},{"floor":28.0,"key":"REST"},{"floor":32.0,"key":"REST"},{"data":"Creative AI","floor":40.0,"key":"SMITH"},{"data":"Multi-Cast","floor":42.0,"key":"SMITH"},{"floor":46.0,"key":"REST"},{"data":"Apotheosis","floor":49,"key":"SMITH"}],"circlet_count":0,"master_deck":["AscendersBane","Defend_B","Dualcast+1","Hologram+1","Coolheaded+1","Chill","Creative AI+1","Capacitor+1","Double Energy+1","Storm+1","Defragment+1","Multi-Cast+1","Genetic Algorithm","BootSequence","Amplify","Master of Strategy","Apotheosis+1","Madness"],"relics":["Cracked Core","NeowsBlessing","Golden Idol","Art of War","Whetstone","Ginger","Astrolabe","Regal Pillow","Bronze Scales","Akabeko","Calling Bell","Anchor","InkBottle","Peace Pipe","FossilizedHelix","PrismaticShard","Red Mask","Ancient Tea Set","Potion Belt","Nunchaku","Letter Opener"],"acts_visited":["Exordium","TheCity","TheBeyond"],"potions_floor_usage":[50],"damage_taken":[{"damage":0.0,"enemies":"Jaw Worm","floor":1.0,"turns":1.0},{"damage":0.0,"enemies":"2 Louse","floor":4.0,"turns":1.0},{"damage":0.0,"enemies":"Lagavulin","floor":7.0,"turns":1.0},{"damage":1.0,"enemies":"Cultist","floor":11.0,"turns":3.0},{"damage":22.0,"enemies":"3 Sentries","floor":13.0,"turns":9.0},{"damage":7.0,"enemies":"Exordium Wildlife","floor":14.0,"turns":3.0},{"damage":24.0,"enemies":"Slime Boss","floor":16.0,"turns":12.0},{"damage":9.0,"enemies":"Shell Parasite","floor":18.0,"turns":8.0},{"damage":2.0,"enemies":"Spheric Guardian","floor":22.0,"turns":6.0},{"damage":15.0,"enemies":"Slavers","floor":24.0,"turns":5.0},{"damage":0.0,"enemies":"Chosen and Byrds","floor":27.0,"turns":5.0},{"damage":25.0,"enemies":"Book of Stabbing","floor":29.0,"turns":4.0},{"damage":4.0,"enemies":"Snake Plant","floor":31.0,"turns":4.0},{"damage":37.0,"enemies":"Champ","floor":33.0,"turns":8.0},{"damage":0.0,"enemies":"3 Shapes","floor":35.0,"turns":4.0},{"damage":0.0,"enemies":"Giant Head","floor":41.0,"turns":7.0},{"damage":73.0,"enemies":"Reptomancer","floor":44.0,"turns":5.0},{"damage":0.0,"enemies":"Orb Walker","floor":45.0,"turns":3.0},{"damage":2,"enemies":"3 Darklings","floor":48,"turns":7},{"damage":0,"enemies":"Awakened One","floor":50,"turns":8}],"seed_played":"4880782624712282345","potions_obtained":[{"floor":4.0,"key":"SkillPotion"},{"floor":7.0,"key":"FairyPotion"},{"floor":16.0,"key":"CultistPotion"},{"floor":18.0,"key":"LiquidMemories"},{"floor":29.0,"key":"SkillPotion"},{"floor":33.0,"key":"Strength Potion"},{"floor":35.0,"key":"Regen Potion"},{"floor":44.0,"key":"SpeedPotion"},{"floor":48,"key":"PowerPotion"}],"is_trial":false,"path_per_floor":["M","?","$","M","?","R","E","R","T","$","M","R","E","M","R","B",null,"M","?","$","?","M","R","E","?","T","M","R","E","?","M","R","B",null,"M","?","$","?","T","R","E","R","T","E","M","R","?","M","R","B",null],"character_chosen":"DEFECT","items_purchased":["FossilizedHelix","PrismaticShard"],"campfire_rested":3,"item_purchase_floors":[37,37],"current_hp_per_floor":[64,64,64,64,60,60,60,60,60,60,59,59,37,30,30,6,50,41,41,41,35,33,33,18,18,18,18,52,27,21,17,51,14,52,52,52,52,52,52,52,52,52,52,19,19,53,53,51,51,51],"gold":182,"neow_bonus":"THREE_ENEMY_KILL","is_daily":false,"chose_seed":false,"campfire_upgraded":8,"win_rate":0.0,"timestamp":1609693544,"path_taken":["M","?","$","M","?","R","E","R","T","$","M","R","E","?","R","BOSS","M","?","$","?","?","R","E","?","T","M","R","E","?","M","R","BOSS","M","?","$","?","?","R","E","R","T","E","?","R","?","M","R","BOSS"],"items_purchased_type":["Relic","Relic"],"build_version":"2020-12-22","purchased_purges":3,"victory":true,"max_hp_per_floor":[71,64,64,64,64,64,64,64,64,64,64,64,64,64,64,64,64,64,64,64,64,64,64,64,64,64,64,64,64,64,64,64,64,64,64,64,64,64,64,64,64,64,64,64,64,64,64,64,64,64],"card_choices":[{"not_picked":["Leap","Sweeping Beam"],"picked":"Sunder","floor":1.0},{"not_picked":["Barrage","Cold Snap","Rebound"],"picked":"SKIP","floor":4.0},{"not_picked":["Reprogram","Conserve Battery"],"picked":"Hologram","floor":7.0},{"not_picked":["Streamline","Hello World"],"picked":"Coolheaded","floor":11.0},{"not_picked":["Doom and Gloom","Cold Snap"],"picked":"Chill","floor":13.0},{"not_picked":["Barrage","Melter","Steam"],"picked":"SKIP","floor":14.0},{"not_picked":["Thunder Strike","Seek"],"picked":"Creative AI","floor":16.0},{"not_picked":["Go for the Eyes","Leap"],"picked":"Defragment","floor":18.0},{"not_picked":["Conserve Battery","Cold Snap","Gash"],"picked":"SKIP","floor":22.0},{"not_picked":["Force Field","Lockon","Rebound+1"],"picked":"SKIP","floor":24.0},{"not_picked":["Gash","Beam Cell","Cold Snap"],"picked":"SKIP","floor":27.0},{"not_picked":["Chaos","Conserve Battery"],"picked":"BootSequence","floor":29.0},{"not_picked":["Chaos+1","Steam","Streamline"],"picked":"SKIP","floor":31.0},{"not_picked":["Meteor Strike","Hyperbeam"],"picked":"Amplify","floor":33.0},{"not_picked":["Coolheaded","Glacier","Streamline"],"picked":"SKIP","floor":35.0},{"not_picked":["Compile Driver","SashWhip"],"picked":"Master of Strategy","floor":41.0},{"not_picked":["Body Slam","Pommel Strike+1","Envenom"],"picked":"SKIP","floor":44.0},{"not_picked":["Dodge and Roll","Cold Snap+1","Quick Slash"],"picked":"SKIP","floor":45.0},{"not_picked":["Swift Strike","HandOfGreed"],"picked":"Apotheosis","floor":47},{"not_picked":["Perfected Strike","Bane"],"picked":"Madness","floor":48}],"player_experience":749595,"relics_obtained":[{"floor":7.0,"key":"Art of War"},{"floor":9.0,"key":"Whetstone"},{"floor":13.0,"key":"Ginger"},{"floor":24.0,"key":"Regal Pillow"},{"floor":26.0,"key":"Bronze Scales"},{"floor":29.0,"key":"Akabeko"},{"floor":34.0,"key":"Anchor"},{"floor":34.0,"key":"InkBottle"},{"floor":34.0,"key":"Peace Pipe"},{"floor":39.0,"key":"Ancient Tea Set"},{"floor":41.0,"key":"Potion Belt"},{"floor":43.0,"key":"Nunchaku"},{"floor":44.0,"key":"Letter Opener"}],"event_choices":[{"damage_healed":0.0,"max_hp_gain":0.0,"max_hp_loss":7.0,"gold_gain":0.0,"event_name":"Golden Idol","player_choice":"Lose Max HP","floor":2.0,"gold_loss":0.0,"damage_taken":0.0,"relics_obtained":["Golden Idol"]},{"damage_healed":0.0,"max_hp_gain":0.0,"max_hp_loss":0.0,"gold_gain":0.0,"event_name":"The Woman in Blue","player_choice":"Bought 0 Potions","floor":5.0,"gold_loss":0.0,"damage_taken":0.0},{"damage_healed":0.0,"max_hp_gain":0.0,"max_hp_loss":0.0,"gold_gain":0.0,"cards_transformed":["Defend_B","Defend_B"],"event_name":"Drug Dealer","player_choice":"Became Test Subject","floor":19.0,"gold_loss":0.0,"damage_taken":0.0,"cards_obtained":["Multi-Cast","Genetic Algorithm"]},{"damage_healed":0.0,"max_hp_gain":0.0,"max_hp_loss":0.0,"gold_gain":50.0,"event_name":"FaceTrader","player_choice":"Touch","floor":21.0,"gold_loss":0.0,"damage_taken":6.0},{"damage_healed":0.0,"max_hp_gain":0.0,"max_hp_loss":0.0,"gold_gain":50.0,"event_name":"Nest","player_choice":"Stole From Cult","floor":25.0,"gold_loss":0.0,"damage_taken":0.0},{"damage_healed":0.0,"max_hp_gain":0.0,"max_hp_loss":0.0,"gold_gain":0.0,"event_name":"Knowing Skull","player_choice":"","floor":30.0,"potions_obtained":[],"gold_loss":0.0,"damage_taken":6.0,"cards_obtained":[]},{"cards_removed":["Sunder"],"damage_healed":0.0,"max_hp_gain":0.0,"max_hp_loss":0.0,"gold_gain":0.0,"event_name":"Falling","player_choice":"Removed Attack","floor":36.0,"gold_loss":0.0,"damage_taken":0.0},{"damage_healed":0.0,"max_hp_gain":0.0,"max_hp_loss":0.0,"gold_gain":0.0,"event_name":"Tomb of Lord Red Mask","player_choice":"Paid","floor":38.0,"gold_loss":17.0,"damage_taken":0.0,"relics_obtained":["Red Mask"]},{"damage_healed":0,"gold_gain":0,"player_choice":"Memory 1","damage_taken":0,"max_hp_gain":0,"max_hp_loss":0,"event_name":"SensoryStone","floor":47,"gold_loss":0}],"is_beta":false,"boss_relics":[{"not_picked":["Philosopher\u0027s Stone","Runic Dome"],"picked":"Astrolabe"},{"not_picked":["Busted Crown","Inserter"],"picked":"Calling Bell"}],"items_purged_floors":[3,10,20],"is_endless":false,"potions_floor_spawned":[4,7,16,18,22,29,33,35,44,48],"ascension_level":15}}