{"host":"n4oa921u88t6jog9","time":1609647728,"event":{"mods":["AchievementEnabler","BaseMod","DeckTracker","Keyboard Shortcuts","Minty Spire (QoL Compilation)","Quick Restart","StSLib","SuperFastMode"],"gold_per_floor":[15,29,47,47,66,66,66,83,83,109,109,121,121,46,46,124,124,137,147,162,362,362,362],"floor_reached":22,"playtime":924,"items_purged":["Defend_G"],"score":562,"play_id":"34bc3d45-ce47-4221-b981-8ae619e037e9","local_time":"20210103132208","is_ascension_mode":true,"campfire_choices":[{"data":"Cloak And Dagger","floor":6.0,"key":"SMITH"},{"data":"Cloak And Dagger","floor":11.0,"key":"SMITH"},{"data":"Blur","floor":13.0,"key":"SMITH"},{"data":"Reflex","floor":15.0,"key":"SMITH"}],"circlet_count":0,"master_deck":["AscendersBane","Strike_G+1","Strike_G","Strike_G","Strike_G","Strike_G","Defend_G","Defend_G","Defend_G+1","Survivor","Neutralize","Cloak And Dagger+1","Blur+1","Reflex+1","Cloak And Dagger+1","Escape Plan","Grand Finale","Dagger Throw","Backflip","Dagger Spray"],"relics":["Ring of the Snake","Mercury Hourglass","Pantograph","Coffee Dripper"],"acts_visited":["Exordium","TheCity"],"potions_floor_usage":[22],"damage_taken":[{"damage":0.0,"enemies":"2 Louse","floor":1.0,"turns":4.0},{"damage":0.0,"enemies":"Small Slimes","floor":2.0,"turns":5.0},{"damage":1.0,"enemies":"Cultist","floor":3.0,"turns":5.0},{"damage":3.0,"enemies":"Red Slaver","floor":5.0,"turns":6.0},{"damage":3.0,"enemies":"Gremlin Gang","floor":8.0,"turns":6.0},{"damage":6.0,"enemies":"3 Sentries","floor":10.0,"turns":9.0},{"damage":0.0,"enemies":"2 Fungi Beasts","floor":12.0,"turns":3.0},{"damage":5.0,"enemies":"The Guardian","floor":16.0,"turns":14.0},{"damage":15.0,"enemies":"Shell Parasite","floor":18.0,"turns":5.0},{"damage":0,"enemies":"Spheric Guardian","floor":19,"turns":3},{"damage":37,"enemies":"3 Cultists","floor":20,"turns":7},{"damage":28,"enemies":"Cultist and Chosen","floor":22,"turns":6}],"seed_played":"-7331612121002928215","potions_obtained":[{"floor":5.0,"key":"Explosive Potion"},{"floor":8.0,"key":"PowerPotion"},{"floor":12.0,"key":"Strength Potion"},{"floor":20,"key":"Regen Potion"}],"is_trial":false,"path_per_floor":["M","M","M","?","M","R","?","M","T","E","R","M","R","$","R","B",null,"M","M","M","?","M"],"character_chosen":"THE_SILENT","items_purchased":[],"campfire_rested":0,"item_purchase_floors":[],"current_hp_per_floor":[59,59,58,38,35,35,35,32,32,26,26,26,26,26,26,46,61,46,46,9,9,0,0],"gold":362,"neow_bonus":"THREE_RARE_CARDS","is_daily":false,"chose_seed":false,"campfire_upgraded":4,"win_rate":0.0,"timestamp":1609647728,"path_taken":["M","M","M","?","M","R","?","M","T","E","R","?","R","?","R","BOSS","M","?","M","?","?"],"items_purchased_type":[],"build_version":"2020-12-22","purchased_purges":1,"victory":false,"max_hp_per_floor":[66,66,66,66,66,66,66,66,66,66,66,66,66,66,66,66,66,66,66,66,66,66,66],"card_choices":[{"not_picked":["Venomology","A Thousand Cuts"],"picked":"After Image","floor":0.0},{"not_picked":["Deflect","Slice"],"picked":"Cloak And Dagger","floor":1.0},{"not_picked":["Underhanded Strike","Escape Plan"],"picked":"Blur","floor":2.0},{"not_picked":["Burst","Quick Slash"],"picked":"Reflex","floor":3.0},{"not_picked":["Underhanded Strike","Sucker Punch"],"picked":"Cloak And Dagger","floor":5.0},{"not_picked":["Distraction","PiercingWail"],"picked":"Escape Plan","floor":8.0},{"not_picked":["Noxious Fumes","Riddle With Holes"],"picked":"Grand Finale","floor":10.0},{"not_picked":["Bane","Distraction"],"picked":"Dagger Throw","floor":12.0},{"not_picked":["Bouncing Flask","Deadly Poison"],"picked":"Backflip","floor":18.0},{"not_picked":["Deflect","Quick Slash","Heel Hook+1"],"picked":"SKIP","floor":19},{"not_picked":["PiercingWail","Caltrops"],"picked":"Dagger Spray","floor":20}],"player_experience":383946,"relics_obtained":[{"floor":9.0,"key":"Mercury Hourglass"},{"floor":10.0,"key":"Pantograph"}],"event_choices":[{"damage_healed":0.0,"max_hp_gain":0.0,"max_hp_loss":0.0,"gold_gain":0.0,"event_name":"Shining Light","player_choice":"Entered Light","floor":4.0,"gold_loss":0.0,"damage_taken":20.0,"cards_upgraded":["Strike_G","Defend_G"]},{"cards_removed":["Defend_G"],"damage_healed":0.0,"max_hp_gain":0.0,"max_hp_loss":0.0,"gold_gain":0.0,"event_name":"Purifier","player_choice":"Purged","floor":7.0,"gold_loss":0.0,"damage_taken":0.0},{"damage_healed":0,"gold_gain":200,"player_choice":"Gold","damage_taken":0,"max_hp_gain":0,"max_hp_loss":0,"event_name":"Wheel of Change","floor":21,"gold_loss":0}],"is_beta":false,"boss_relics":[{"not_picked":["Velvet Choker","Busted Crown"],"picked":"Coffee Dripper"}],"items_purged_floors":[14],"is_endless":false,"potions_floor_spawned":[5,8,12,20],"killed_by":"Cultist and Chosen","ascension_level":19}}