{"host":"atc9njsbcy6dgluf","time":1609673842,"event":{"mods":["BaseMod","Better Match","Better Note","Better Third Choice","Infinite Spire","Minty Spire (QoL Compilation)","StSLib"],"gold_per_floor":[119,132,152,27,41,71,87,87,114,141,159,177,202,202,202,273,273,283,283,297,297,297,297],"floor_reached":22,"playtime":2113,"items_purged":[],"score":395,"play_id":"d52d10f1-0803-440e-9a2f-35c9cb4d6369","local_time":"20210103123722","is_ascension_mode":true,"campfire_choices":[{"data":"After Image","floor":8,"key":"SMITH"},{"floor":15,"key":"REST"}],"circlet_count":0,"master_deck":["AscendersBane","Strike_G","Strike_G","Strike_G","Strike_G","Strike_G","Defend_G","Defend_G","Defend_G","Defend_G","Defend_G","Survivor","Neutralize","Dagger Spray","Venomology","Backstab","Deadly Poison+1","Catalyst+1","After Image+1","Deadly Poison","Well Laid Plans","Tools of the Trade","infinitespire:UltimateForm","infinitespire:Execution"],"relics":["HoveringKite","Tiny Chest","MealTicket","infinitespire:Beetle Shell","Art of War","infinitespire:Cupcake","betterThird:NestCultRelic","infinitespire:Lucky Rock"],"acts_visited":["Exordium","TheCity"],"potions_floor_usage":[3,5,6,7,10,11,12,13,16,16,18,20,22],"damage_taken":[{"damage":4,"enemies":"Small Slimes","floor":1,"turns":5},{"damage":11,"enemies":"Cultist","floor":2,"turns":5},{"damage":7,"enemies":"Jaw Worm","floor":3,"turns":4},{"damage":6,"enemies":"Looter","floor":5,"turns":2},{"damage":14,"enemies":"Gremlin Nob","floor":6,"turns":3},{"damage":0,"enemies":"3 Louse","floor":7,"turns":3},{"damage":10,"enemies":"Lagavulin","floor":10,"turns":5},{"damage":0,"enemies":"2 Fungi Beasts","floor":11,"turns":3},{"damage":10,"enemies":"Blue Slaver","floor":12,"turns":4},{"damage":1,"enemies":"Gremlin Nob","floor":13,"turns":3},{"damage":40,"enemies":"Slime Boss","floor":16,"turns":16},{"damage":19,"enemies":"Shell Parasite","floor":18,"turns":4},{"damage":23,"enemies":"2 Thieves","floor":20,"turns":4},{"damage":28,"enemies":"3 Cultists","floor":22,"turns":4}],"seed_played":"5740385524549354798","potions_obtained":[{"floor":1,"key":"BlessingOfTheForge"},{"floor":2,"key":"AttackPotion"},{"floor":13,"key":"EssenceOfSteel"},{"floor":16,"key":"Strength Potion"}],"is_trial":false,"path_per_floor":["M","M","M","?","M","E","M","R","T","E","M","M","E","?","R","B",null,"M","?","M","AVR","M"],"character_chosen":"THE_SILENT","items_purchased":[],"campfire_rested":1,"item_purchase_floors":[],"current_hp_per_floor":[55,44,37,37,31,17,17,17,17,21,21,11,10,10,29,35,58,39,39,16,16,0,0],"gold":297,"neow_bonus":"BOSS_RELIC","is_daily":false,"chose_seed":false,"campfire_upgraded":1,"win_rate":0.0,"timestamp":1609673842,"path_taken":["M","M","M","?","M","E","M","R","T","E","M","M","E","?","R","BOSS","M","?","M","AVR","M"],"items_purchased_type":[],"build_version":"2020-12-22","purchased_purges":0,"victory":false,"max_hp_per_floor":[66,66,66,66,66,66,66,66,66,66,66,66,66,66,66,66,66,66,66,66,66,66,66],"card_choices":[{"not_picked":["Cloak And Dagger","Deadly Poison"],"picked":"Dagger Spray","floor":1},{"not_picked":["Underhanded Strike","Masterful Stab"],"picked":"Venomology","floor":2},{"not_picked":["Bane","Cloak And Dagger"],"picked":"Backstab","floor":3},{"not_picked":["Dagger Throw+1","Outmaneuver+1"],"picked":"Deadly Poison+1","floor":4},{"not_picked":["Tactician+1","Dash+1"],"picked":"Catalyst+1","floor":4},{"not_picked":["All Out Attack","Backflip","Night Terror"],"picked":"SKIP","floor":5},{"not_picked":["PiercingWail","Underhanded Strike"],"picked":"After Image","floor":6},{"not_picked":["Acrobatics","Outmaneuver"],"picked":"Deadly Poison","floor":7},{"not_picked":["Night Terror","Deflect","Grand Finale"],"picked":"SKIP","floor":10},{"not_picked":["Flying Knee","Acrobatics"],"picked":"Well Laid Plans","floor":11},{"not_picked":["Dagger Throw","Endless Agony","Choke"],"picked":"SKIP","floor":12},{"not_picked":["Escape Plan","Predator","Sucker Punch"],"picked":"SKIP","floor":13},{"not_picked":["Malaise","Night Terror"],"picked":"Tools of the Trade","floor":16},{"not_picked":["Quick Slash","Deflect","Concentrate"],"picked":"SKIP","floor":18},{"not_picked":["Accuracy","Slice","Cloak And Dagger"],"picked":"SKIP","floor":20}],"player_experience":569096,"relics_obtained":[{"floor":6,"key":"Tiny Chest"},{"floor":9,"key":"MealTicket"},{"floor":10,"key":"infinitespire:Beetle Shell"},{"floor":13,"key":"Art of War"}],"event_choices":[{"damage_healed":0,"gold_gain":0,"player_choice":"2","damage_taken":0,"max_hp_gain":0,"max_hp_loss":0,"event_name":"betterMatch:BetterMatch","floor":4,"gold_loss":0,"cards_obtained":["betterMatch:UncommonCard","betterMatch:CommonCard"]},{"damage_healed":10,"gold_gain":0,"player_choice":"Leave","damage_taken":0,"max_hp_gain":0,"max_hp_loss":66,"event_name":"betterThird:BetterShining","floor":14,"gold_loss":0},{"damage_healed":0,"gold_gain":0,"player_choice":"Madness","damage_taken":0,"relics_obtained":["betterThird:NestCultRelic"],"max_hp_gain":0,"max_hp_loss":0,"event_name":"betterThird:BetterNest","floor":19,"gold_loss":0}],"is_beta":false,"boss_relics":[{"not_picked":["Runic Pyramid","Busted Crown"],"picked":"infinitespire:Cupcake"}],"items_purged_floors":[],"is_endless":false,"potions_floor_spawned":[1,2,6,13,16],"killed_by":"3 Cultists","ascension_level":18}}