{"host":"0ydzwspkajt4brzd","time":1609663910,"event":{"mods":["AchievementEnabler","BaseMod","Colored Map","DeckTracker","Highlight Path","Minty Spire (QoL Compilation)","Quick Restart","Random Character Button","Rare Cards Sparkle"],"gold_per_floor":[109,119,129,129,139,139,172,172,252,283,39,64,79,110,110,212,212,229,56,69,69,69,69,69,69],"floor_reached":24,"playtime":1663,"items_purged":["Strike_B","Strike_B"],"score":286,"play_id":"7345f560-afdf-4435-a510-fcf2fe214d87","local_time":"20210103005150","is_ascension_mode":true,"campfire_choices":[{"data":"White Noise","floor":6,"key":"SMITH"},{"floor":8,"key":"REST"},{"floor":15,"key":"REST"},{"floor":23,"key":"REST"}],"circlet_count":0,"master_deck":["Strike_B","Strike_B","Defend_B","Defend_B","Defend_B","Defend_B","Zap","Dualcast","Cold Snap","Fusion+1","Beam Cell","White Noise+1","Rebound","Hyperbeam","The Bomb","Meteor Strike","Double Energy","Rainbow","Self Repair+1","Hologram","Redo","Leap"],"relics":["Cracked Core","NeowsBlessing","FossilizedHelix","StrikeDummy","Regal Pillow","DataDisk","Nunchaku","Inserter"],"acts_visited":["Exordium","TheCity"],"potions_floor_usage":[16,16,20],"damage_taken":[{"damage":0,"enemies":"Small Slimes","floor":1,"turns":1},{"damage":0,"enemies":"Cultist","floor":2,"turns":1},{"damage":0,"enemies":"2 Louse","floor":3,"turns":1},{"damage":13,"enemies":"Red Slaver","floor":5,"turns":3},{"damage":35,"enemies":"Gremlin Nob","floor":7,"turns":4},{"damage":3,"enemies":"Lagavulin","floor":10,"turns":6},{"damage":5,"enemies":"3 Sentries","floor":12,"turns":3},{"damage":0,"enemies":"Blue Slaver","floor":13,"turns":3},{"damage":0,"enemies":"Gremlin Nob","floor":14,"turns":4},{"damage":26,"enemies":"The Guardian","floor":16,"turns":8},{"damage":0,"enemies":"Spheric Guardian","floor":18,"turns":3},{"damage":44,"enemies":"3 Byrds","floor":20,"turns":3},{"damage":63,"enemies":"Gremlin Leader","floor":24,"turns":6}],"seed_played":"-2996347655040126110","potions_obtained":[{"floor":2,"key":"FocusPotion"},{"floor":7,"key":"Explosive Potion"},{"floor":10,"key":"Explosive Potion"},{"floor":20,"key":"Explosive Potion"}],"is_trial":false,"path_per_floor":["M","M","M","?","M","R","E","R","T","E","$","E","M","E","R","B",null,"M","$","M","$","?","R","E"],"character_chosen":"DEFECT","items_purchased":["The Bomb","Hologram","Redo"],"campfire_rested":3,"item_purchase_floors":[11,19,19],"current_hp_per_floor":[75,75,75,75,62,62,27,49,49,46,46,41,41,41,75,49,75,75,75,31,31,31,68,5,5],"gold":69,"neow_bonus":"THREE_ENEMY_KILL","is_daily":false,"chose_seed":false,"campfire_upgraded":1,"win_rate":0.0,"timestamp":1609663910,"path_taken":["M","M","M","?","M","R","E","R","T","E","$","E","M","E","R","BOSS","M","$","M","$","?","R","E"],"items_purchased_type":["Card","Card","Card"],"build_version":"2020-12-22","purchased_purges":2,"victory":false,"max_hp_per_floor":[75,75,75,75,75,75,75,75,75,75,75,75,75,75,75,75,75,75,75,75,75,75,75,75,75],"card_choices":[{"not_picked":["Conserve Battery","Hologram"],"picked":"Cold Snap","floor":1},{"not_picked":["Rip and Tear","Streamline"],"picked":"Fusion","floor":2},{"not_picked":["Double Energy","Leap"],"picked":"Beam Cell","floor":3},{"not_picked":["Steam","Stack"],"picked":"White Noise","floor":5},{"not_picked":["Leap","Turbo"],"picked":"Rebound","floor":7},{"not_picked":["Stack","Turbo"],"picked":"Hyperbeam","floor":10},{"not_picked":["Steam","Rebound"],"picked":"Meteor Strike","floor":12},{"not_picked":["Doom and Gloom","Steam Power"],"picked":"Double Energy","floor":13},{"not_picked":["Scrape","Cold Snap","Barrage"],"picked":"SKIP","floor":14},{"not_picked":["Electrodynamics","Creative AI"],"picked":"Rainbow","floor":16},{"not_picked":["Barrage","Undo"],"picked":"Self Repair+1","floor":18},{"not_picked":["Self Repair","Ball Lightning"],"picked":"Leap","floor":20}],"player_experience":436575,"relics_obtained":[{"floor":7,"key":"FossilizedHelix"},{"floor":9,"key":"StrikeDummy"},{"floor":10,"key":"Regal Pillow"},{"floor":12,"key":"DataDisk"},{"floor":14,"key":"Nunchaku"}],"event_choices":[{"damage_healed":0,"gold_gain":0,"player_choice":"Upgraded","damage_taken":0,"max_hp_gain":0,"max_hp_loss":0,"event_name":"Upgrade Shrine","floor":4,"gold_loss":0,"cards_upgraded":["Fusion"]}],"is_beta":false,"boss_relics":[{"not_picked":["Empty Cage","Runic Pyramid"],"picked":"Inserter"}],"items_purged_floors":[11,19],"is_endless":false,"potions_floor_spawned":[2,7,10,14,20],"killed_by":"Gremlin Leader","ascension_level":3}}