{"host":"t7mx8yfj1no5p62f","time":1609658995,"event":{"mods":["BaseMod","Colored Map","Colored Powertips","Minty Spire (QoL Compilation)","Relic Stats","StSLib"],"gold_per_floor":[363,377,393,51,101,128,128,157,157,157,171,185,213,228,228,306,306,321,332,351,370,123,149,149,159,183,183,195,195,195,223,223,297,297,307,267,280,320,331,331,10,42,42,42,42,42,67,143,143,143,143],"floor_reached":50,"playtime":1902,"items_purged":["Strike_P","Strike_P","Judgement+1"],"score":1478,"play_id":"f5197c65-643b-4c9a-8022-85ed7a0f1502","local_time":"20210103022955","is_ascension_mode":true,"campfire_choices":[{"data":"BowlingBash","floor":7.0,"key":"SMITH"},{"data":"Prostrate","floor":10.0,"key":"SMITH"},{"data":"SandsOfTime","floor":15.0,"key":"SMITH"},{"data":"TalkToTheHand","floor":24.0,"key":"SMITH"},{"data":"Prostrate","floor":27.0,"key":"SMITH"},{"data":"CrushJoints","floor":30.0,"key":"SMITH"},{"data":"CutThroughFate","floor":32.0,"key":"SMITH"},{"data":"CutThroughFate","floor":40.0,"key":"SMITH"},{"data":"Devotion","floor":44,"key":"SMITH"},{"data":"Tantrum","floor":46,"key":"SMITH"},{"floor":49,"key":"RECALL"}],"circlet_count":0,"master_deck":["AscendersBane","Eruption","Vigilance","FlyingSleeves","TalkToTheHand+1","SandsOfTime+1","Prostrate+1","BowlingBash+1","Prostrate+1","FlurryOfBlows","Worship+1","InnerPeace+1","CrushJoints+1","Scrawl+1","FlurryOfBlows+1","WaveOfTheHand+1","Swivel+1","Tantrum+1","EmptyMind+1","TalkToTheHand+1","CutThroughFate+1","Devotion+1","CutThroughFate+1","SashWhip","CarveReality","SandsOfTime","Wish+1","Protect+1","Omniscience+1","ThirdEye+1","Worship+1"],"relics":["HolyWater","Akabeko","The Courier","Happy Flower","Toxic Egg 2","Bronze Scales","Pen Nib","Oddly Smooth Stone","Damaru","CloakClasp","Pandora\u0027s Box","HornCleat","Juzu Bracelet","Boot"],"acts_visited":["Exordium","TheCity","TheBeyond"],"potions_floor_usage":[],"damage_taken":[{"damage":16.0,"enemies":"Jaw Worm","floor":1.0,"turns":6.0},{"damage":0.0,"enemies":"Cultist","floor":2.0,"turns":3.0},{"damage":0.0,"enemies":"2 Louse","floor":3.0,"turns":2.0},{"damage":14.0,"enemies":"Gremlin Nob","floor":6.0,"turns":3.0},{"damage":5.0,"enemies":"3 Sentries","floor":8.0,"turns":4.0},{"damage":8.0,"enemies":"Large Slime","floor":11.0,"turns":3.0},{"damage":7.0,"enemies":"Exordium Wildlife","floor":12.0,"turns":3.0},{"damage":0.0,"enemies":"Gremlin Nob","floor":13.0,"turns":2.0},{"damage":0.0,"enemies":"Blue Slaver","floor":14.0,"turns":3.0},{"damage":0.0,"enemies":"Slime Boss","floor":16.0,"turns":3.0},{"damage":0.0,"enemies":"Chosen","floor":18.0,"turns":2.0},{"damage":0.0,"enemies":"Spheric Guardian","floor":19.0,"turns":2.0},{"damage":2.0,"enemies":"3 Cultists","floor":20.0,"turns":3.0},{"damage":3.0,"enemies":"Chosen and Byrds","floor":21.0,"turns":5.0},{"damage":0.0,"enemies":"Slavers","floor":23.0,"turns":2.0},{"damage":0.0,"enemies":"Centurion and Healer","floor":25.0,"turns":4.0},{"damage":0.0,"enemies":"Shelled Parasite and Fungi","floor":28.0,"turns":2.0},{"damage":12.0,"enemies":"Book of Stabbing","floor":31.0,"turns":4.0},{"damage":14.0,"enemies":"Collector","floor":33.0,"turns":4.0},{"damage":16.0,"enemies":"3 Darklings","floor":35.0,"turns":3.0},{"damage":0.0,"enemies":"3 Shapes","floor":37.0,"turns":5.0},{"damage":0.0,"enemies":"Spire Growth","floor":38.0,"turns":4.0},{"damage":1.0,"enemies":"3 Darklings","floor":39.0,"turns":4.0},{"damage":0.0,"enemies":"Giant Head","floor":42.0,"turns":5.0},{"damage":0,"enemies":"Reptomancer","floor":47,"turns":1},{"damage":0,"enemies":"Jaw Worm Horde","floor":48,"turns":5},{"damage":63,"enemies":"Time Eater","floor":50,"turns":7}],"seed_played":"903283575084098335","potions_obtained":[{"floor":3.0,"key":"Dexterity Potion"},{"floor":6.0,"key":"SneckoOil"},{"floor":8.0,"key":"LiquidBronze"},{"floor":11.0,"key":"Ambrosia"},{"floor":13.0,"key":"Ancient Potion"},{"floor":18.0,"key":"FearPotion"},{"floor":36.0,"key":"FairyPotion"},{"floor":38.0,"key":"LiquidMemories"},{"floor":39.0,"key":"Dexterity Potion"}],"is_trial":false,"path_per_floor":["M","M","M","$","?","E","R","E","T","R","M","M","E","M","R","B",null,"M","M","M","M","$","E","R","M","T","R","M","?","R","E","R","B",null,"M","?","M","M","M","R","$","E","T","R","?","R","E","M","R","B"],"character_chosen":"WATCHER","items_purchased":["SandsOfTime","Prostrate","Akabeko","Tantrum","Pen Nib","HornCleat"],"campfire_rested":0,"item_purchase_floors":[4,4,4,22,22,41],"current_hp_per_floor":[45,45,45,45,39,25,25,20,20,20,12,5,5,5,5,5,48,48,48,46,43,43,43,43,43,43,43,43,43,43,31,31,17,51,35,35,35,35,34,34,34,34,34,34,34,34,34,34,34,0,0],"gold":143,"neow_bonus":"TWO_FIFTY_GOLD","is_daily":false,"chose_seed":false,"campfire_upgraded":10,"win_rate":0.0,"timestamp":1609658995,"path_taken":["M","M","M","$","?","E","R","E","T","R","M","M","E","M","R","BOSS","M","M","M","M","$","E","R","M","T","R","?","?","R","E","R","BOSS","M","?","?","M","M","R","$","E","T","R","?","R","E","M","R","BOSS"],"items_purchased_type":["Card","Card","Relic","Card","Relic","Relic"],"build_version":"2020-12-22","purchased_purges":3,"victory":false,"max_hp_per_floor":[62,62,62,62,62,62,62,62,62,62,62,62,62,62,62,62,62,62,62,62,62,62,62,62,62,62,62,62,62,62,62,62,62,62,62,62,62,62,62,62,62,62,62,62,62,62,62,62,62,62,62],"relic_stats":{"Happy Flower":[25],"counters":[27,94],"Bronze Scales":[180],"Pandora\u0027s Box":["CutThroughFate","SashWhip","CarveReality","Judgement","SandsOfTime","Wish"],"Pen Nib":[18],"CloakClasp":[149],"Juzu Bracelet":0,"Boot":[8],"obtain_stats":[{"Happy Flower":8,"Oddly Smooth Stone":23,"Damaru":26,"The Courier":6,"Pen Nib":22,"CloakClasp":31,"Juzu Bracelet":42,"Boot":47,"Akabeko":4,"HornCleat":41,"Bronze Scales":13,"HolyWater":17,"Pandora\u0027s Box":34,"PureWater":0,"Toxic Egg 2":9},{"Happy Flower":5,"Oddly Smooth Stone":15,"Damaru":16,"The Courier":4,"Pen Nib":14,"CloakClasp":18,"Juzu Bracelet":24,"Boot":25,"Akabeko":3,"HornCleat":23,"Bronze Scales":8,"HolyWater":10,"Pandora\u0027s Box":19,"PureWater":0,"Toxic Egg 2":5},{"Happy Flower":18,"Oddly Smooth Stone":46,"Damaru":50,"The Courier":14,"Pen Nib":44,"CloakClasp":56,"Juzu Bracelet":81,"Boot":82,"Akabeko":11,"HornCleat":76,"Bronze Scales":26,"HolyWater":32,"Pandora\u0027s Box":60,"PureWater":0,"Toxic Egg 2":18}]},"card_choices":[{"not_picked":["Protect","Fasting2"],"picked":"FlyingSleeves","floor":1.0},{"not_picked":["BowlingBash","Meditate"],"picked":"TalkToTheHand","floor":2.0},{"not_picked":["Sanctity","SashWhip"],"picked":"Consecrate","floor":3.0},{"not_picked":["Crescendo","Blasphemy"],"picked":"BowlingBash","floor":6.0},{"not_picked":["InnerPeace","Consecrate"],"picked":"Prostrate","floor":8.0},{"not_picked":["WreathOfFlame+1","BowlingBash"],"picked":"FlurryOfBlows","floor":11.0},{"not_picked":["Study","WheelKick"],"picked":"Worship+1","floor":12.0},{"not_picked":["FlyingSleeves","Nirvana"],"picked":"InnerPeace+1","floor":13.0},{"not_picked":["Consecrate","SashWhip"],"picked":"CrushJoints","floor":14.0},{"not_picked":["Establishment","DevaForm"],"picked":"Scrawl+1","floor":16.0},{"not_picked":["EmptyFist","Consecrate"],"picked":"FlurryOfBlows+1","floor":18.0},{"not_picked":["WreathOfFlame+1","Consecrate","SashWhip"],"picked":"SKIP","floor":19.0},{"not_picked":["Crescendo+1","Nirvana"],"picked":"WaveOfTheHand+1","floor":20.0},{"not_picked":["Halt+1","InnerPeace+1"],"picked":"Swivel+1","floor":21.0},{"not_picked":["LikeWater","FearNoEvil+1"],"picked":"EmptyMind+1","floor":23.0},{"not_picked":["Swivel+1","ThirdEye+1"],"picked":"TalkToTheHand+1","floor":25.0},{"not_picked":["BowlingBash","JustLucky","SashWhip+1"],"picked":"SKIP","floor":28.0},{"not_picked":["Halt+1","Fasting2"],"picked":"CutThroughFate","floor":31.0},{"not_picked":["Judgement+1","Brilliance"],"picked":"Devotion","floor":33.0},{"not_picked":["FollowUp","Collect+1"],"picked":"Protect+1","floor":35.0},{"not_picked":["Collect+1","Consecrate","SignatureMove"],"picked":"SKIP","floor":37.0},{"not_picked":["Collect+1","Consecrate","SignatureMove"],"picked":"SKIP","floor":37.0},{"not_picked":["JustLucky+1","Adaptation","FlyingSleeves+1"],"picked":"SKIP","floor":38.0},{"not_picked":["WaveOfTheHand+1","JustLucky","FollowUp"],"picked":"SKIP","floor":39.0},{"not_picked":["Perseverance+1","BattleHymn"],"picked":"Omniscience+1","floor":42.0},{"not_picked":["Crescendo+1","Fasting2"],"picked":"ThirdEye+1","floor":47},{"not_picked":["BattleHymn+1","ClearTheMind+1"],"picked":"Worship+1","floor":48}],"player_experience":1647887,"relics_obtained":[{"floor":6.0,"key":"The Courier"},{"floor":8.0,"key":"Happy Flower"},{"floor":9.0,"key":"Toxic Egg 2"},{"floor":13.0,"key":"Bronze Scales"},{"floor":23.0,"key":"Oddly Smooth Stone"},{"floor":26.0,"key":"Damaru"},{"floor":31.0,"key":"CloakClasp"},{"floor":42.0,"key":"Juzu Bracelet"},{"floor":47,"key":"Boot"}],"event_choices":[{"damage_healed":0.0,"max_hp_gain":0.0,"max_hp_loss":0.0,"gold_gain":50.0,"event_name":"FaceTrader","player_choice":"Touch","floor":5.0,"gold_loss":0.0,"damage_taken":6.0},{"damage_healed":0.0,"max_hp_gain":0.0,"max_hp_loss":0.0,"gold_gain":0.0,"event_name":"The Mausoleum","player_choice":"Ignored","floor":29.0,"gold_loss":0.0,"damage_taken":0.0},{"damage_healed":0.0,"max_hp_gain":0.0,"max_hp_loss":0.0,"gold_gain":0.0,"event_name":"The Woman in Blue","player_choice":"Bought 3 Potions","floor":36.0,"gold_loss":0.0,"damage_taken":0.0},{"cards_removed":["Consecrate"],"damage_healed":0,"gold_gain":0,"player_choice":"Removed Attack","damage_taken":0,"max_hp_gain":0,"max_hp_loss":0,"event_name":"Falling","floor":45,"gold_loss":0}],"is_beta":false,"boss_relics":[{"not_picked":["Fusion Hammer","Ectoplasm"],"picked":"HolyWater"},{"not_picked":["Velvet Choker","SacredBark"],"picked":"Pandora\u0027s Box"}],"items_purged_floors":[4,22,41],"is_endless":false,"potions_floor_spawned":[3,6,8,11,13,18,21,23,25,38,39,48],"killed_by":"Time Eater","ascension_level":20}}