{"host":"4q8tqz186r0pap1a","time":1609692128,"event":{"mods":["ATMod(阿瑾Mod)","Act Like it!","Arknights The Spire","Ascension Reborn","BaseMod","Colored Powertips","Curses Come First","Dio Mod","Dota2Spire","Downfall","Ekko","GungeonMod","Highlight Path","Hunter 猎人","Menagerie","Minty Spire (QoL Compilation)","Nova Terra(诺娃・泰拉)","Pale of the Ancients","Quick Restart","Red Circlet Mod","Relic Stats","Replay The Spire","Say the Spire","Shop Mod","Spicy Shops","StSLib","Telnet The Spire","The Construct","The Marked","TheWitcher","WarShipGirlsR/战舰少女R mod","[地精首领爬塔]The Maniac","【功能Mod】混沌之环修复补丁","【功能Mod】聪明的最终Boss","【遗物卡牌】REMEMod","残留之物"],"gold_per_floor":[113,98510,97840,96692,96662,96662,96662,96674,96701,96701,96701,96701,96701,96720,96732,96848,96860,96888,96900,96268,96268,96268,96268,96268,96268,96268,96302,96302,96334,95009,95028,95028,95128,95128,95141,94035,94035],"floor_reached":36,"playtime":1740,"items_purged":["Decay","Regret","Decay"],"score":582,"play_id":"07633efb-81db-447c-ae94-7a0c52975962","local_time":"20210104004208","daily_mods":["Heirloom","Time Dilation","Flight"],"is_ascension_mode":true,"campfire_choices":[{"data":"AT_ChampionKick","floor":6,"key":"SMITH"},{"data":"AT_ChampionKick","floor":7,"key":"SMITH"},{"data":"dioMod:Regeneration","floor":10,"key":"SMITH"},{"data":"dioMod:UltimateSacrifice","floor":11,"key":"SMITH"},{"floor":12,"key":"DIG"},{"floor":13,"key":"DIG"},{"data":"1","floor":15,"key":"LIFT"},{"data":"2","floor":23,"key":"LIFT"},{"data":"3","floor":25,"key":"LIFT"},{"floor":28,"key":"DIG"},{"floor":32,"key":"DIG"}],"circlet_count":0,"master_deck":["dioMod:Strike","dioMod:Strike","dioMod:Strike","dioMod:Strike","Bite+1","dioMod:Defend","dioMod:Defend","dioMod:Defend","dioMod:Defend","AT_ChampionKick+1","Replay:Bag of Tricks","dioMod:DaggerToss+1","dioMod:CutDeep","dioMod:DominatingPresence","dioMod:Donut","AT_ChampionKick+1","dioMod:Regeneration+1","dioMod:UltimateSacrifice+1","dioMod:Muda","dioMod:PhantomBlood+1","dioMod:GoodbyeJojo+1","J.A.X.+1","Apotheosis+1","dioMod:MudaMudaMuda","dioMod:WRYYY","dioMod:BloodSplash","dioMod:LaserVision","dioMod:DoubleTime","dioMod:ZaWarudo+1","dioMod:BloodTransfusion","dioMod:BloodTransfusion+1","dioMod:MudaMudaMuda","dioMod:ComboFever+1"],"relics":["dioMod:VampireBlood","AT_ATBox","REME_ComplimentaryCards","Dota2Spire:HeartOfTarrasque","Medical Kit","Replay:Ringing Soul","Girya","Pear","Frozen Eye","AT_BellDemon","MerchantsRug","DemoMod:GundromedaStrain","Akabeko","Dota2Spire:ArmletOfMordiggian","Simple Rune","champ:Barbells","Dota2Spire:BattleFury","AT_RedTearstoneRing","Shovel","Boot","DollysMirror","DemoMod:ClearGuonStone","sneckomod:BlankCard","REME_HourglassOfDeath","Whetstone","MawBank","Happy Flower","Philosopher\u0027s Stone","Anchor","AT_ImmortalShieldbow","HandDrill","Ancient Tea Set","AT_ChloranthyRing","Smiling Mask","DemoMod:ChaffGrenade","Dota2Spire:MagicBottle","Dota2Spire:CrimsonGuard","DemoMod:WeirdEgg","MealTicket","ClockworkSouvenir","DemoMod:Antibody","Lee\u0027s Waffle","PreservedInsect","Durian","BranchBurnRelic","Dota2Spire:PowerTreads","ChewingGum","DemoMod:GlassGuonStoneRelic","REME_LimitBreaker","Dota2Spire:ShadowBlade","DemoMod:PoisonVial","Guide Book","HornCleat","Singing Bowl","Orrery"],"acts_visited":["Exordium","TheCity","TheBeyond"],"potions_floor_usage":[16,18,33],"damage_taken":[{"damage":0,"enemies":"Small Slimes","floor":1,"turns":3},{"damage":0,"enemies":"Cultist","floor":8,"turns":2},{"damage":2,"enemies":"2 Louse","floor":14,"turns":1},{"damage":8,"enemies":"Fading Forest","floor":16,"turns":11},{"damage":12,"enemies":"3 Byrds","floor":18,"turns":2},{"damage":4,"enemies":"REME_1_Revenger","floor":27,"turns":2},{"damage":10,"enemies":"Book of Stabbing","floor":29,"turns":2},{"damage":0,"enemies":"Spheric Guardian","floor":31,"turns":1},{"damage":49,"enemies":"Pondfish","floor":33,"turns":5},{"damage":20,"enemies":"3 Shapes","floor":35,"turns":3}],"seed_played":"-7767981076525321377","potions_obtained":[{"floor":14,"key":"DuplicationPotion"},{"floor":16,"key":"BlessingOfTheForge"},{"floor":18,"key":"Guardian:BlockOnCardUsePotion"},{"floor":27,"key":"DemoMod:BlankPotion"},{"floor":33,"key":"Regen Potion"}],"is_trial":true,"path_per_floor":["M","$","$","$","?","R","R","M","T","R","R","R","R","M","R","B",null,"M","?","$","?","?","R","?","R","T","E","R","E","$","M","R","B",null,"M","$"],"character_chosen":"THE_DEFAULT","items_purchased":["Medical Kit","Replay:Ringing Soul","Girya","Pear","Frozen Eye","AT_BellDemon","dioMod:CutDeep","MerchantsRug","dioMod:DominatingPresence","dioMod:Donut","DemoMod:GundromedaStrain","Akabeko","Dota2Spire:ArmletOfMordiggian","Simple Rune","champ:Barbells","Dota2Spire:BattleFury","AT_RedTearstoneRing","Shovel","Boot","DollysMirror","dioMod:Regeneration","AT_ImmortalShieldbow","HandDrill","Ancient Tea Set","AT_ChloranthyRing","DemoMod:WeirdEgg","MealTicket","ClockworkSouvenir","DemoMod:Antibody","Lee\u0027s Waffle","PreservedInsect","dioMod:MudaMudaMuda","dioMod:WRYYY","dioMod:BloodSplash","dioMod:LaserVision","Dota2Spire:ShadowBlade","DemoMod:PoisonVial","Guide Book","HornCleat","Singing Bowl","Orrery"],"campfire_rested":0,"item_purchase_floors":[2,2,2,2,2,2,2,2,2,2,3,3,3,3,3,4,4,4,4,4,4,20,20,20,20,30,30,30,30,30,30,30,30,30,30,36,36,36,36,36,36],"current_hp_per_floor":[83,96,99,102,105,105,105,108,108,108,108,108,108,108,108,111,111,108,111,111,87,90,90,90,90,90,89,89,82,135,143,143,146,146,147,152,152],"gold":94035,"neow_bonus":"","is_daily":false,"chose_seed":false,"campfire_upgraded":4,"win_rate":0.0,"timestamp":1609692128,"path_taken":["M","$","$","$","?","R","R","M","T","R","R","R","R","M","R","BOSS","M","?","$","?","?","R","?","R","T","E","R","E","$","?","R","BOSS","M","$"],"items_purchased_type":["Relic","Relic","Relic","Relic","Relic","Relic","Card","Relic","Card","Card","Relic","Relic","Relic","Relic","Relic","Relic","Relic","Relic","Relic","Relic","Card","Relic","Relic","Relic","Relic","Relic","Relic","Relic","Relic","Relic","Relic","Card","Card","Card","Card","Relic","Relic","Relic","Relic","Relic","Relic"],"build_version":"2020-12-22","purchased_purges":3,"victory":false,"max_hp_per_floor":[83,96,99,102,105,105,105,108,108,108,108,108,108,108,108,111,111,114,117,117,122,125,125,125,125,125,125,125,125,135,143,143,146,146,149,152,152],"relic_stats":{"Lee\u0027s Waffle":50,"Happy Flower":[5],"Singing Bowl":0,"counters":[10,32],"PreservedInsect":0,"Whetstone":["dioMod:Strike","dioMod:DaggerToss"],"Medical Kit":[0],"Boot":[21],"MawBank":72,"Smiling Mask":75,"Shovel":4,"MealTicket":2,"HandDrill":[2],"obtain_stats":[{"Dota2Spire:PowerTreads":32,"AT_ATBox":0,"DemoMod:PoisonVial":36,"Dota2Spire:ArmletOfMordiggian":3,"DemoMod:GlassGuonStoneRelic":8,"Dota2Spire:ShadowBlade":36,"Whetstone":13,"Boot":4,"Dota2Spire:MagicBottle":28,"Replay:Ringing Soul":2,"HornCleat":36,"Dota2Spire:CrimsonGuard":29,"DollysMirror":4,"Philosopher\u0027s Stone":17,"MealTicket":30,"HandDrill":20,"DemoMod:ClearGuonStone":8,"Girya":2,"MerchantsRug":2,"champ:Barbells":3,"AT_RedTearstoneRing":4,"Pear":2,"Happy Flower":16,"DemoMod:ChaffGrenade":27,"Dead Branch":29,"Dota2Spire:HeartOfTarrasque":0,"REME_LimitBreaker":35,"Akabeko":3,"DemoMod:GundromedaStrain":3,"REME_HourglassOfDeath":12,"dioMod:VampireBlood":0,"Simple Rune":3,"AT_BellDemon":2,"Singing Bowl":36,"sneckomod:BlankCard":9,"Ancient Tea Set":20,"Smiling Mask":27,"ClockworkSouvenir":30,"Frozen Eye":2,"BranchBurnRelic":32,"Shovel":4,"AT_ChloranthyRing":20,"Lee\u0027s Waffle":30,"DemoMod:WeirdEgg":30,"DemoMod:Antibody":30,"Guide Book":36,"Dota2Spire:BattleFury":4,"PreservedInsect":30,"Medical Kit":2,"MawBank":14,"AT_ImmortalShieldbow":20,"Anchor":18,"Orrery":36,"ChewingGum":34,"Durian":31,"REME_ComplimentaryCards":0},{"Dota2Spire:PowerTreads":8,"AT_ATBox":0,"DemoMod:PoisonVial":10,"Dota2Spire:ArmletOfMordiggian":1,"DemoMod:GlassGuonStoneRelic":2,"Dota2Spire:ShadowBlade":10,"Whetstone":2,"Boot":1,"Dota2Spire:MagicBottle":6,"Replay:Ringing Soul":1,"HornCleat":10,"Dota2Spire:CrimsonGuard":7,"DollysMirror":1,"Philosopher\u0027s Stone":4,"MealTicket":7,"HandDrill":5,"DemoMod:ClearGuonStone":2,"Girya":1,"MerchantsRug":1,"champ:Barbells":1,"AT_RedTearstoneRing":1,"Pear":1,"Happy Flower":4,"DemoMod:ChaffGrenade":6,"Dead Branch":7,"Dota2Spire:HeartOfTarrasque":0,"REME_LimitBreaker":10,"Akabeko":1,"DemoMod:GundromedaStrain":1,"REME_HourglassOfDeath":2,"dioMod:VampireBlood":0,"Simple Rune":1,"AT_BellDemon":1,"Singing Bowl":10,"sneckomod:BlankCard":2,"Ancient Tea Set":5,"Smiling Mask":6,"ClockworkSouvenir":7,"Frozen Eye":1,"BranchBurnRelic":8,"Shovel":1,"AT_ChloranthyRing":5,"Lee\u0027s Waffle":7,"DemoMod:WeirdEgg":7,"DemoMod:Antibody":7,"Guide Book":10,"Dota2Spire:BattleFury":1,"PreservedInsect":7,"Medical Kit":1,"MawBank":3,"AT_ImmortalShieldbow":5,"Anchor":5,"Orrery":10,"ChewingGum":9,"Durian":8,"REME_ComplimentaryCards":0},{"Dota2Spire:PowerTreads":24,"AT_ATBox":0,"DemoMod:PoisonVial":32,"Dota2Spire:ArmletOfMordiggian":3,"DemoMod:GlassGuonStoneRelic":5,"Dota2Spire:ShadowBlade":32,"Whetstone":5,"Boot":3,"Dota2Spire:MagicBottle":21,"Replay:Ringing Soul":3,"HornCleat":32,"Dota2Spire:CrimsonGuard":23,"DollysMirror":3,"Philosopher\u0027s Stone":17,"MealTicket":23,"HandDrill":19,"DemoMod:ClearGuonStone":5,"Girya":3,"MerchantsRug":3,"champ:Barbells":3,"AT_RedTearstoneRing":3,"Pear":3,"Happy Flower":17,"DemoMod:ChaffGrenade":21,"Dead Branch":23,"Dota2Spire:HeartOfTarrasque":0,"REME_LimitBreaker":32,"Akabeko":3,"DemoMod:GundromedaStrain":3,"REME_HourglassOfDeath":5,"dioMod:VampireBlood":0,"Simple Rune":3,"AT_BellDemon":3,"Singing Bowl":32,"sneckomod:BlankCard":5,"Ancient Tea Set":19,"Smiling Mask":21,"ClockworkSouvenir":23,"Frozen Eye":3,"BranchBurnRelic":24,"Shovel":3,"AT_ChloranthyRing":19,"Lee\u0027s Waffle":23,"DemoMod:WeirdEgg":23,"DemoMod:Antibody":23,"Guide Book":32,"Dota2Spire:BattleFury":3,"PreservedInsect":23,"Medical Kit":3,"MawBank":6,"AT_ImmortalShieldbow":19,"Anchor":19,"Orrery":32,"ChewingGum":29,"Durian":24,"REME_ComplimentaryCards":0}]},"card_choices":[{"not_picked":["dioMod:WRYYY","dioMod:VengefulMuda"],"picked":"dioMod:DaggerToss","floor":1},{"not_picked":[],"picked":"dioMod:UltimateSacrifice","floor":5},{"not_picked":["dioMod:CautiousMuda","dioMod:BloodSuck"],"picked":"dioMod:Muda","floor":8},{"not_picked":["dioMod:DominatingPresence","dioMod:HeavyLifting","dioMod:FlyAway"],"picked":"SKIP","floor":14},{"not_picked":["dioMod:PathToHeaven","dioMod:Pluck"],"picked":"dioMod:PhantomBlood","floor":16},{"not_picked":["dioMod:HeavyLifting+1","dioMod:DoubleTime+1"],"picked":"dioMod:GoodbyeJojo+1","floor":18},{"not_picked":["dioMod:StreetSign+1","dioMod:CutDeep","dioMod:DisarmingVoice+1"],"picked":"SKIP","floor":27},{"not_picked":["dioMod:Minions","dioMod:CoffinBath","dioMod:Hiss"],"picked":"SKIP","floor":29},{"not_picked":["dioMod:GoldVial","dioMod:Freeze"],"picked":"dioMod:DoubleTime","floor":31},{"not_picked":["dioMod:PhantomBlood","dioMod:Despair"],"picked":"dioMod:ZaWarudo","floor":33},{"not_picked":["dioMod:DaggerSpree+1","dioMod:ComboFever+1"],"picked":"dioMod:BloodTransfusion","floor":35},{"not_picked":["dioMod:MudaMudaMuda","dioMod:BlendIn+1"],"picked":"dioMod:BloodTransfusion+1","floor":36},{"not_picked":["dioMod:ComboFever+1","dioMod:WRYYY"],"picked":"dioMod:MudaMudaMuda","floor":36},{"not_picked":["dioMod:Muda","dioMod:DoubleTime"],"picked":"dioMod:ComboFever+1","floor":36}],"player_experience":82888,"relics_obtained":[{"floor":8,"key":"DemoMod:ClearGuonStone"},{"floor":9,"key":"sneckomod:BlankCard"},{"floor":12,"key":"REME_HourglassOfDeath"},{"floor":13,"key":"Whetstone"},{"floor":14,"key":"MawBank"},{"floor":16,"key":"Happy Flower"},{"floor":18,"key":"Anchor"},{"floor":27,"key":"Smiling Mask"},{"floor":27,"key":"DemoMod:ChaffGrenade"},{"floor":28,"key":"Dota2Spire:MagicBottle"},{"floor":29,"key":"Dead Branch"},{"floor":29,"key":"Dota2Spire:CrimsonGuard"},{"floor":31,"key":"Durian"},{"floor":32,"key":"Dota2Spire:PowerTreads"},{"floor":35,"key":"REME_LimitBreaker"}],"event_choices":[{"damage_healed":0,"gold_gain":0,"player_choice":"Obtain J.A.X.","damage_taken":0,"max_hp_gain":0,"max_hp_loss":0,"event_name":"Drug Dealer","floor":19,"gold_loss":0,"cards_obtained":["J.A.X."]},{"damage_healed":0,"gold_gain":0,"player_choice":"Shed Blood","damage_taken":29,"max_hp_gain":5,"max_hp_loss":0,"event_name":"Forgotten Altar","floor":21,"gold_loss":0},{"damage_healed":0,"gold_gain":0,"player_choice":"Ignored","damage_taken":0,"max_hp_gain":0,"max_hp_loss":0,"event_name":"Vampires","floor":24,"gold_loss":0}],"is_beta":false,"boss_relics":[{"not_picked":["Dota2Spire:Bloodstone","REME_LowDesire"],"picked":"Philosopher\u0027s Stone"},{"not_picked":["Snecko Eye","SacredBark"],"picked":"ChewingGum"}],"items_purged_floors":[3,4,30],"is_endless":true,"potions_floor_spawned":[14,16,18,27,33],"ascension_level":0}}