{"host":"bf9sa99gaumonoeu","time":1609711386,"event":{"mods":["AchievementEnabler","Act Like it!","BaseMod","Better Sensory Stone","Colored Map","Colored Powertips","Downfall","Duelist Mod","Friendly Minions","Gensokyo","GifTheSpireLib","Hallownest","Hermit","Hubris","Jorbs\u0027s Wanderer Trilogy","KinomotoSakuraMod(????)","Koishi","Lobotomy","Marisa????????","Minty Spire (QoL Compilation)","Reimu??????","Remilia??????","Replay The Spire","Shop Mod","StSLib","The Administrix","The Animator","The Blue Laboratory","The Bug Knight","The Construct","The Cursed","The Disciple","The Hierophant","The Mystic","The Necromancer","The Poker Player","The Runesmith","The Senshi","The Servant 0.9.4","Waifu the Spire"],"gold_per_floor":[121,140,159,172,172,205,205,205,229,248,275,287,287,319,319,319,319],"floor_reached":16,"playtime":2449,"items_purged":[],"score":122,"play_id":"3e254192-5619-4907-8d5a-eb79cf1a9415","local_time":"20210103200306","is_ascension_mode":false,"campfire_choices":[{"data":"AdministrixMod:BloodlessSapphire","floor":8,"key":"SMITH"},{"data":"AdministrixMod:NoblePath","floor":13,"key":"SMITH"},{"data":"AdministrixMod:FearOfDeath","floor":15,"key":"SMITH"}],"circlet_count":0,"master_deck":["AdministrixMod:Strike_Administrix","AdministrixMod:Strike_Administrix","AdministrixMod:Strike_Administrix","AdministrixMod:RedCloak","AdministrixMod:Defend_Administrix","AdministrixMod:Defend_Administrix","AdministrixMod:Defend_Administrix","AdministrixMod:BlueCloak","AdministrixMod:BloodlessSapphire+1","AdministrixMod:SipOfSparks","AdministrixMod:FuneraryRites","AdministrixMod:HiddenPower","AdministrixMod:Wuji","AdministrixMod:GuanyinBlessing","AdministrixMod:ImmortalGrace","AdministrixMod:NoblePath+1","AdministrixMod:FearOfDeath+1"],"relics":["AdministrixMod:ConductorRitualBaton","Smiling Mask","hubris:Towel","RuthlessExorcism:ReiMu","Oddly Smooth Stone","PureWhite:ReiMu"],"acts_visited":["Exordium"],"potions_floor_usage":[6,11,14,16],"damage_taken":[{"damage":1,"enemies":"Jaw Worm","floor":1,"turns":4},{"damage":0,"enemies":"2 Louse","floor":2,"turns":2},{"damage":2,"enemies":"Cultist","floor":3,"turns":3},{"damage":5,"enemies":"Looter","floor":4,"turns":3},{"damage":15,"enemies":"3 Sentries","floor":6,"turns":5},{"damage":0,"enemies":"Exordium Wildlife","floor":10,"turns":7},{"damage":15,"enemies":"HollowMod:MossKnight","floor":11,"turns":13},{"damage":1,"enemies":"Blue Slaver","floor":12,"turns":5},{"damage":11,"enemies":"Lagavulin","floor":14,"turns":13},{"damage":43,"enemies":"Slime Boss","floor":16,"turns":8}],"seed_played":"-2544400303174751572","potions_obtained":[{"floor":1,"key":"blueLaboratory:NullPotion"},{"floor":3,"key":"blueLaboratory:FrostheartPotion"},{"floor":4,"key":"Elixir"},{"floor":10,"key":"FearPotion"}],"is_trial":false,"path_per_floor":["M","M","M","M","?","E","?","R","T","M","E","M","R","E","R","B"],"character_chosen":"TheAdministrix","items_purchased":[],"campfire_rested":0,"item_purchase_floors":[],"current_hp_per_floor":[64,64,62,57,50,39,39,39,39,46,38,44,44,40,40,0,0],"gold":319,"neow_bonus":"TRANSFORM_CARD","is_daily":false,"chose_seed":false,"campfire_upgraded":3,"win_rate":0.0,"timestamp":1609711386,"path_taken":["M","M","M","M","?","E","?","R","T","M","E","M","R","E","R","BOSS"],"items_purchased_type":[],"build_version":"2020-12-22","purchased_purges":0,"victory":false,"max_hp_per_floor":[65,65,65,65,65,65,65,65,65,65,65,65,65,65,65,65,65],"card_choices":[{"not_picked":["AdministrixMod:Katabasis","AdministrixMod:XianArts"],"picked":"AdministrixMod:SipOfSparks","floor":1},{"not_picked":["AdministrixMod:BegetEternity","AdministrixMod:SealAway"],"picked":"AdministrixMod:FuneraryRites","floor":2},{"not_picked":["AdministrixMod:QuietConspiracy","AdministrixMod:TouchOfCinnabar"],"picked":"AdministrixMod:HiddenPower","floor":3},{"not_picked":["AdministrixMod:ImmortalPurity","AdministrixMod:PassageOfAges"],"picked":"AdministrixMod:Wuji","floor":4},{"not_picked":["AdministrixMod:TouchOfCinnabar","AdministrixMod:PassageOfAges"],"picked":"AdministrixMod:GuanyinBlessing","floor":6},{"not_picked":["AdministrixMod:Overdrive","AdministrixMod:HiddenPower"],"picked":"AdministrixMod:ImmortalGrace","floor":10},{"not_picked":["AdministrixMod:BattleforgedBonds","AdministrixMod:PassageOfAges"],"picked":"AdministrixMod:NoblePath","floor":11},{"not_picked":["AdministrixMod:Metempsychosis","AdministrixMod:SealAway","AdministrixMod:XianArts"],"picked":"SKIP","floor":12},{"not_picked":["AdministrixMod:Metempsychosis","AdministrixMod:SealAway","AdministrixMod:XianArts"],"picked":"SKIP","floor":12},{"not_picked":["AdministrixMod:TouchOfCinnabar","AdministrixMod:NoblePath"],"picked":"AdministrixMod:FearOfDeath","floor":14}],"player_experience":725062,"relics_obtained":[{"floor":6,"key":"Smiling Mask"},{"floor":9,"key":"RuthlessExorcism:ReiMu"},{"floor":11,"key":"Oddly Smooth Stone"},{"floor":14,"key":"PureWhite:ReiMu"}],"event_choices":[{"cards_removed":["AdministrixMod:Strike_Administrix"],"damage_healed":0,"gold_gain":0,"player_choice":"Card Removal","damage_taken":7,"max_hp_gain":0,"max_hp_loss":0,"event_name":"Golden Wing","floor":5,"gold_loss":0}],"is_beta":false,"boss_relics":[],"items_purged_floors":[],"is_endless":false,"potions_floor_spawned":[1,3,4,10],"killed_by":"Slime Boss","ascension_level":0}}