{"host":"56792r0r1tfnc9x9","time":1609637510,"event":{"mods":["2.2 Compatiblity","Abigail Mod","AchievementEnabler","Act Like it!","Aspiration","BaseMod","Better Note","Better Third Choice","Better Vampires","BetterRewards","CapriCore","Colored Map","Colored Powertips","Conspire","Elementarium","Emptier Cage","Energized Spire","GifTheSpireLib","Halation","Hermit","Highlight Path","Hubris","Jedi Mod","JesterMod","Jorbs\u0027s Wanderer Trilogy","KomeijiMod","MarisaÅiñ∂âJÅ@ñÇóùçπÅj","Minty Spire (QoL Compilation)","Pale of the Ancients","Potionbrewer","Rare Cards Sparkle","Relic Stats","Replay The Spire","Robot Space Explorer","SacredBarkPlus","Shade Mod","Spicy Shops","StSLib","Stuff the Spire","Synergy Search","The Cursed","The Immortal","The Jungle","The Necromancer","The Runesmith","Waifu the Spire","Wandering Minibosses"],"gold_per_floor":[118,128,30,30,30,30,30,30,30,30,30,30,0,0,0,0,0,0,0,0,0,0,83,83,195,221,321,11,11,21,39,39,143,143,154,54,69,69,69,173,173,289,289,421,435,454,471,611,611,611,611,611,7,107,95],"floor_reached":56,"playtime":5386,"items_purged":["RobotSpaceExplorer:Strike","RobotSpaceExplorer:Defend","RobotSpaceExplorer:Strike","RobotSpaceExplorer:Strike","RobotSpaceExplorer:Defend"],"score":1876,"play_id":"47eb5a8d-c8b4-4fe1-9d87-91da671a728f","local_time":"20210102193150","is_ascension_mode":true,"campfire_choices":[{"data":"RobotSpaceExplorer:Fix","floor":7.0,"key":"SMITH"},{"data":"RobotSpaceExplorer:MiniLasers","floor":10.0,"key":"SMITH"},{"floor":15.0,"key":"DIG"},{"floor":49.0,"key":"RECALL"},{"data":"Mishyaguji+1","floor":52.0,"key":"SWEEP"}],"circlet_count":1,"master_deck":["RobotSpaceExplorer:Strike","RobotSpaceExplorer:Scan","RobotSpaceExplorer:MiniLasers+1","RobotSpaceExplorer:IronShell","RobotSpaceExplorer:MiniDrones","RobotSpaceExplorer:Fix+1","RobotSpaceExplorer:Jetpack","RobotSpaceExplorer:ToxicBomb","RobotSpaceExplorer:Calculate","RobotSpaceExplorer:Autoloader","RobotSpaceExplorer:ScrapToss","RobotSpaceExplorer:IronShell","RobotSpaceExplorer:Accelerator+1","hermit:Quickdraw","stsjorbsmod:Rebuke","MilkyWay+1","Night Terror","Thunderclap+1","conspire:PoisonWeapons+1","potionbrewer:Bribery","UnstableBomb","Mishyaguji+1","RidiculousThoughts","RidiculousThoughts","PreThought+1","AbbyMod:BadGirl"],"relics":["RobotSpaceExplorer:RoboCore","Boot","Replay:Wax Seal","StuffTheSpire:TintedRock","jedi:ominousloannote","StuffTheSpire:ForceGauntlet","hubris:OldNail","hubris:CrystalStatue","conspire:DecoderRing","aspiration:ArtOfWarUpgrade","hubris:Icosahedron","Happy Flower","aspiration:SecretTechniqueScroll","PrismaticShard","StuffTheSpire:PointBlank","hubris:Zylophone","Regal Pillow","Blue Doll","StuffTheSpire:Expresso","jedi:heavyjacket","hubris:GrandSneckoEye","potionbrewer:SlideRule","hubris:SlimyHat","Mercury Hourglass","Circlet","Dream Catcher","Replay:Baseball","BargainBundle","ReplayTheSpireMod:TigerMarble"],"acts_visited":["Exordium","TheCity","TheBeyond","TheEnding"],"potions_floor_usage":[55,55],"damage_taken":[{"damage":0.0,"enemies":"Cultist","floor":1.0,"turns":3.0},{"damage":0.0,"enemies":"Jaw Worm","floor":2.0,"turns":3.0},{"damage":0.0,"enemies":"2 Louse","floor":4.0,"turns":2.0},{"damage":9.0,"enemies":"Replay:BlueRogue","floor":6.0,"turns":7.0},{"damage":0.0,"enemies":"2 Fungi Beasts","floor":8.0,"turns":3.0},{"damage":0.0,"enemies":"Large Slime","floor":11.0,"turns":6.0},{"damage":1.0,"enemies":"Lagavulin","floor":12.0,"turns":6.0},{"damage":0.0,"enemies":"Looter","floor":13.0,"turns":3.0},{"damage":22.0,"enemies":"Slime Boss","floor":16.0,"turns":6.0},{"damage":21.0,"enemies":"Spheric Guardian","floor":18.0,"turns":6.0},{"damage":10.0,"enemies":"3 Byrds","floor":20.0,"turns":2.0},{"damage":5.0,"enemies":"Book of Stabbing","floor":23.0,"turns":5.0},{"damage":23.0,"enemies":"Slavers","floor":25.0,"turns":4.0},{"damage":0.0,"enemies":"Book of Stabbing","floor":27.0,"turns":3.0},{"damage":0.0,"enemies":"3 Cultists","floor":30.0,"turns":2.0},{"damage":0.0,"enemies":"Shelled Parasite and Fungi","floor":31.0,"turns":5.0},{"damage":1.0,"enemies":"Automaton","floor":33.0,"turns":6.0},{"damage":0.0,"enemies":"Orb Walker","floor":35.0,"turns":4.0},{"damage":5.0,"enemies":"3 Darklings","floor":37.0,"turns":3.0},{"damage":7.0,"enemies":"Reptomancer","floor":40.0,"turns":4.0},{"damage":0.0,"enemies":"Giant Head","floor":42.0,"turns":5.0},{"damage":0.0,"enemies":"R_Hoarder","floor":44.0,"turns":5.0},{"damage":5.0,"enemies":"Sphere and 2 Shapes","floor":45.0,"turns":3.0},{"damage":0.0,"enemies":"Writhing Mass","floor":46.0,"turns":2.0},{"damage":0.0,"enemies":"Jaw Worm Horde","floor":47.0,"turns":2.0},{"damage":0.0,"enemies":"Giant Head","floor":48.0,"turns":3.0},{"damage":2.0,"enemies":"Awakened One","floor":50.0,"turns":6.0},{"damage":10,"enemies":"Shield and Spear","floor":54,"turns":4},{"damage":47,"enemies":"The Heart","floor":55,"turns":5}],"seed_played":"8128947159172152402","potions_obtained":[{"floor":1.0,"key":"SpeedPotion"},{"floor":2.0,"key":"LiquidBronze"},{"floor":8.0,"key":"Regen Potion"},{"floor":12.0,"key":"Death Potion"},{"floor":20.0,"key":"Block Potion"},{"floor":23.0,"key":"potionbrewer:CleansingPotion"},{"floor":27.0,"key":"Explosive Potion"},{"floor":30.0,"key":"BlessingOfTheForge"},{"floor":37.0,"key":"potionbrewer:DiscountPotion"},{"floor":40.0,"key":"AttackPotion"},{"floor":47.0,"key":"jedi:StrikingPotion"},{"floor":48.0,"key":"Weak Potion"},{"floor":54,"key":"Adrenaline Potion"}],"is_trial":false,"path_per_floor":["M","M","$","M","?","E","R","M","T","R","M","E","M","?","R_BF","B",null,"M","?","M","?","?","E","R","E","T","E","$","T","M","M","R_BF","B",null,"M","NS","M","?","?","E","?","E","T","E","M","M","M","E","R","B",null,"R","$","E","B",null],"character_chosen":"RobotSpaceExplorer","items_purchased":["Boot","Replay:Wax Seal","jedi:ominousloannote","StuffTheSpire:ForceGauntlet","hubris:OldNail","StuffTheSpire:Expresso","jedi:heavyjacket","RidiculousThoughts","BargainBundle","PreThought+1","potionbrewer:EndurancePotion"],"campfire_rested":0,"item_purchase_floors":[0,0,3,3,3,28,28,53,53,53,53],"current_hp_per_floor":[53,53,53,53,53,48,48,54,54,54,60,74,75,75,75,53,75,54,54,50,42,42,43,43,26,26,32,32,32,38,54,54,63,75,75,75,70,70,70,68,68,74,74,74,70,75,75,75,75,73,75,75,75,71,31],"gold":95,"neow_bonus":"","is_daily":false,"chose_seed":false,"campfire_upgraded":2,"win_rate":0.0,"timestamp":1609637510,"path_taken":["M","?","$","?","?","E","R","M","T","R","M","E","M","?","R_BF","BOSS","M","?","M","?","?","E","R","E","T","E","$","?","?","M","R_BF","BOSS","M","NS","M","?","?","E","?","E","T","E","M","?","M","E","R","BOSS","R","$","E","BOSS"],"items_purchased_type":["Relic","Relic","Relic","Relic","Relic","Relic","Relic","Card","Relic","Card","Potion"],"build_version":"2020-12-22","purchased_purges":5,"victory":true,"max_hp_per_floor":[75,75,75,75,75,75,75,75,75,75,75,75,75,75,75,75,75,75,75,75,75,75,75,75,75,75,75,75,75,75,75,75,75,75,75,75,75,75,75,75,75,75,75,75,75,75,75,75,75,75,75,75,75,75,75],"relic_stats":{"Regal Pillow":0,"Dream Catcher":0,"Happy Flower":[28],"counters":[120,437],"Boot":[493],"obtain_stats":[{"construct:FoamFinger":9,"StuffTheSpire:BottledEssence":35,"aspiration:PoetsPen_weak":38,"Ginger":54,"hubris:MysteriousPyramids":34,"Sling":55,"Boot":0,"jedi:shrinkray":9,"halation:RedSoulGem":4,"StuffTheSpire:SapphireSignet":56,"Blood Vial":0,"jedi:firstaidkit":0,"MealTicket":50,"Kunai":0,"Replay:Wax Seal":0,"halation:QuantumPhysicsTextbook":23,"Counterbalance":29,"potionbrewer:Torch":47,"RobotSpaceExplorer:FoglandsKnife":0,"hubris:BottledHeart":19,"halation:Jellyphish":29,"Pandora\u0027s Box":17,"aspiration:SilentSkillbook":17,"StrikeDummy":10,"hubris:Reverence":27,"Regal Pillow":54,"Lantern":9,"Torii":25,"halation:Sosunser":0,"champ:ChampionCrown":0,"Blue Doll":27,"StuffTheSpire:GrapeVine":43,"Burning Blood":0,"Replay:Rubber Ducky":44,"Matryoshka":13,"hubris:Backtick":34,"Shovel":21,"Toolbox":23,"halation:PinkAlligatorPlush":54,"Replay:Bottled Eggs":23,"StuffTheSpire:TintedRock":0,"Runesmith:Nanobots":24,"halation:MonkeysPaw":33,"Replay:M_StaffOfTheSnake":0,"halation:BottledLove":14,"jedi:gremlinknob":11,"StuffTheSpire:Expresso":28,"Circlet":42,"Thread and Needle":40,"betterThird:NestCultRelic":20,"jedi:crownofsimplicity":27,"Frozen Egg 2":0,"Replay:Arrowhead":38,"Art of War":0,"halation:AfternoonTea":33,"Runesmith:AutoHammer":51,"halation:TwoAmDonut":28,"conspire:DeflatedDodgeball":10,"hubris:CrackedHourglass":17,"ReplayTheSpireMod:Lightbulb":43,"halation:Trompette":25,"halation:PeacePiece":47,"Ice Cream":42,"Calipers":29,"hubris:CrystalStatue":6,"Gremlin Horn":40,"potionbrewer:AlchemistFlask":53,"Vajra":0,"Sozu":36,"Lizard Tail":0,"aspiration:MobileForge":44,"Strawberry":30,"conspire:DecoderRing":9,"Prayer Wheel":46,"aspiration:ArtOfWarUpgrade":8,"jedi:ashlotus":39,"halation:KoshaPiece":47,"Happy Flower":6,"wanderingMiniBosses:ThiefScarf":22,"aspiration:Nostalgia":0,"StuffTheSpire:ForceGauntlet":3,"conspire:Boomerang":29,"potionbrewer:ToyAutogyro":47,"hubris:Zylophone":25,"jedi:heavyjacket":28,"Replay:Baseball":44,"Bronze Scales":0,"hubris:PeanutButter":0,"StuffTheSpire:DarkSteelAnvil":0,"Nloth\u0027s Gift":21,"ReplayTheSpireMod:TigerMarble":0,"StuffTheSpire:PointBlank":23,"Grinning Jar":20,"aspiration:HatOfInfinitePower":55,"Pocketwatch":31,"Darkstone Periapt":48,"ReplayFunnel":45,"conspire:SpecialSausage":17,"halation:WeightlessCrab":28,"hubris:SlimyHat":40,"Replay:Mystery Machine":28,"PrismaticShard":21,"conspire:TopHat":30,"ClockworkSouvenir":23,"aspiration:StickyExplosives_weak":50,"StuffTheSpire:Experiment12":42,"Nunchaku":26,"Dream Catcher":44,"TheAbacus":30,"hubris:Icosahedron":5,"Mummified Hand":31,"Pantograph":54,"jedi:cryingmask":42,"StuffTheSpire:Nightcore":12,"halation:LettersToHer":13,"Gremlin Food":0,"BargainBundle":53,"RobotSpaceExplorer:RoboCore":2,"aspiration:SecretTechniqueScroll":17,"Medical Kit":40,"Mercury Hourglass":35,"jedi:fakemustache":0,"Anchor":0,"CaptainsWheel":48,"jedi:ominousloannote":0,"halation:EternalFortune":11,"hubris:GrandSneckoEye":34,"aspiration:RitualDagger":39,"potionbrewer:SlideRule":35,"FossilizedHelix":30,"hubris:OldNail":3},{"construct:FoamFinger":18,"StuffTheSpire:BottledEssence":33,"aspiration:PoetsPen_weak":34,"Ginger":44,"hubris:MysteriousPyramids":33,"Sling":44,"Boot":91,"jedi:shrinkray":5,"halation:RedSoulGem":48,"StuffTheSpire:SapphireSignet":71,"Blood Vial":72,"jedi:firstaidkit":45,"MealTicket":42,"Kunai":13,"Replay:Wax Seal":91,"halation:QuantumPhysicsTextbook":57,"Counterbalance":30,"potionbrewer:Torch":41,"RobotSpaceExplorer:FoglandsKnife":72,"hubris:BottledHeart":82,"halation:Jellyphish":29,"Pandora\u0027s Box":10,"aspiration:SilentSkillbook":54,"StrikeDummy":19,"hubris:Reverence":27,"Regal Pillow":43,"Lantern":49,"Torii":26,"halation:Sosunser":13,"champ:ChampionCrown":0,"Blue Doll":105,"StuffTheSpire:GrapeVine":38,"Burning Blood":0,"Replay:Rubber Ducky":38,"Matryoshka":20,"hubris:Backtick":33,"Shovel":56,"Toolbox":25,"halation:PinkAlligatorPlush":43,"Replay:Bottled Eggs":26,"StuffTheSpire:TintedRock":91,"Runesmith:Nanobots":86,"halation:MonkeysPaw":32,"Replay:M_StaffOfTheSnake":45,"halation:BottledLove":53,"jedi:gremlinknob":19,"StuffTheSpire:Expresso":105,"Circlet":112,"Thread and Needle":37,"betterThird:NestCultRelic":11,"jedi:crownofsimplicity":27,"Frozen Egg 2":45,"Replay:Arrowhead":34,"Art of War":72,"halation:AfternoonTea":32,"Runesmith:AutoHammer":69,"halation:TwoAmDonut":88,"conspire:DeflatedDodgeball":50,"hubris:CrackedHourglass":81,"ReplayTheSpireMod:Lightbulb":38,"halation:Trompette":26,"halation:PeacePiece":40,"Ice Cream":37,"Calipers":58,"hubris:CrystalStatue":95,"Gremlin Horn":36,"potionbrewer:AlchemistFlask":43,"Vajra":72,"Sozu":61,"Lizard Tail":72,"aspiration:MobileForge":38,"Strawberry":89,"conspire:DecoderRing":96,"Prayer Wheel":39,"aspiration:ArtOfWarUpgrade":76,"jedi:ashlotus":35,"halation:KoshaPiece":67,"Happy Flower":4,"wanderingMiniBosses:ThiefScarf":25,"aspiration:Nostalgia":0,"StuffTheSpire:ForceGauntlet":93,"conspire:Boomerang":29,"potionbrewer:ToyAutogyro":40,"hubris:Zylophone":104,"jedi:heavyjacket":105,"Replay:Baseball":65,"Bronze Scales":72,"hubris:PeanutButter":13,"StuffTheSpire:DarkSteelAnvil":45,"Nloth\u0027s Gift":24,"ReplayTheSpireMod:TigerMarble":72,"StuffTheSpire:PointBlank":103,"Grinning Jar":24,"aspiration:HatOfInfinitePower":44,"Pocketwatch":31,"Darkstone Periapt":41,"ReplayFunnel":65,"conspire:SpecialSausage":22,"halation:WeightlessCrab":28,"hubris:SlimyHat":111,"Replay:Mystery Machine":28,"PrismaticShard":102,"conspire:TopHat":30,"ClockworkSouvenir":25,"aspiration:StickyExplosives_weak":42,"StuffTheSpire:Experiment12":63,"Nunchaku":27,"Dream Catcher":113,"TheAbacus":30,"hubris:Icosahedron":48,"Mummified Hand":31,"Pantograph":70,"jedi:cryingmask":37,"StuffTheSpire:Nightcore":20,"halation:LettersToHer":79,"Gremlin Food":13,"BargainBundle":118,"RobotSpaceExplorer:RoboCore":15,"aspiration:SecretTechniqueScroll":100,"Medical Kit":36,"Mercury Hourglass":33,"jedi:fakemustache":72,"Anchor":13,"CaptainsWheel":41,"jedi:ominousloannote":72,"halation:EternalFortune":6,"hubris:GrandSneckoEye":108,"aspiration:RitualDagger":35,"potionbrewer:SlideRule":109,"FossilizedHelix":58,"hubris:OldNail":93},{"construct:FoamFinger":66,"StuffTheSpire:BottledEssence":126,"aspiration:PoetsPen_weak":130,"Ginger":169,"hubris:MysteriousPyramids":126,"Sling":169,"Boot":319,"jedi:shrinkray":17,"halation:RedSoulGem":181,"StuffTheSpire:SapphireSignet":244,"Blood Vial":249,"jedi:firstaidkit":174,"MealTicket":159,"Kunai":50,"Replay:Wax Seal":319,"halation:QuantumPhysicsTextbook":211,"Counterbalance":115,"potionbrewer:Torch":155,"RobotSpaceExplorer:FoglandsKnife":249,"hubris:BottledHeart":282,"halation:Jellyphish":111,"Pandora\u0027s Box":39,"aspiration:SilentSkillbook":204,"StrikeDummy":68,"hubris:Reverence":105,"Regal Pillow":164,"Lantern":187,"Torii":101,"halation:Sosunser":50,"champ:ChampionCrown":0,"Blue Doll":378,"StuffTheSpire:GrapeVine":143,"Burning Blood":0,"Replay:Rubber Ducky":143,"Matryoshka":74,"hubris:Backtick":126,"Shovel":208,"Toolbox":98,"halation:PinkAlligatorPlush":164,"Replay:Bottled Eggs":101,"StuffTheSpire:TintedRock":319,"Runesmith:Nanobots":300,"halation:MonkeysPaw":121,"Replay:M_StaffOfTheSnake":174,"halation:BottledLove":193,"jedi:gremlinknob":68,"StuffTheSpire:Expresso":378,"Circlet":407,"Thread and Needle":139,"betterThird:NestCultRelic":42,"jedi:crownofsimplicity":105,"Frozen Egg 2":174,"Replay:Arrowhead":130,"Art of War":249,"halation:AfternoonTea":121,"Runesmith:AutoHammer":239,"halation:TwoAmDonut":305,"conspire:DeflatedDodgeball":188,"hubris:CrackedHourglass":278,"ReplayTheSpireMod:Lightbulb":143,"halation:Trompette":101,"halation:PeacePiece":150,"Ice Cream":139,"Calipers":214,"hubris:CrystalStatue":334,"Gremlin Horn":135,"potionbrewer:AlchemistFlask":164,"Vajra":249,"Sozu":220,"Lizard Tail":249,"aspiration:MobileForge":143,"Strawberry":308,"conspire:DecoderRing":337,"Prayer Wheel":146,"aspiration:ArtOfWarUpgrade":257,"jedi:ashlotus":132,"halation:KoshaPiece":233,"Happy Flower":15,"wanderingMiniBosses:ThiefScarf":98,"aspiration:Nostalgia":0,"StuffTheSpire:ForceGauntlet":325,"conspire:Boomerang":111,"potionbrewer:ToyAutogyro":150,"hubris:Zylophone":375,"jedi:heavyjacket":378,"Replay:Baseball":228,"Bronze Scales":249,"hubris:PeanutButter":50,"StuffTheSpire:DarkSteelAnvil":174,"Nloth\u0027s Gift":92,"ReplayTheSpireMod:TigerMarble":249,"StuffTheSpire:PointBlank":371,"Grinning Jar":92,"aspiration:HatOfInfinitePower":169,"Pocketwatch":118,"Darkstone Periapt":155,"ReplayFunnel":228,"conspire:SpecialSausage":84,"halation:WeightlessCrab":108,"hubris:SlimyHat":402,"Replay:Mystery Machine":108,"PrismaticShard":366,"conspire:TopHat":115,"ClockworkSouvenir":98,"aspiration:StickyExplosives_weak":159,"StuffTheSpire:Experiment12":223,"Nunchaku":105,"Dream Catcher":412,"TheAbacus":115,"hubris:Icosahedron":181,"Mummified Hand":118,"Pantograph":242,"jedi:cryingmask":139,"StuffTheSpire:Nightcore":74,"halation:LettersToHer":269,"Gremlin Food":50,"BargainBundle":428,"RobotSpaceExplorer:RoboCore":57,"aspiration:SecretTechniqueScroll":358,"Medical Kit":135,"Mercury Hourglass":126,"jedi:fakemustache":249,"Anchor":50,"CaptainsWheel":155,"jedi:ominousloannote":249,"halation:EternalFortune":20,"hubris:GrandSneckoEye":391,"aspiration:RitualDagger":132,"potionbrewer:SlideRule":395,"FossilizedHelix":214,"hubris:OldNail":325}],"Mercury Hourglass":[98]},"card_choices":[{"not_picked":["RobotSpaceExplorer:SlimeMissile","RobotSpaceExplorer:Electropulse"],"picked":"RobotSpaceExplorer:IronShell","floor":1.0},{"not_picked":["RobotSpaceExplorer:Probe","RobotSpaceExplorer:FranticSearch"],"picked":"RobotSpaceExplorer:MiniDrones","floor":2.0},{"not_picked":["RobotSpaceExplorer:FranticSearch","RobotSpaceExplorer:ShovelStrike"],"picked":"RobotSpaceExplorer:Fix","floor":4.0},{"not_picked":["RobotSpaceExplorer:ScrapShield","RobotSpaceExplorer:BigMissile"],"picked":"RobotSpaceExplorer:Jetpack","floor":6.0},{"not_picked":["RobotSpaceExplorer:Electropulse","RobotSpaceExplorer:ShovelStrike","RobotSpaceExplorer:SurgingShield"],"picked":"SKIP","floor":8.0},{"not_picked":["RobotSpaceExplorer:SwiftStep","RobotSpaceExplorer:SlimeMissile","RobotSpaceExplorer:ShovelStrike"],"picked":"SKIP","floor":11.0},{"not_picked":["RobotSpaceExplorer:StunGrenade","RobotSpaceExplorer:Probe"],"picked":"RobotSpaceExplorer:ToxicBomb","floor":12.0},{"not_picked":["RobotSpaceExplorer:DoubleBlock","RobotSpaceExplorer:Fix"],"picked":"RobotSpaceExplorer:Calculate","floor":13.0},{"not_picked":["RobotSpaceExplorer:BlastShield","RobotSpaceExplorer:DroneSwarm"],"picked":"RobotSpaceExplorer:Autoloader","floor":16.0},{"not_picked":["RobotSpaceExplorer:FrostMissile","RobotSpaceExplorer:Electroshield+1"],"picked":"RobotSpaceExplorer:ScrapToss","floor":18.0},{"not_picked":["RobotSpaceExplorer:Pulsar","RobotSpaceExplorer:StarLightning","RobotSpaceExplorer:Ammunition"],"picked":"SKIP","floor":20.0},{"not_picked":["RobotSpaceExplorer:LaserBurst","RobotSpaceExplorer:Pulsar"],"picked":"RobotSpaceExplorer:Jetpack+1","floor":21.0},{"not_picked":["TheCursedMod:CursedMace","StuffTheSpire:Resist"],"picked":"hermit:Quickdraw","floor":23.0},{"not_picked":["Runesmith:HammerThrow","hermit:Manifest"],"picked":"stsjorbsmod:Rebuke","floor":25.0},{"not_picked":["potionbrewer:Contingency","OortCloud","AbbyMod:AceInTheHole"],"picked":"SKIP","floor":27.0},{"not_picked":["conspire:HitWhereItHurts","potionbrewer:TimeBomb"],"picked":"Self Repair+1","floor":30.0},{"not_picked":["Replay:BluntJabs","Heel Hook"],"picked":"MilkyWay+1","floor":31.0},{"not_picked":["HandOfGreed","Shade:Coordination"],"picked":"Night Terror","floor":33.0},{"not_picked":["Shade:CommandSoldier","hermit:Roulette","Occultation"],"picked":"SKIP","floor":35.0},{"not_picked":["FierceSweep","stsjorbsmod:Commune"],"picked":"Thunderclap+1","floor":37.0},{"not_picked":["MokouMod:SearingShot","stsjorbsmod:Siphon"],"picked":"DochyakuKami+1","floor":40.0},{"not_picked":["Negative_Energy_Mist","MysteriousBeam","CrushJoints"],"picked":"SKIP","floor":42.0},{"not_picked":["jedi:hate+1","MokouMod:Cataclysm+1"],"picked":"conspire:PoisonWeapons+1","floor":44.0},{"not_picked":["Death_Knell","True Grit+1"],"picked":"potionbrewer:Bribery","floor":45.0},{"not_picked":["Runesmith:Permafrost+1","Evaluate","AbbyMod:SuperMuscular"],"picked":"SKIP","floor":46.0},{"not_picked":["Dodge and Roll","TheCursedMod:RavingStaff+1","Replay:ManipulateFuture"],"picked":"SKIP","floor":47.0},{"not_picked":["Chill_Blood","hermit:Cheat+1"],"picked":"UnstableBomb","floor":48.0},{"not_picked":["stsjorbsmod:Index","potionbrewer:ChainReaction+1"],"picked":"AbbyMod:BadGirl","floor":54}],"player_experience":595288,"relics_obtained":[{"floor":6.0,"key":"hubris:CrystalStatue"},{"floor":9.0,"key":"conspire:DecoderRing"},{"floor":12.0,"key":"Art of War"},{"floor":15.0,"key":"Happy Flower"},{"floor":21.0,"key":"PrismaticShard"},{"floor":23.0,"key":"StuffTheSpire:PointBlank"},{"floor":25.0,"key":"hubris:Zylophone"},{"floor":26.0,"key":"Regal Pillow"},{"floor":27.0,"key":"Blue Doll"},{"floor":35.0,"key":"potionbrewer:SlideRule"},{"floor":40.0,"key":"hubris:SlimyHat"},{"floor":42.0,"key":"Mercury Hourglass"},{"floor":42.0,"key":"Circlet"},{"floor":44.0,"key":"Dream Catcher"},{"floor":48.0,"key":"Replay:Baseball"},{"floor":54,"key":"ReplayTheSpireMod:TigerMarble"}],"event_choices":[{"damage_healed":0.0,"max_hp_gain":0.0,"max_hp_loss":0.0,"gold_gain":0.0,"event_name":"conspire:Investor","player_choice":"Leave","floor":5.0,"gold_loss":0.0,"damage_taken":0.0},{"damage_healed":0.0,"max_hp_gain":0.0,"max_hp_loss":0.0,"gold_gain":0.0,"cards_transformed":["RobotSpaceExplorer:Defend","RobotSpaceExplorer:Defend"],"event_name":"Drug Dealer","player_choice":"Became Test Subject","floor":19.0,"gold_loss":0.0,"damage_taken":0.0,"cards_obtained":["RobotSpaceExplorer:IronShell","RobotSpaceExplorer:Accelerator"]},{"damage_healed":0.0,"max_hp_gain":0.0,"max_hp_loss":0.0,"gold_gain":0.0,"event_name":"Accursed Blacksmith","player_choice":"Forge","floor":41.0,"gold_loss":0.0,"damage_taken":0.0,"cards_upgraded":["RobotSpaceExplorer:Accelerator"]}],"is_beta":false,"boss_relics":[{"not_picked":["conspire:SlowCooker","Runesmith:UraniumAnvil"],"picked":"aspiration:SecretTechniqueScroll"},{"not_picked":["Runic Pyramid","Circlet"],"picked":"hubris:GrandSneckoEye"}],"items_purged_floors":[0,0,3,53,53],"is_endless":false,"potions_floor_spawned":[1,2,8,12,20,23,27,30,37,40,47,48,54],"ascension_level":2}}