{"host":"jq8d8epkoknfq6em","time":1609648852,"event":{"mods":["AchievementEnabler","BaseMod","Colored Map","Colored Powertips","Highlight Path","Minty Spire (QoL Compilation)","Quick Restart","StSLib"],"gold_per_floor":[117,137,137,149,164,197,197,230,280,280,305,333,333,348,348,443,443,455,113,123,123,222,222,255,286,298,310,21,21,54,68,68,68,68],"floor_reached":33,"playtime":2640,"items_purged":["Strike_R"],"score":498,"play_id":"48e4a7fc-fa0d-4534-a684-a6cfa9b76c64","local_time":"20210103054052","is_ascension_mode":true,"campfire_choices":[{"data":"Combust","floor":7,"key":"SMITH"},{"floor":10,"key":"REST"},{"data":"Body Slam","floor":13,"key":"SMITH"},{"data":"Fire Breathing","floor":15,"key":"SMITH"},{"data":"Rupture","floor":23,"key":"SMITH"},{"floor":27,"key":"REST"},{"data":"Dual Wield","floor":29,"key":"SMITH"},{"floor":32,"key":"REST"}],"circlet_count":0,"master_deck":["AscendersBane","Strike_R","Strike_R","Strike_R","Defend_R","Defend_R","Defend_R","Defend_R+1","Bash","Combust+1","Battle Trance","Clothesline","Iron Wave","Body Slam+1","Iron Wave","Fire Breathing+1","Power Through","Power Through","Immolate","Iron Wave","Rupture+1","Dual Wield+1","Heavy Blade+1","Battle Trance+1"],"relics":["Burning Blood","WingedGreaves","Happy Flower","Bottled Tornado","Lantern","Odd Mushroom","Dream Catcher","Busted Crown","Oddly Smooth Stone","Art of War","MawBank","Paper Frog","DollysMirror","Anchor","War Paint"],"acts_visited":["Exordium","TheCity"],"potions_floor_usage":[6,8,12,24,30],"damage_taken":[{"damage":7,"enemies":"Small Slimes","floor":1,"turns":3},{"damage":4,"enemies":"Cultist","floor":2,"turns":3},{"damage":6,"enemies":"2 Louse","floor":4,"turns":3},{"damage":12,"enemies":"Exordium Wildlife","floor":5,"turns":4},{"damage":27,"enemies":"Gremlin Nob","floor":6,"turns":4},{"damage":25,"enemies":"Lagavulin","floor":8,"turns":6},{"damage":3,"enemies":"The Mushroom Lair","floor":11,"turns":3},{"damage":16,"enemies":"Gremlin Nob","floor":12,"turns":4},{"damage":2,"enemies":"Looter","floor":14,"turns":2},{"damage":13,"enemies":"Slime Boss","floor":16,"turns":6},{"damage":11,"enemies":"Spheric Guardian","floor":18,"turns":4},{"damage":16,"enemies":"2 Thieves","floor":20,"turns":4},{"damage":34,"enemies":"Book of Stabbing","floor":24,"turns":5},{"damage":25,"enemies":"Slavers","floor":25,"turns":4},{"damage":8,"enemies":"Gremlin Leader","floor":30,"turns":5},{"damage":12,"enemies":"Snecko","floor":31,"turns":4},{"damage":90,"enemies":"Collector","floor":33,"turns":7}],"seed_played":"-7105982164887283778","potions_obtained":[{"floor":5,"key":"Strength Potion"},{"floor":6,"key":"SteroidPotion"},{"floor":11,"key":"Explosive Potion"},{"floor":12,"key":"FairyPotion"},{"floor":18,"key":"Regen Potion"},{"floor":25,"key":"EssenceOfSteel"}],"is_trial":false,"path_per_floor":["M","M","?","M","M","E","R","E","T","R","?","E","R","M","R","B",null,"M","$","M","?","?","R","E","E","T","R","$","R","E","M","R","B"],"character_chosen":"IRONCLAD","items_purchased":["Oddly Smooth Stone","Rupture","Dual Wield","DollysMirror","Anchor"],"campfire_rested":3,"item_purchase_floors":[19,19,19,28,28],"current_hp_per_floor":[71,72,72,72,66,45,45,26,26,47,50,40,40,44,44,37,63,58,58,48,48,48,48,34,15,15,36,36,36,34,28,49,0,0],"gold":68,"neow_bonus":"ONE_RARE_RELIC","is_daily":false,"chose_seed":false,"campfire_upgraded":5,"win_rate":0.0,"timestamp":1609648852,"path_taken":["M","M","?","?","M","E","R","E","T","R","?","E","R","M","R","BOSS","M","$","M","?","?","R","E","E","T","R","?","R","E","M","R","BOSS"],"items_purchased_type":["Relic","Card","Card","Relic","Relic"],"build_version":"2020-12-22","purchased_purges":1,"victory":false,"max_hp_per_floor":[72,72,72,72,72,72,72,72,72,72,72,72,72,72,72,72,72,72,72,72,72,72,72,72,72,72,72,72,72,72,72,72,72,72],"card_choices":[{"not_picked":["Pommel Strike","Heavy Blade"],"picked":"Combust","floor":1},{"not_picked":["Uppercut","Sentinel"],"picked":"Battle Trance","floor":2},{"not_picked":["Heavy Blade","Pommel Strike"],"picked":"Clothesline","floor":4},{"not_picked":["Feel No Pain","Wild Strike"],"picked":"Iron Wave","floor":5},{"not_picked":["Entrench","Clothesline"],"picked":"Body Slam","floor":6},{"not_picked":["Flex","Rampage"],"picked":"Iron Wave","floor":8},{"not_picked":["Uppercut","Clothesline"],"picked":"Fire Breathing","floor":11},{"not_picked":["Headbutt","Shockwave"],"picked":"Power Through","floor":12},{"not_picked":["Heavy Blade","Disarm"],"picked":"Power Through","floor":14},{"not_picked":["Brutality","Feed"],"picked":"Immolate","floor":16},{"not_picked":[],"picked":"Iron Wave","floor":18},{"not_picked":["Cleave"],"picked":"SKIP","floor":20},{"not_picked":["Infernal Blade"],"picked":"SKIP","floor":24},{"not_picked":[],"picked":"Heavy Blade+1","floor":25},{"not_picked":["Sever Soul+1"],"picked":"SKIP","floor":30},{"not_picked":["Rampage"],"picked":"SKIP","floor":31}],"player_experience":903848,"relics_obtained":[{"floor":6,"key":"Happy Flower"},{"floor":8,"key":"Bottled Tornado"},{"floor":9,"key":"Lantern"},{"floor":11,"key":"Odd Mushroom"},{"floor":12,"key":"Dream Catcher"},{"floor":24,"key":"Art of War"},{"floor":25,"key":"MawBank"},{"floor":26,"key":"Paper Frog"},{"floor":30,"key":"War Paint"}],"event_choices":[{"cards_removed":["Strike_R"],"damage_healed":0,"gold_gain":0,"player_choice":"Purged","damage_taken":0,"max_hp_gain":0,"max_hp_loss":0,"event_name":"Purifier","floor":3,"gold_loss":0},{"damage_healed":0,"gold_gain":0,"player_choice":"Fought Mushrooms","damage_taken":0,"max_hp_gain":0,"max_hp_loss":0,"event_name":"Mushrooms","floor":11,"gold_loss":0},{"damage_healed":0,"gold_gain":0,"player_choice":"Ignored","damage_taken":0,"max_hp_gain":0,"max_hp_loss":0,"event_name":"Ghosts","floor":21,"gold_loss":0},{"damage_healed":0,"gold_gain":99,"player_choice":"Stole From Cult","damage_taken":0,"max_hp_gain":0,"max_hp_loss":0,"event_name":"Nest","floor":22,"gold_loss":0}],"is_beta":false,"boss_relics":[{"not_picked":["Runic Cube","SlaversCollar"],"picked":"Busted Crown"}],"items_purged_floors":[19],"is_endless":false,"potions_floor_spawned":[5,6,11,12,18,25],"killed_by":"Collector","ascension_level":11}}