{"host":"4sjakdxyb9lejcxv","time":1609643347,"event":{"mods":["BaseMod","Downfall","Minty Spire (QoL Compilation)","StSLib"],"gold_per_floor":[99,99,99,99,99,116,141,176,276,286,300,333,349,366,376,376,376,376],"floor_reached":16,"playtime":1706,"items_purged":[],"score":112,"play_id":"8f238649-a5eb-4e13-b925-0cf2c90a00c8","local_time":"20210102220907","is_ascension_mode":false,"campfire_choices":[{"data":"Slimebound:Split","floor":1,"key":"SMITH"}],"circlet_count":0,"master_deck":["Slimebound:Strike_Slimebound","Slimebound:Strike_Slimebound","Slimebound:Strike_Slimebound","Slimebound:Tackle","Slimebound:Defend_Slimebound","Slimebound:Defend_Slimebound+1","Slimebound:Defend_Slimebound","Slimebound:Defend_Slimebound","Slimebound:Split+1","Slimebound:CorrosiveSpit","Slimebound:SplitLeeching+1","Slimebound:Gluttony","Slimebound:Replication","Slimebound:SplitMire","Slimebound:DouseInSlime","Slimebound:Schlurp","Slimebound:SplitMire","Slimebound:ProtectTheBoss","Slimebound:SlimeBarrage+1","Slimebound:RainOfGoop","Slimebound:LeechEnergy+1","Slimebound:SplitBruiser"],"relics":["Slimebound:AbsorbEndCombat","downfall:HeartsMalice","Lantern","War Paint","Toy Ornithopter","Molten Egg 2"],"acts_visited":["Exordium"],"potions_floor_usage":[9],"damage_taken":[{"damage":0,"enemies":"Small Slimes","floor":2,"turns":1},{"damage":0,"enemies":"2 Louse","floor":4,"turns":1},{"damage":0,"enemies":"downfall:FleeingMerchant","floor":5,"turns":1},{"damage":16,"enemies":"Cultist","floor":6,"turns":4},{"damage":41,"enemies":"Lagavulin","floor":8,"turns":8},{"damage":35,"enemies":"downfall:LadyInBlue","floor":9,"turns":11},{"damage":16,"enemies":"Blue Slaver","floor":10,"turns":4},{"damage":28,"enemies":"Exordium Thugs","floor":11,"turns":5},{"damage":42,"enemies":"3 Sentries","floor":12,"turns":11},{"damage":8,"enemies":"Red Slaver","floor":13,"turns":3},{"damage":26,"enemies":"Large Slime","floor":14,"turns":5},{"damage":27,"enemies":"Gremlin Gang","floor":15,"turns":3},{"damage":21,"enemies":"downfall:Ironclad","floor":16,"turns":2}],"seed_played":"-3103358722322640133","potions_obtained":[{"floor":6,"key":"Slimebound:SlimyTonguePotion"},{"floor":8,"key":"SkillPotion"},{"floor":9,"key":"DistilledChaos"},{"floor":9,"key":"SteroidPotion"},{"floor":12,"key":"Energy Potion"}],"is_trial":false,"path_per_floor":["R","M","?","M","$","M","T","E","?","M","M","E","M","M","M","B"],"character_chosen":"SLIMEBOUND","items_purchased":[],"campfire_rested":0,"item_purchase_floors":[],"current_hp_per_floor":[60,60,48,48,48,46,46,31,32,36,34,24,26,28,17,0,0,0],"gold":376,"neow_bonus":"THREE_ENEMY_KILL","is_daily":false,"chose_seed":false,"campfire_upgraded":1,"win_rate":0.0,"timestamp":1609643347,"path_taken":["R","M","?","M","$","M","T","E","?","?","M","E","M","M","M","BOSS"],"items_purchased_type":[],"build_version":"2020-12-22","purchased_purges":0,"victory":false,"max_hp_per_floor":[60,60,60,60,60,60,60,60,60,60,60,60,60,60,60,60,60,60],"card_choices":[{"not_picked":["Slimebound:GrowthPunch","Slimebound:SplitMire"],"picked":"Slimebound:SplitLeeching","floor":2},{"not_picked":["Slimebound:PressTheAttack","Slimebound:ForwardTackle"],"picked":"Slimebound:Gluttony","floor":4},{"not_picked":["Slimebound:ViciousTackle","Slimebound:GrowthPunch"],"picked":"Slimebound:Replication","floor":5},{"not_picked":["Slimebound:FlameTackle","Slimebound:SlimeSpikes"],"picked":"Slimebound:SplitMire","floor":6},{"not_picked":["Slimebound:LevelUp","Slimebound:SamplingLick"],"picked":"Slimebound:DouseInSlime","floor":8},{"not_picked":["Slimebound:Grow","Slimebound:ViciousTackle"],"picked":"Slimebound:Schlurp","floor":9},{"not_picked":["Slimebound:Chomp","Slimebound:SlimeSpikes"],"picked":"Slimebound:SplitMire","floor":10},{"not_picked":["Slimebound:ComboTackle","Slimebound:Schlurp"],"picked":"Slimebound:ProtectTheBoss","floor":11},{"not_picked":["Slimebound:GoopTackle+1","Slimebound:Dissolve"],"picked":"Slimebound:SlimeBarrage+1","floor":12},{"not_picked":["Slimebound:SlimeBarrage+1","Slimebound:SplitLeeching"],"picked":"Slimebound:RainOfGoop","floor":13},{"not_picked":["Slimebound:DuplicatedForm","Slimebound:SplitAcid"],"picked":"Slimebound:LeechEnergy+1","floor":14},{"not_picked":["Slimebound:SplitLeeching","Slimebound:SplitMire"],"picked":"Slimebound:SplitBruiser","floor":15}],"player_experience":189525,"relics_obtained":[{"floor":8,"key":"War Paint"},{"floor":9,"key":"Toy Ornithopter"},{"floor":12,"key":"Molten Egg 2"}],"event_choices":[{"damage_healed":0,"gold_gain":0,"player_choice":"Success","damage_taken":12,"relics_obtained":["Lantern"],"max_hp_gain":0,"max_hp_loss":0,"event_name":"Scrap Ooze","floor":3,"gold_loss":0}],"is_beta":false,"boss_relics":[],"items_purged_floors":[],"is_endless":false,"potions_floor_spawned":[6,8,10,12,14],"killed_by":"downfall:Ironclad","ascension_level":0}}