{"host":"Jinnai","time":1609698328,"event":{"mods":["BaseMod","Bestiary","Block Reminder","Colored Map","Colored Powertips","Highlight Path","Minty Spire (QoL Compilation)","Quick Restart","Relic Stats"],"gold_per_floor":[11,25,45,0,20,50,50,65,113,142,160,160,176,141,141,215,215,234,234,253,266,316,316,316],"floor_reached":23,"playtime":1459,"items_purged":[],"score":400,"play_id":"780ec0d4-b094-4f7a-b919-713f1f0a7b4a","local_time":"20210103132528","is_ascension_mode":true,"campfire_choices":[{"floor":7.0,"key":"REST"},{"data":"Fasting2","floor":15,"key":"SMITH"}],"circlet_count":0,"master_deck":["AscendersBane","Strike_P","Strike_P","Strike_P","Strike_P","Defend_P","Defend_P","Defend_P","Vigilance","JustLucky","Consecrate","Fasting2+1","Halt","Weave","Halt","JustLucky","Tantrum","Devotion+1","Wireheading","FlurryOfBlows","ClearTheMind+1"],"relics":["PureWater","Unceasing Top","Matryoshka","Sundial","Bag of Preparation","Toy Ornithopter","Empty Cage"],"acts_visited":["Exordium","TheCity"],"potions_floor_usage":[18,21,23],"damage_taken":[{"damage":6.0,"enemies":"Jaw Worm","floor":1.0,"turns":6.0},{"damage":5.0,"enemies":"2 Louse","floor":2.0,"turns":2.0},{"damage":9.0,"enemies":"Small Slimes","floor":3.0,"turns":3.0},{"damage":10.0,"enemies":"Blue Slaver","floor":5.0,"turns":4.0},{"damage":16.0,"enemies":"Gremlin Nob","floor":6.0,"turns":3.0},{"damage":2.0,"enemies":"2 Fungi Beasts","floor":8.0,"turns":3.0},{"damage":17.0,"enemies":"3 Sentries","floor":10.0,"turns":11.0},{"damage":0.0,"enemies":"Looter","floor":11.0,"turns":2.0},{"damage":0,"enemies":"Exordium Wildlife","floor":13,"turns":3},{"damage":15,"enemies":"The Guardian","floor":16,"turns":5},{"damage":16,"enemies":"Chosen","floor":18,"turns":4},{"damage":0,"enemies":"Spheric Guardian","floor":20,"turns":1},{"damage":24,"enemies":"3 Cultists","floor":21,"turns":3},{"damage":31,"enemies":"Book of Stabbing","floor":23,"turns":4}],"seed_played":"-2472945695736247027","potions_obtained":[{"floor":6.0,"key":"EssenceOfSteel"},{"floor":8.0,"key":"Ambrosia"},{"floor":10.0,"key":"Swift Potion"},{"floor":16,"key":"AttackPotion"},{"floor":20,"key":"ColorlessPotion"},{"floor":21,"key":"Strength Potion"}],"is_trial":false,"path_per_floor":["M","M","M","?","M","E","R","M","T","E","M","?","M","?","R","B",null,"M","?","M","M","?","E"],"character_chosen":"WATCHER","items_purchased":[],"campfire_rested":1,"item_purchase_floors":[],"current_hp_per_floor":[55,50,41,41,31,15,35,33,33,16,16,16,16,33,33,18,56,45,45,45,26,26,0,0],"gold":316,"neow_bonus":"ONE_RARE_RELIC","is_daily":false,"chose_seed":false,"campfire_upgraded":1,"win_rate":0.0,"timestamp":1609698328,"path_taken":["M","M","M","?","M","E","R","M","T","E","M","?","M","?","R","BOSS","M","?","?","M","?","E"],"items_purchased_type":[],"build_version":"2020-12-18","purchased_purges":0,"victory":false,"max_hp_per_floor":[68,68,68,68,68,68,68,68,68,68,68,68,68,68,68,68,68,68,68,68,68,68,68,68],"relic_stats":{"counters":[14,54],"Sundial":[2],"Bag of Preparation":[16],"obtain_stats":[{"Matryoshka":6,"Sundial":9,"Bag of Preparation":9,"PureWater":0,"Empty Cage":17,"Unceasing Top":0,"Toy Ornithopter":10},{"Matryoshka":5,"Sundial":6,"Bag of Preparation":6,"PureWater":0,"Empty Cage":10,"Unceasing Top":0,"Toy Ornithopter":7},{"Matryoshka":18,"Sundial":21,"Bag of Preparation":21,"PureWater":0,"Empty Cage":42,"Unceasing Top":0,"Toy Ornithopter":32}],"Unceasing Top":[4],"Toy Ornithopter":15},"card_choices":[{"not_picked":["Crescendo","Sanctity"],"picked":"JustLucky","floor":1.0},{"not_picked":["SashWhip","EmptyFist"],"picked":"Consecrate","floor":2.0},{"not_picked":["MentalFortress","TalkToTheHand"],"picked":"Fasting2","floor":3.0},{"not_picked":["TalkToTheHand","EmptyBody"],"picked":"Halt","floor":5.0},{"not_picked":["Swivel","CrushJoints"],"picked":"Weave","floor":6.0},{"not_picked":["Protect","Study"],"picked":"Halt","floor":8.0},{"not_picked":["Halt","PathToVictory","ClearTheMind"],"picked":"SKIP","floor":10.0},{"not_picked":["Swivel","Protect"],"picked":"JustLucky","floor":11.0},{"not_picked":["FlurryOfBlows","DeceiveReality"],"picked":"Tantrum","floor":13},{"not_picked":["SpiritShield","Brilliance"],"picked":"Devotion","floor":16},{"not_picked":["EmptyBody","Vengeance"],"picked":"Wireheading","floor":18},{"not_picked":["ThirdEye","ReachHeaven"],"picked":"FlurryOfBlows","floor":20},{"not_picked":["FlurryOfBlows","SashWhip+1"],"picked":"ClearTheMind+1","floor":21}],"player_experience":1497062,"relics_obtained":[{"floor":6.0,"key":"Matryoshka"},{"floor":9.0,"key":"Sundial"},{"floor":9.0,"key":"Bag of Preparation"},{"floor":10.0,"key":"Toy Ornithopter"}],"event_choices":[{"damage_healed":0.0,"max_hp_gain":0.0,"max_hp_loss":0.0,"gold_gain":0.0,"event_name":"World of Goop","player_choice":"Left Gold","floor":4.0,"gold_loss":45.0,"damage_taken":0.0},{"damage_healed":0.0,"max_hp_gain":0.0,"max_hp_loss":0.0,"gold_gain":0.0,"event_name":"Golden Wing","player_choice":"Ignored","floor":12.0,"gold_loss":0.0,"damage_taken":0.0},{"damage_healed":17,"gold_gain":0,"player_choice":"Healed","damage_taken":0,"max_hp_gain":0,"max_hp_loss":0,"event_name":"The Cleric","floor":14,"gold_loss":35},{"damage_healed":0,"gold_gain":0,"player_choice":"Forge","damage_taken":0,"max_hp_gain":0,"max_hp_loss":0,"event_name":"Accursed Blacksmith","floor":19,"gold_loss":0,"cards_upgraded":["Devotion"]},{"damage_healed":0,"gold_gain":50,"player_choice":"Stole From Cult","damage_taken":0,"max_hp_gain":0,"max_hp_loss":0,"event_name":"Nest","floor":22,"gold_loss":0}],"is_beta":true,"boss_relics":[{"not_picked":["SacredBark","Sozu"],"picked":"Empty Cage"}],"items_purged_floors":[],"is_endless":false,"potions_floor_spawned":[6,8,10,16,20,21],"killed_by":"Book of Stabbing","ascension_level":19}}