{"host":"cr892wvdvh6p7gzy","time":1609708801,"event":{"mods":["A Magickal Journey","BaseMod","Downfall","GifTheSpireLib","Minty Spire (QoL Compilation)","READ ME - Guardian Mod","SOS???????","StSLib","The Bug Knight","The Dragon Tamer","The Necromancer","The Runesmith","The Servant 0.9.4","???Mod??????Boss"],"gold_per_floor":[119,119,119,135,148,148,159,172,224,224,242,260,14,14,14,110,110,120,140,140,152,167,167,181,181,205,216,234,234,234,244,244,347,347,360,360,373,373,373,373],"floor_reached":38,"playtime":3128,"items_purged":[],"score":424,"play_id":"a0536ae7-29a0-4227-8710-0f29eed37935","local_time":"20210103222001","is_ascension_mode":false,"metric_token":925,"campfire_choices":[{"data":"DTMod:DoubleHit","floor":6,"key":"SMITH"},{"data":"DTMod:ForkedFire","floor":10,"key":"SMITH"},{"data":"DTMod:BreakAttack","floor":15,"key":"SMITH"},{"data":"DTMod:FlameSlash","floor":23,"key":"SMITH"},{"data":"DTMod:Outburst","floor":25,"key":"SMITH"},{"floor":32,"key":"REST"}],"dtmod_dragon_data":[57,58,1,0,8,0],"circlet_count":0,"master_deck":["DTMod:Strike","DTMod:Strike","DTMod:Strike","DTMod:Strike","DTMod:DoubleHit+1","DTMod:TargetDefense","DTMod:TargetDefense","DTMod:TargetDefense","DTMod:TargetDefense","DTMod:SwitchingTactic","DTMod:FlameSlash+1","DTMod:BlueScale","DTMod:BreakAttack+1","DTMod:ForkedFire+1","DTMod:Outburst+1","DTMod:ComboAttack+1","DTMod:BlueScale+1","DTMod:Threaten+1","DTMod:Feint+1","DTMod:OpeningTactic"],"relics":["DTMod:PactStone","Orichalcum","Eternal Feather","Velvet Choker","Art of War"],"acts_visited":["Exordium","TheCity","TheBeyond"],"potions_floor_usage":[8,16,18,22,22,24,33],"damage_taken":[{"damage":0,"enemies":"Small Slimes","floor":1,"turns":3},{"damage":0,"enemies":"Jaw Worm","floor":4,"turns":3},{"damage":6,"enemies":"2 Louse","floor":5,"turns":2},{"damage":0,"enemies":"Exordium Thugs","floor":7,"turns":6},{"damage":0,"enemies":"Gremlin Gang","floor":8,"turns":2},{"damage":0,"enemies":"Looter","floor":11,"turns":3},{"damage":0,"enemies":"Large Slime","floor":12,"turns":6},{"damage":0,"enemies":"Slime Boss","floor":16,"turns":6},{"damage":0,"enemies":"3 Byrds","floor":18,"turns":3},{"damage":0,"enemies":"2 Thieves","floor":19,"turns":5},{"damage":0,"enemies":"Centurion and Healer","floor":21,"turns":5},{"damage":0,"enemies":"3 Cultists","floor":22,"turns":3},{"damage":0,"enemies":"Cultist and Chosen","floor":24,"turns":4},{"damage":0,"enemies":"Snake Plant","floor":27,"turns":4},{"damage":0,"enemies":"Snecko","floor":28,"turns":4},{"damage":0,"enemies":"Cultist and Chosen","floor":31,"turns":4},{"damage":43,"enemies":"Champ","floor":33,"turns":14},{"damage":13,"enemies":"3 Shapes","floor":35,"turns":8},{"damage":0,"enemies":"Orb Walker","floor":37,"turns":3}],"seed_played":"-8613665844320160192","potions_obtained":[{"floor":1,"key":"SteroidPotion"},{"floor":8,"key":"DuplicationPotion"},{"floor":11,"key":"SteroidPotion"},{"floor":14,"key":"Fire Potion"},{"floor":14,"key":"Fire Potion"},{"floor":21,"key":"EssenceOfSteel"},{"floor":22,"key":"Explosive Potion"},{"floor":24,"key":"LiquidBronze"},{"floor":28,"key":"BlessingOfTheForge"},{"floor":33,"key":"Strength Potion"}],"is_trial":false,"path_per_floor":["M","?","?","M","M","R","M","M","T","R","M","M","$","?","R","B",null,"M","M","?","M","M","R","M","R","T","M","M","?","?","M","R","B",null,"M","?","M","$"],"character_chosen":"THE_DT","items_purchased":["Eternal Feather"],"campfire_rested":1,"item_purchase_floors":[13],"current_hp_per_floor":[49,49,49,49,43,43,43,43,43,43,43,43,43,43,49,49,49,49,49,49,49,49,49,49,49,49,49,49,42,42,42,54,11,54,41,41,41,41,41,41],"gold":373,"neow_bonus":"TEN_PERCENT_HP_BONUS","is_daily":false,"chose_seed":false,"campfire_upgraded":5,"win_rate":0.0,"timestamp":1609708801,"path_taken":["M","?","?","M","M","R","M","M","T","R","M","M","?","?","R","BOSS","M","M","?","M","?","R","M","R","T","M","M","?","?","M","R","BOSS","M","?","M","$"],"items_purchased_type":["Relic"],"build_version":"2020-12-22","purchased_purges":0,"victory":false,"max_hp_per_floor":[49,49,49,49,49,49,49,49,49,49,49,49,49,49,49,49,49,49,49,49,49,49,49,49,49,49,49,49,54,54,54,54,54,54,54,54,54,54,54,54],"card_choices":[{"not_picked":["DTMod:DarkBreath","DTMod:HeatWave"],"picked":"DTMod:FlameSlash","floor":1},{"not_picked":["DTMod:Punisher","DTMod:BreakAttack","DTMod:TauntingStrike"],"picked":"SKIP","floor":4},{"not_picked":["DTMod:WarmUp","DTMod:Conduct"],"picked":"DTMod:BlueScale","floor":5},{"not_picked":["DTMod:MagicField","DTMod:FlameSlash"],"picked":"DTMod:BreakAttack","floor":7},{"not_picked":["DTMod:RunningTactic","DTMod:Conduct"],"picked":"DTMod:ForkedFire","floor":8},{"not_picked":["DTMod:ExcessFootwork","DTMod:BurningForce","DTMod:Cover"],"picked":"SKIP","floor":11},{"not_picked":["DTMod:FlameSlash","DTMod:CleansingStrike","DTMod:Hide"],"picked":"SKIP","floor":12},{"not_picked":["DTMod:Multitask","DTMod:Harmonize"],"picked":"DTMod:Outburst","floor":16},{"not_picked":["DTMod:CleansingStrike","DTMod:Haste","DTMod:Adaptation"],"picked":"SKIP","floor":18},{"not_picked":["DTMod:FlameSlash","DTMod:BalancedStrike","DTMod:Threaten"],"picked":"SKIP","floor":19},{"not_picked":["DTMod:Overwhelm","DTMod:Hide"],"picked":"DTMod:ComboAttack+1","floor":21},{"not_picked":["DTMod:BreakAttack","DTMod:StarRain","DTMod:MasterPlan"],"picked":"SKIP","floor":22},{"not_picked":["DTMod:LowKick","DTMod:Overwhelm"],"picked":"DTMod:BlueScale+1","floor":24},{"not_picked":["DTMod:HeatWave","DTMod:PurifyingFlame"],"picked":"DTMod:Threaten+1","floor":27},{"not_picked":["DTMod:CrossStep+1","DTMod:FlameSlash"],"picked":"DTMod:Feint+1","floor":28},{"not_picked":["DTMod:RunningTactic","DTMod:TauntingStrike+1","DTMod:BuildUp+1"],"picked":"SKIP","floor":31},{"not_picked":["DTMod:ResonanceForm","DTMod:ShadowImage"],"picked":"DTMod:OpeningTactic","floor":33},{"not_picked":["DTMod:BreakAttack","DTMod:CleansingStrike+1","DTMod:BizarreTactic"],"picked":"SKIP","floor":35},{"not_picked":["DTMod:CleansingStrike+1","DTMod:BalancedStrike+1","DTMod:Haste+1"],"picked":"SKIP","floor":37}],"player_experience":435516,"relics_obtained":[{"floor":9,"key":"Orichalcum"},{"floor":26,"key":"Art of War"}],"event_choices":[{"damage_healed":0,"gold_gain":0,"player_choice":"Ignored","damage_taken":0,"max_hp_gain":0,"max_hp_loss":0,"event_name":"Liars Game","floor":2,"gold_loss":0},{"damage_healed":0,"gold_gain":0,"player_choice":"Ignored","damage_taken":0,"max_hp_gain":0,"max_hp_loss":0,"event_name":"Shining Light","floor":3,"gold_loss":0},{"damage_healed":0,"gold_gain":0,"player_choice":"Got Potions","damage_taken":0,"max_hp_gain":0,"max_hp_loss":0,"event_name":"Lab","floor":14,"gold_loss":0},{"damage_healed":0,"gold_gain":0,"player_choice":"Ignored","damage_taken":0,"max_hp_gain":0,"max_hp_loss":0,"event_name":"Transmorgrifier","floor":20,"gold_loss":0},{"damage_healed":0,"gold_gain":0,"player_choice":"Shed Blood","damage_taken":12,"max_hp_gain":5,"max_hp_loss":0,"event_name":"Forgotten Altar","floor":29,"gold_loss":0},{"damage_healed":0,"gold_gain":0,"player_choice":"Ignored","damage_taken":0,"max_hp_gain":0,"max_hp_loss":0,"event_name":"Beggar","floor":30,"gold_loss":0},{"damage_healed":0,"gold_gain":0,"player_choice":"Ignored","damage_taken":0,"max_hp_gain":0,"max_hp_loss":0,"event_name":"SecretPortal","floor":36,"gold_loss":0}],"is_beta":false,"boss_relics":[{"not_picked":["Runesmith:UraniumAnvil","Astrolabe"],"picked":"Velvet Choker"},{"not_picked":["Fusion Hammer","Philosopher\u0027s Stone","Pandora\u0027s Box"]}],"items_purged_floors":[],"is_endless":false,"potions_floor_spawned":[1,8,11,21,22,24,28,33],"ascension_level":0}}