{"host":"nqsrckqog5ia9mbo","time":1609705960,"event":{"mods":["AchievementEnabler","BaseMod","Colored Map","Highlight Path","Minty Spire (QoL Compilation)"],"gold_per_floor":[110,110,73,73,73,104,104,122,146,159,159,169,186,0,0,103,103,87,87,87,12,57,57,91,91,117,143,143,153,182,193,193,295,295,306,319,319,319,343,343,253,279,351,363,108,118,137,137,137,137,137,137,12,37,37,37],"floor_reached":55,"playtime":4147,"items_purged":["Strike_G","Defend_G","Infinite Blades"],"score":820,"play_id":"c42390c4-d150-4c21-88e8-f6011a9b9007","local_time":"20210103213240","is_ascension_mode":true,"campfire_choices":[{"floor":7.0,"key":"RECALL"},{"data":"Catalyst","floor":11.0,"key":"SMITH"},{"floor":15.0,"key":"REST"},{"data":"Bouncing Flask","floor":23.0,"key":"SMITH"},{"data":"Adrenaline","floor":25.0,"key":"SMITH"},{"data":"Footwork","floor":28.0,"key":"SMITH"},{"floor":32.0,"key":"REST"},{"data":"Burst","floor":40.0,"key":"SMITH"},{"data":"Survivor","floor":49.0,"key":"SMITH"},{"data":"Backflip","floor":52.0,"key":"SMITH"}],"circlet_count":0,"master_deck":["Strike_G+1","Defend_G","Defend_G","Defend_G","Defend_G","Survivor+1","Neutralize+1","Footwork+1","Catalyst+1","Deflect","Flechettes","Bouncing Flask+1","Adrenaline+1","Bane","Dagger Spray+1","Deadly Poison+1","Blur+1","Backflip+1","Burst+1","Night Terror","Calculated Gamble+1"],"relics":["Ring of the Snake","Juzu Bracelet","Pen Nib","Bag of Preparation","HandDrill","HoveringKite","Enchiridion","Whetstone","Tiny Chest","Toy Ornithopter","Red Mask","Busted Crown","Vajra","Blue Candle","Kunai","Lantern","Bottled Flame"],"acts_visited":["Exordium","TheCity","TheBeyond","TheEnding"],"potions_floor_usage":[55,55],"damage_taken":[{"damage":0.0,"enemies":"Jaw Worm","floor":1.0,"turns":6.0},{"damage":45.0,"enemies":"3 Sentries","floor":6.0,"turns":21.0},{"damage":0.0,"enemies":"2 Louse","floor":8.0,"turns":4.0},{"damage":0.0,"enemies":"Small Slimes","floor":10.0,"turns":6.0},{"damage":0.0,"enemies":"Exordium Wildlife","floor":12.0,"turns":4.0},{"damage":0.0,"enemies":"Looter","floor":13.0,"turns":4.0},{"damage":8.0,"enemies":"Hexaghost","floor":16.0,"turns":6.0},{"damage":7.0,"enemies":"2 Thieves","floor":18.0,"turns":4.0},{"damage":3.0,"enemies":"Book of Stabbing","floor":24.0,"turns":5.0},{"damage":0.0,"enemies":"Gremlin Leader","floor":27.0,"turns":6.0},{"damage":2.0,"enemies":"Chosen","floor":29.0,"turns":3.0},{"damage":7.0,"enemies":"Masked Bandits","floor":30.0,"turns":3.0},{"damage":2.0,"enemies":"Snake Plant","floor":31.0,"turns":2.0},{"damage":42.0,"enemies":"Automaton","floor":33.0,"turns":11.0},{"damage":0.0,"enemies":"3 Shapes","floor":35.0,"turns":3.0},{"damage":1.0,"enemies":"Orb Walker","floor":36.0,"turns":2.0},{"damage":0.0,"enemies":"Nemesis","floor":42.0,"turns":4.0},{"damage":0.0,"enemies":"Jaw Worm Horde","floor":44.0,"turns":3.0},{"damage":0.0,"enemies":"4 Shapes","floor":46.0,"turns":3.0},{"damage":0.0,"enemies":"3 Darklings","floor":47.0,"turns":3.0},{"damage":12.0,"enemies":"Donu and Deca","floor":50.0,"turns":8.0},{"damage":0.0,"enemies":"Shield and Spear","floor":54.0,"turns":8.0},{"damage":76,"enemies":"The Heart","floor":55,"turns":6}],"seed_played":"-7770406568141656140","potions_obtained":[{"floor":0.0,"key":"CunningPotion"},{"floor":0.0,"key":"Fruit Juice"},{"floor":0.0,"key":"Regen Potion"},{"floor":6.0,"key":"Dexterity Potion"},{"floor":8.0,"key":"Block Potion"},{"floor":24.0,"key":"Explosive Potion"},{"floor":29.0,"key":"Fire Potion"},{"floor":36.0,"key":"Weak Potion"},{"floor":42.0,"key":"PowerPotion"},{"floor":46.0,"key":"Swift Potion"},{"floor":54.0,"key":"EntropicBrew"}],"is_trial":false,"path_per_floor":["M","?","$","?","?","E","R","M","T","M","R","M","M","$","R","B",null,"M","?","?","$","T","R","E","R","T","E","R","M","?","M","R","B",null,"M","M","?","?","T","R","?","E","T","M","$","M","M","?","R","B",null,"R","$","E","B"],"character_chosen":"THE_SILENT","items_purchased":["Footwork","Bouncing Flask","HandDrill","Lantern"],"campfire_rested":2,"item_purchase_floors":[3,14,14,45],"current_hp_per_floor":[70,52,52,52,52,27,27,27,27,27,27,27,27,27,49,41,75,68,62,46,46,46,46,43,43,43,43,43,41,39,37,59,22,75,75,74,74,74,74,74,74,74,74,74,74,74,74,74,74,63,75,75,75,75,0,0],"gold":37,"neow_bonus":"THREE_SMALL_POTIONS","is_daily":false,"chose_seed":false,"campfire_upgraded":7,"win_rate":0.0,"timestamp":1609705960,"path_taken":["M","?","$","?","?","E","R","M","T","M","R","M","M","$","R","BOSS","M","?","?","$","?","R","E","R","T","E","R","M","?","M","R","BOSS","M","M","?","?","?","R","?","E","T","M","?","M","M","?","R","BOSS","R","$","E","BOSS"],"items_purchased_type":["Card","Card","Relic","Relic"],"build_version":"2020-12-22","purchased_purges":3,"victory":false,"max_hp_per_floor":[70,70,70,70,70,75,75,75,75,75,75,75,75,75,75,75,75,75,75,75,75,75,75,75,75,75,75,75,75,75,75,75,75,75,75,75,75,75,75,75,75,75,75,75,75,75,75,75,75,75,75,75,75,75,75,75],"card_choices":[{"not_picked":["Quick Slash","Skewer"],"picked":"Infinite Blades","floor":1.0},{"not_picked":["Underhanded Strike","Caltrops"],"picked":"Catalyst","floor":6.0},{"not_picked":["Bane","Flying Knee"],"picked":"Deflect","floor":8.0},{"not_picked":["Crippling Poison","Escape Plan"],"picked":"Flechettes","floor":10.0},{"not_picked":["Unload","Blade Dance","Finisher"],"picked":"SKIP","floor":12.0},{"not_picked":["Caltrops","Masterful Stab","Heel Hook"],"picked":"SKIP","floor":13.0},{"not_picked":["Glass Knife","Night Terror"],"picked":"Adrenaline","floor":16.0},{"not_picked":["Well Laid Plans","Deflect"],"picked":"Bane","floor":18.0},{"not_picked":["Leg Sweep","Outmaneuver"],"picked":"Dagger Spray+1","floor":24.0},{"not_picked":["Outmaneuver+1","Quick Slash+1"],"picked":"Deadly Poison+1","floor":27.0},{"not_picked":["Outmaneuver","Bane"],"picked":"Blur+1","floor":29.0},{"not_picked":["Dagger Throw","Skewer"],"picked":"Backflip","floor":30.0},{"not_picked":["Quick Slash","Sucker Punch","Dodge and Roll"],"picked":"SKIP","floor":31.0},{"not_picked":["Corpse Explosion","Malaise"],"picked":"Burst","floor":33.0},{"not_picked":["Underhanded Strike"],"picked":"SKIP","floor":35.0},{"not_picked":["Blade Dance+1"],"picked":"SKIP","floor":36.0},{"not_picked":["Expertise+1"],"picked":"SKIP","floor":42.0},{"not_picked":["Backflip"],"picked":"SKIP","floor":44.0},{"not_picked":["Expertise+1"],"picked":"SKIP","floor":46.0},{"not_picked":[],"picked":"Calculated Gamble+1","floor":47.0},{"not_picked":["Footwork"],"picked":"SKIP","floor":54.0}],"player_experience":116967,"relics_obtained":[{"floor":6.0,"key":"Pen Nib"},{"floor":9.0,"key":"Bag of Preparation"},{"floor":20.0,"key":"Enchiridion"},{"floor":24.0,"key":"Whetstone"},{"floor":26.0,"key":"Tiny Chest"},{"floor":27.0,"key":"Toy Ornithopter"},{"floor":30.0,"key":"Red Mask"},{"floor":39.0,"key":"Vajra"},{"floor":42.0,"key":"Blue Candle"},{"floor":43.0,"key":"Kunai"},{"floor":54.0,"key":"Bottled Flame"}],"event_choices":[{"damage_healed":0.0,"max_hp_gain":0.0,"max_hp_loss":0.0,"gold_gain":0.0,"event_name":"Scrap Ooze","player_choice":"Success","floor":2.0,"gold_loss":0.0,"damage_taken":18.0,"relics_obtained":["Juzu Bracelet"]},{"damage_healed":0.0,"max_hp_gain":0.0,"max_hp_loss":0.0,"gold_gain":0.0,"event_name":"Shining Light","player_choice":"Ignored","floor":4.0,"gold_loss":0.0,"damage_taken":0.0},{"cards_removed":["Strike_G"],"damage_healed":0.0,"max_hp_gain":0.0,"max_hp_loss":0.0,"gold_gain":0.0,"event_name":"Living Wall","player_choice":"Forget","floor":5.0,"gold_loss":0.0,"damage_taken":0.0},{"damage_healed":0.0,"max_hp_gain":0.0,"max_hp_loss":0.0,"gold_gain":0.0,"event_name":"Nest","player_choice":"Joined the Cult","floor":19.0,"gold_loss":0.0,"damage_taken":6.0,"cards_obtained":["RitualDagger"]},{"damage_healed":0.0,"max_hp_gain":0.0,"max_hp_loss":0.0,"gold_gain":0.0,"event_name":"Cursed Tome","player_choice":"Obtained Book","floor":20.0,"gold_loss":0.0,"damage_taken":16.0},{"damage_healed":0.0,"max_hp_gain":0.0,"max_hp_loss":0.0,"gold_gain":0.0,"event_name":"Masked Bandits","player_choice":"Fought Bandits","floor":30.0,"gold_loss":0.0,"damage_taken":0.0},{"damage_healed":0.0,"max_hp_gain":0.0,"max_hp_loss":0.0,"gold_gain":0.0,"event_name":"Mysterious Sphere","player_choice":"Ignored","floor":37.0,"gold_loss":0.0,"damage_taken":0.0},{"damage_healed":0.0,"max_hp_gain":0.0,"max_hp_loss":0.0,"gold_gain":0.0,"cards_transformed":["Strike_G"],"event_name":"Transmorgrifier","player_choice":"Transformed","floor":38.0,"gold_loss":0.0,"damage_taken":0.0,"cards_obtained":["Night Terror"]},{"cards_removed":["Strike_G"],"damage_healed":0.0,"max_hp_gain":0.0,"max_hp_loss":0.0,"gold_gain":0.0,"event_name":"Designer","player_choice":"Upgrade and Remove","floor":41.0,"gold_loss":90.0,"damage_taken":0.0,"cards_upgraded":["RitualDagger"]},{"cards_removed":["RitualDagger"],"damage_healed":0.0,"max_hp_gain":0.0,"max_hp_loss":0.0,"gold_gain":0.0,"event_name":"Falling","player_choice":"Removed Attack","floor":48.0,"gold_loss":0.0,"damage_taken":0.0}],"is_beta":false,"boss_relics":[{"not_picked":["Calling Bell","Philosopher\u0027s Stone"],"picked":"HoveringKite"},{"not_picked":["Empty Cage","WristBlade"],"picked":"Busted Crown"}],"items_purged_floors":[21,45,53],"is_endless":false,"potions_floor_spawned":[6,8,10,16,24,27,29,36,42,46,47,54],"killed_by":"The Heart","ascension_level":1}}