{"host":"z16h96csw6gsetxl","time":1609647457,"event":{"mods":["BaseMod","Minty Spire (QoL Compilation)"],"gold_per_floor":[118,135,135,60,79,79,154,173,173,197,211,111,127,140,140,259,259,282,307,307,307,326,326,370,395,395,92,115,115,133,156,156,156,156],"floor_reached":33,"playtime":3271,"items_purged":["Injury","Defend_R","Writhe"],"score":263,"play_id":"94fdb3ee-528b-4b53-8929-8ad34ae93ffa","local_time":"20210103121737","is_ascension_mode":false,"campfire_choices":[{"floor":15,"key":"REST"},{"floor":23,"key":"REST"},{"floor":29,"key":"REST"},{"floor":32,"key":"REST"}],"circlet_count":0,"master_deck":["Strike_R","Strike_R","Defend_R","Defend_R","Bash","Shrug It Off","Rampage","Headbutt","Pommel Strike","Dropkick","Heavy Blade","Demon Form","Armaments","Dropkick","Pummel","Shrug It Off+1","Magnetism","Dual Wield"],"relics":["Burning Blood","Golden Idol","Paper Frog","Runic Pyramid","CaptainsWheel","Eternal Feather","Bottled Flame","MealTicket"],"acts_visited":["Exordium","TheCity"],"potions_floor_usage":[33],"damage_taken":[{"damage":6,"enemies":"2 Louse","floor":1,"turns":3},{"damage":0,"enemies":"Small Slimes","floor":2,"turns":4},{"damage":1,"enemies":"Jaw Worm","floor":5,"turns":3},{"damage":9,"enemies":"Blue Slaver","floor":8,"turns":3},{"damage":6,"enemies":"Large Slime","floor":10,"turns":5},{"damage":16,"enemies":"Lots of Slimes","floor":11,"turns":4},{"damage":23,"enemies":"3 Louse","floor":13,"turns":3},{"damage":13,"enemies":"2 Fungi Beasts","floor":14,"turns":3},{"damage":32,"enemies":"Hexaghost","floor":16,"turns":9},{"damage":26,"enemies":"Spheric Guardian","floor":18,"turns":5},{"damage":22,"enemies":"Shell Parasite","floor":19,"turns":4},{"damage":5,"enemies":"Snecko","floor":22,"turns":5},{"damage":30,"enemies":"Gremlin Leader","floor":24,"turns":5},{"damage":30,"enemies":"Centurion and Healer","floor":25,"turns":7},{"damage":13,"enemies":"Snake Plant","floor":28,"turns":4},{"damage":87,"enemies":"3 Cultists","floor":30,"turns":8},{"damage":50,"enemies":"Automaton","floor":33,"turns":6}],"seed_played":"3498479752572888155","potions_obtained":[{"floor":2,"key":"ElixirPotion"},{"floor":5,"key":"FairyPotion"},{"floor":10,"key":"HeartOfIron"},{"floor":13,"key":"Swift Potion"},{"floor":14,"key":"FairyPotion"},{"floor":30,"key":"LiquidMemories"}],"is_trial":false,"path_per_floor":["M","M","?","$","M","?","?","M","T","M","M","$","M","M","R","B",null,"M","M","?","?","M","R","E","M","T","$","M","R","M","T","R","B"],"character_chosen":"IRONCLAD","items_purchased":["Magnetism"],"campfire_rested":4,"item_purchase_floors":[27],"current_hp_per_floor":[56,62,62,62,67,67,56,53,53,53,43,43,26,19,43,17,80,60,44,44,44,45,69,45,21,21,21,14,47,30,30,63,13,13],"gold":156,"neow_bonus":"REMOVE_TWO","is_daily":false,"chose_seed":false,"campfire_upgraded":0,"win_rate":0.0,"timestamp":1609647457,"path_taken":["M","M","?","$","M","?","?","M","T","M","M","?","M","M","R","BOSS","M","M","?","?","M","R","E","M","T","$","M","R","M","?","R","BOSS"],"items_purchased_type":["Card"],"build_version":"2020-12-22","purchased_purges":3,"victory":false,"max_hp_per_floor":[80,80,80,80,80,80,80,80,80,80,80,80,80,80,80,80,80,80,80,80,80,80,80,80,80,80,80,80,80,80,80,80,80,80],"card_choices":[{"not_picked":["Clothesline","Anger"],"picked":"Shrug It Off","floor":1},{"not_picked":["Armaments","Dual Wield"],"picked":"Rampage","floor":2},{"not_picked":["Flex","Clothesline","Clash"],"picked":"SKIP","floor":5},{"not_picked":["Pummel","Brutality"],"picked":"Headbutt","floor":8},{"not_picked":["Perfected Strike","Evolve"],"picked":"Pommel Strike","floor":10},{"not_picked":["Combust","Carnage"],"picked":"Dropkick","floor":11},{"not_picked":["Disarm","Clash","Pommel Strike"],"picked":"SKIP","floor":13},{"not_picked":["Combust","Pommel Strike"],"picked":"Heavy Blade","floor":14},{"not_picked":["Brutality","Impervious"],"picked":"Demon Form","floor":16},{"not_picked":["Perfected Strike","Battle Trance"],"picked":"Armaments","floor":18},{"not_picked":["Wild Strike","Flame Barrier"],"picked":"Dropkick","floor":19},{"not_picked":["Reckless Charge+1","Warcry","True Grit"],"picked":"SKIP","floor":22},{"not_picked":["Cleave","Sword Boomerang"],"picked":"Pummel","floor":24},{"not_picked":["Infernal Blade","Wild Strike"],"picked":"Shrug It Off+1","floor":25},{"not_picked":["Fire Breathing","Evolve+1","Sever Soul"],"picked":"SKIP","floor":28},{"not_picked":["Disarm","Body Slam"],"picked":"Dual Wield","floor":30}],"player_experience":21189,"relics_obtained":[{"floor":9,"key":"Paper Frog"},{"floor":24,"key":"Eternal Feather"},{"floor":26,"key":"Bottled Flame"},{"floor":31,"key":"MealTicket"}],"event_choices":[{"damage_healed":0,"gold_gain":0,"player_choice":"Take Wound","damage_taken":0,"relics_obtained":["Golden Idol"],"max_hp_gain":0,"max_hp_loss":0,"event_name":"Golden Idol","floor":3,"gold_loss":0,"cards_obtained":["Injury"]},{"cards_removed":["Strike_R"],"damage_healed":0,"gold_gain":0,"player_choice":"Forget","damage_taken":0,"max_hp_gain":0,"max_hp_loss":0,"event_name":"Living Wall","floor":6,"gold_loss":0},{"damage_healed":0,"gold_gain":75,"player_choice":"Gather Gold","damage_taken":11,"max_hp_gain":0,"max_hp_loss":0,"event_name":"World of Goop","floor":7,"gold_loss":0},{"damage_healed":0,"gold_gain":0,"player_choice":"Opened","damage_taken":0,"relics_obtained":["CaptainsWheel"],"max_hp_gain":0,"max_hp_loss":0,"event_name":"The Mausoleum","floor":20,"gold_loss":0,"cards_obtained":["Writhe"]},{"cards_removed":["Defend_R"],"damage_healed":0,"gold_gain":0,"player_choice":"Elegance","damage_taken":0,"max_hp_gain":0,"max_hp_loss":0,"event_name":"Back to Basics","floor":21,"gold_loss":0}],"is_beta":false,"boss_relics":[{"not_picked":["Cursed Key","Runic Dome"],"picked":"Runic Pyramid"}],"items_purged_floors":[4,12,27],"is_endless":false,"potions_floor_spawned":[2,5,10,13,14,18,22,30],"killed_by":"Automaton","ascension_level":0}}