{"host":"d2y4rmbezebiv8aj","time":1609634859,"event":{"mods":["AchievementEnabler","BaseMod","BetterRewards","Colored Map","Colored Powertips","Custom Start","Highlight Path","Minty Spire (QoL Compilation)","Rare Cards Sparkle","Shop Mod","StSLib","SuperFastMode","Synergy Search"],"gold_per_floor":[111,124,144,163,173,207,217,252,252,252,252,252,284,302,302,404,404,418,418,147,160,160,192,192,218,272,285,285,285,312,324,324,324,324],"floor_reached":33,"playtime":1382,"items_purged":[],"score":376,"play_id":"9eb38eff-6c7b-4892-98e5-1c0b2275240c","local_time":"20210103014739","is_ascension_mode":true,"campfire_choices":[{"floor":10,"key":"REST"},{"floor":12,"key":"REST"},{"floor":15,"key":"REST"},{"floor":24,"key":"REST"},{"floor":28,"key":"REST"},{"floor":32,"key":"REST"}],"circlet_count":0,"master_deck":["Strike_G","Strike_G","Strike_G","Strike_G","Strike_G+1","Defend_G","Defend_G","Defend_G+1","Defend_G","Defend_G","Survivor","Neutralize","All Out Attack","Outmaneuver","PiercingWail","Poisoned Stab","Quick Slash","Die Die Die","Backstab","After Image","Footwork","Flying Knee","After Image","Outmaneuver+1","J.A.X.","Apotheosis","Infinite Blades","Terror","PiercingWail","Backflip+1","Normality","Crippling Poison","Blade Dance","Distraction+1"],"relics":["Ring of the Snake","NeowsBlessing","Snake Skull","Gremlin Horn","Bottled Flame","Darkstone Periapt","Cursed Key","Dead Branch","Mercury Hourglass","MealTicket","Bottled Tornado"],"acts_visited":["Exordium","TheCity"],"potions_floor_usage":[8,13,16,23,25,27,31,33],"damage_taken":[{"damage":0,"enemies":"Jaw Worm","floor":1,"turns":1},{"damage":0,"enemies":"Cultist","floor":2,"turns":1},{"damage":0,"enemies":"Small Slimes","floor":3,"turns":1},{"damage":15,"enemies":"2 Fungi Beasts","floor":4,"turns":4},{"damage":2,"enemies":"3 Louse","floor":5,"turns":3},{"damage":34,"enemies":"Gremlin Nob","floor":6,"turns":5},{"damage":13,"enemies":"Exordium Wildlife","floor":7,"turns":5},{"damage":5,"enemies":"3 Sentries","floor":8,"turns":5},{"damage":19,"enemies":"Gremlin Nob","floor":13,"turns":4},{"damage":0,"enemies":"Looter","floor":14,"turns":3},{"damage":15,"enemies":"The Guardian","floor":16,"turns":14},{"damage":11,"enemies":"Spheric Guardian","floor":18,"turns":5},{"damage":12,"enemies":"3 Byrds","floor":21,"turns":6},{"damage":33,"enemies":"Book of Stabbing","floor":23,"turns":7},{"damage":29,"enemies":"Slavers","floor":25,"turns":5},{"damage":6,"enemies":"Centurion and Healer","floor":27,"turns":7},{"damage":13,"enemies":"Book of Stabbing","floor":30,"turns":3},{"damage":20,"enemies":"Snake Plant","floor":31,"turns":3},{"damage":54,"enemies":"Collector","floor":33,"turns":6}],"seed_played":"-8810273849988166452","potions_obtained":[{"floor":1,"key":"Poison Potion"},{"floor":6,"key":"DuplicationPotion"},{"floor":8,"key":"SpeedPotion"},{"floor":14,"key":"LiquidMemories"},{"floor":16,"key":"SteroidPotion"},{"floor":21,"key":"Explosive Potion"},{"floor":30,"key":"GamblersBrew"},{"floor":31,"key":"Swift Potion"}],"is_trial":false,"path_per_floor":["M","M","M","M","M","E","M","E","T","R","?","R","E","M","R","B",null,"M","?","$","M","?","E","R","E","T","M","R","?","E","M","R","B"],"character_chosen":"THE_SILENT","items_purchased":["Apotheosis","Infinite Blades"],"campfire_rested":6,"item_purchase_floors":[20,20],"current_hp_per_floor":[70,70,70,55,53,19,6,1,1,22,8,29,10,10,31,16,70,59,59,59,47,47,14,35,6,12,6,28,53,40,20,42,0,0],"gold":324,"neow_bonus":"THREE_ENEMY_KILL","is_daily":false,"chose_seed":false,"campfire_upgraded":0,"win_rate":0.0,"timestamp":1609634859,"path_taken":["M","M","M","M","M","E","M","E","T","R","?","R","E","M","R","BOSS","M","?","$","M","?","E","R","E","T","?","R","?","E","M","R","BOSS"],"items_purchased_type":["Card","Card"],"build_version":"2020-12-22","purchased_purges":0,"victory":false,"max_hp_per_floor":[70,70,70,70,70,70,70,70,70,70,70,70,70,70,70,70,70,70,70,70,70,70,70,70,70,76,76,76,76,76,76,76,76,76],"card_choices":[{"not_picked":["Concentrate","Deflect"],"picked":"All Out Attack","floor":1},{"not_picked":["Dagger Throw","Expertise"],"picked":"Outmaneuver","floor":2},{"not_picked":["Prepared","Flying Knee"],"picked":"PiercingWail","floor":3},{"not_picked":["Dodge and Roll","Backflip"],"picked":"Poisoned Stab","floor":4},{"not_picked":["Poisoned Stab","Underhanded Strike"],"picked":"Quick Slash","floor":5},{"not_picked":["Underhanded Strike","Prepared"],"picked":"Die Die Die","floor":6},{"not_picked":["Deadly Poison","Caltrops"],"picked":"Backstab","floor":7},{"not_picked":["Outmaneuver","Distraction"],"picked":"After Image","floor":8},{"not_picked":["Quick Slash","Bouncing Flask"],"picked":"Footwork","floor":13},{"not_picked":["Deadly Poison","Deflect"],"picked":"Flying Knee","floor":14},{"not_picked":["Unload","Tools of the Trade"],"picked":"After Image","floor":16},{"not_picked":["Catalyst","Deadly Poison"],"picked":"Outmaneuver+1","floor":18},{"not_picked":["Endless Agony","Predator"],"picked":"Terror","floor":21},{"not_picked":["Outmaneuver+1","Riddle With Holes+1"],"picked":"PiercingWail","floor":23},{"not_picked":["Deadly Poison","Dodge and Roll"],"picked":"Backflip+1","floor":25},{"not_picked":["Poisoned Stab","Riddle With Holes"],"picked":"Crippling Poison","floor":27},{"not_picked":["Outmaneuver","Poisoned Stab"],"picked":"Blade Dance","floor":30},{"not_picked":["Slice+1","Dagger Spray+1"],"picked":"Distraction+1","floor":31}],"player_experience":324999,"relics_obtained":[{"floor":6,"key":"Snake Skull"},{"floor":8,"key":"Gremlin Horn"},{"floor":9,"key":"Bottled Flame"},{"floor":13,"key":"Darkstone Periapt"},{"floor":23,"key":"Dead Branch"},{"floor":25,"key":"Mercury Hourglass"},{"floor":26,"key":"MealTicket"},{"floor":30,"key":"Bottled Tornado"}],"event_choices":[{"damage_healed":0,"gold_gain":0,"player_choice":"Entered Light","damage_taken":14,"max_hp_gain":0,"max_hp_loss":0,"event_name":"Shining Light","floor":11,"gold_loss":0,"cards_upgraded":["Strike_G","Defend_G"]},{"damage_healed":0,"gold_gain":0,"player_choice":"Obtain J.A.X.","damage_taken":0,"max_hp_gain":0,"max_hp_loss":0,"event_name":"Drug Dealer","floor":19,"gold_loss":0,"cards_obtained":["J.A.X."]},{"damage_healed":0,"gold_gain":0,"player_choice":"0 cards matched","damage_taken":0,"max_hp_gain":0,"max_hp_loss":0,"event_name":"Match and Keep!","floor":22,"gold_loss":0,"cards_obtained":[]},{"damage_healed":25,"gold_gain":0,"player_choice":"Heal","damage_taken":0,"max_hp_gain":0,"max_hp_loss":0,"event_name":"The Library","floor":29,"gold_loss":0}],"is_beta":false,"boss_relics":[{"not_picked":["Tiny House","WristBlade"],"picked":"Cursed Key"}],"items_purged_floors":[],"is_endless":false,"potions_floor_spawned":[1,6,8,14,16,21,30,31],"killed_by":"Collector","ascension_level":3}}