{"host":"344lv32hnei0mdhu","time":1609709896,"event":{"mods":["Act Like it!","BaseMod","Better Match","Better Sensory Stone","Better Skull","Better Third Choice","Better Vampires","Colored Powertips","Highlight Path","Minty Spire (QoL Compilation)","Quick Restart","Random Character Button","Rare Cards Sparkle","StSLib"],"gold_per_floor":[114,114,40,51,13,41,53,84,121,133,145,190,126,143,143,239,239,252,267,366,366,366,366,366,366,366,392,392,418,137,62,62,62,62],"floor_reached":33,"playtime":1092,"items_purged":["Strike_R"],"score":452,"play_id":"d8268f3e-6a44-4b08-917f-f7c0b7c3cf73","local_time":"20210103153816","is_ascension_mode":true,"campfire_choices":[{"data":"Inflame","floor":10.0,"key":"SMITH"},{"floor":15.0,"key":"REST"},{"data":"Spot Weakness","floor":23.0,"key":"SMITH"},{"data":"Spot Weakness","floor":25.0,"key":"SMITH"},{"floor":28.0,"key":"REST"},{"floor":32,"key":"REST"}],"circlet_count":0,"master_deck":["Strike_R","Strike_R","Strike_R","Strike_R","Defend_R","Defend_R","Defend_R","Defend_R","Bash","Spot Weakness+1","Spot Weakness+1","Armaments","Inflame+1","Double Tap","Heavy Blade","Thunderclap","Pummel","Shockwave","Reaper","Uppercut+1","Clothesline+1","Whirlwind","Impervious","Feed","Impervious+1","Limit Break+1","Immolate+1"],"relics":["Black Blood","NeowsBlessing","MawBank","Toy Ornithopter","Regal Pillow","Juzu Bracelet","Bottled Lightning","GremlinMask","MutagenicStrength","Letter Opener","StrikeDummy","Red Skull"],"acts_visited":["Exordium","TheCity"],"potions_floor_usage":[],"damage_taken":[{"damage":0.0,"enemies":"2 Louse","floor":1.0,"turns":1.0},{"damage":0.0,"enemies":"Small Slimes","floor":4.0,"turns":2.0},{"damage":0.0,"enemies":"3 Sentries","floor":6.0,"turns":2.0},{"damage":8.0,"enemies":"Jaw Worm","floor":8.0,"turns":6.0},{"damage":30.0,"enemies":"Gremlin Nob","floor":12.0,"turns":4.0},{"damage":3.0,"enemies":"Blue Slaver","floor":14.0,"turns":3.0},{"damage":46.0,"enemies":"Hexaghost","floor":16.0,"turns":9.0},{"damage":34.0,"enemies":"Shell Parasite","floor":18.0,"turns":6.0},{"damage":3.0,"enemies":"Chosen","floor":19.0,"turns":4.0},{"damage":53.0,"enemies":"Gremlin Leader","floor":27.0,"turns":5.0},{"damage":77.0,"enemies":"Book of Stabbing","floor":29.0,"turns":6.0},{"damage":144,"enemies":"Collector","floor":33,"turns":11}],"seed_played":"-6174876502038380259","potions_obtained":[{"floor":4.0,"key":"DistilledChaos"},{"floor":6.0,"key":"AttackPotion"},{"floor":16.0,"key":"Energy Potion"},{"floor":19.0,"key":"SteroidPotion"}],"is_trial":false,"path_per_floor":["M","?","$","M","$","E","?","M","T","R","?","E","$","M","R","B",null,"M","M","?","T","?","R","?","R","T","E","R","E","$","?","R","B"],"character_chosen":"IRONCLAD","items_purchased":["Spot Weakness","Inflame","Pummel","Impervious","Feed"],"campfire_rested":3,"item_purchase_floors":[3,5,13,30,30],"current_hp_per_floor":[78,78,78,80,80,80,77,80,80,80,80,56,56,59,80,40,70,72,80,80,80,80,80,80,80,80,63,80,34,34,34,73,0,0],"gold":62,"neow_bonus":"THREE_ENEMY_KILL","is_daily":false,"chose_seed":false,"campfire_upgraded":3,"win_rate":0.0,"timestamp":1609709896,"path_taken":["M","?","$","M","$","E","?","M","T","R","?","E","?","M","R","BOSS","M","M","?","?","?","R","?","R","T","E","R","E","$","?","R","BOSS"],"items_purchased_type":["Card","Card","Card","Card","Card"],"build_version":"2020-12-22","purchased_purges":1,"victory":false,"max_hp_per_floor":[80,80,80,80,80,80,80,80,80,80,80,80,80,80,80,80,80,80,80,80,80,80,80,80,80,80,80,80,80,80,80,80,80,80],"card_choices":[{"not_picked":["Clash","Feel No Pain"],"picked":"Spot Weakness","floor":1.0},{"not_picked":["Havoc","Pommel Strike"],"picked":"Armaments","floor":4.0},{"not_picked":["Warcry","Iron Wave"],"picked":"Double Tap","floor":6.0},{"not_picked":["Dual Wield","Intimidate"],"picked":"Heavy Blade","floor":8.0},{"not_picked":["Blood for Blood","Flex"],"picked":"Thunderclap","floor":12.0},{"not_picked":["Clothesline","Anger"],"picked":"Shockwave","floor":14.0},{"not_picked":["Corruption","Bludgeon"],"picked":"Reaper","floor":16.0},{"not_picked":["Armaments","Flex"],"picked":"Uppercut+1","floor":18.0},{"not_picked":["Iron Wave","Pommel Strike"],"picked":"Clothesline+1","floor":19.0},{"not_picked":["Wild Strike","Feel No Pain","Dropkick"],"picked":"SKIP","floor":27.0},{"not_picked":["Body Slam","Iron Wave+1"],"picked":"Whirlwind","floor":29.0},{"not_picked":["Exhume+1","Double Tap+1"],"picked":"Impervious+1","floor":31},{"not_picked":["Exhume+1","Brutality+1"],"picked":"Limit Break+1","floor":31},{"not_picked":["Berserk+1","Limit Break+1"],"picked":"Immolate+1","floor":31}],"player_experience":306047,"relics_obtained":[{"floor":6.0,"key":"MawBank"},{"floor":9.0,"key":"Regal Pillow"},{"floor":12.0,"key":"Juzu Bracelet"},{"floor":21.0,"key":"Bottled Lightning"},{"floor":26.0,"key":"Letter Opener"},{"floor":27.0,"key":"StrikeDummy"},{"floor":29.0,"key":"Red Skull"}],"event_choices":[{"damage_healed":78.0,"max_hp_gain":0.0,"max_hp_loss":80.0,"gold_gain":0.0,"event_name":"betterThird:BetterShining","player_choice":"Leave","floor":2.0,"gold_loss":0.0,"damage_taken":0.0},{"damage_healed":0.0,"max_hp_gain":0.0,"max_hp_loss":0.0,"gold_gain":0.0,"event_name":"betterThird:BetterScrap","player_choice":"Relic ","floor":7.0,"gold_loss":0.0,"damage_taken":3.0,"cards_obtained":["Aggregate"]},{"damage_healed":0.0,"max_hp_gain":0.0,"max_hp_loss":0.0,"gold_gain":0.0,"event_name":"The Cleric","player_choice":"Leave","floor":11.0,"gold_loss":0.0,"damage_taken":0.0},{"damage_healed":0.0,"max_hp_gain":0.0,"max_hp_loss":0.0,"gold_gain":99.0,"event_name":"betterThird:BetterNest","player_choice":"Steal","floor":20.0,"gold_loss":0.0,"damage_taken":0.0},{"damage_healed":0.0,"max_hp_gain":0.0,"max_hp_loss":0.0,"gold_gain":0.0,"event_name":"FaceTrader","player_choice":"Trade","floor":22.0,"gold_loss":0.0,"damage_taken":0.0,"relics_obtained":["GremlinMask"]},{"damage_healed":0.0,"max_hp_gain":0.0,"max_hp_loss":0.0,"gold_gain":0.0,"event_name":"Drug Dealer","player_choice":"Inject Mutagens","floor":24.0,"gold_loss":0.0,"damage_taken":0.0,"relics_obtained":["MutagenicStrength"]},{"damage_healed":0,"gold_gain":0,"player_choice":"3","damage_taken":0,"max_hp_gain":0,"max_hp_loss":0,"event_name":"betterMatch:BetterMatch","floor":31,"gold_loss":0,"cards_obtained":["betterMatch:RareCard"]}],"is_beta":false,"boss_relics":[{"not_picked":["Fusion Hammer","SacredBark"],"picked":"Black Blood"}],"items_purged_floors":[30],"is_endless":false,"potions_floor_spawned":[4,6,16,19],"killed_by":"Collector","ascension_level":9}}