{"host":"mytek2nu1hrzdnew","time":1609704736,"event":{"mods":["Aspiration","BaseMod","Clawfect","Conspire","Energized Spire","Evolution","GifTheSpireLib","Gold Saver","Hubris","Minty Spire (QoL Compilation)","Replay The Spire","Retaliation","StSLib","Stuff the Spire","The Blue Laboratory","Uncapped"],"gold_per_floor":[109,126,136,17,30,61,72,107,107,104,104,130,26,47,47,158,158,182,206,245,268,268,268,309,309,398,398,419,419,419],"floor_reached":29,"playtime":1891,"items_purged":[],"score":321,"play_id":"dcef1650-10cd-4ad5-80ce-8111e05cd576","local_time":"20210103151216","is_ascension_mode":true,"campfire_choices":[{"floor":11,"key":"REST"},{"floor":15,"key":"REST"},{"floor":23,"key":"REST"},{"floor":25,"key":"REST"}],"circlet_count":0,"master_deck":["Strike_R","Strike_R+1","Strike_R","Strike_R+1","Strike_R","Defend_R","Defend_R","Defend_R","Defend_R","Bash","Metallicize","Iron Wave","Anger","Defy Death","Evolve+1","StuffTheSpire:Resist","DDmod:EasePowerCard+1","DDmod:SpikedSkill","DDmod:PlatedThornsSkill","StuffTheSpire:Slingshot","DDmod:BurningFumesPowerCard","StuffTheSpire:Incineration+1","DDmod:ScaleUpSkill","Sentinel","hubris:DuctTapeCard","Sentinel+1"],"relics":["Burning Blood","EVO:Axolotl","Gremlin Food","CeramicFish","Durian","Omamori","aspiration:PoetsPen_weak","hubris:ToyBattleship","aspiration:FrozenJewel","hubris:DuctTape","CultistMask"],"acts_visited":["Exordium","TheCity"],"potions_floor_usage":[6,6,21],"damage_taken":[{"damage":6,"enemies":"Cultist","floor":1,"turns":4},{"damage":20,"enemies":"Jaw Worm","floor":2,"turns":4},{"damage":12,"enemies":"conspire:RoseBush","floor":3,"turns":3},{"damage":18,"enemies":"Blue Slaver","floor":5,"turns":5},{"damage":21,"enemies":"3 Sentries","floor":6,"turns":8},{"damage":12,"enemies":"Looter","floor":7,"turns":3},{"damage":20,"enemies":"Replay:BlueRogue","floor":8,"turns":8},{"damage":22,"enemies":"Exordium Thugs","floor":10,"turns":4},{"damage":7,"enemies":"2 Fungi Beasts","floor":14,"turns":5},{"damage":59,"enemies":"Slime Boss","floor":16,"turns":14},{"damage":38,"enemies":"Spheric Guardian","floor":18,"turns":5},{"damage":19,"enemies":"Chosen","floor":19,"turns":5},{"damage":35,"enemies":"conspire:MimicChest","floor":20,"turns":6},{"damage":54,"enemies":"Centurion and Healer","floor":21,"turns":10},{"damage":42,"enemies":"Replay:Snechameleon","floor":24,"turns":6},{"damage":55,"enemies":"Shelled Parasite and Fungi","floor":28,"turns":6},{"damage":26,"enemies":"Snake Plant","floor":29,"turns":2}],"seed_played":"7795753947323203349","potions_obtained":[{"floor":3,"key":"ColorlessPotion"},{"floor":20,"key":"Block Potion"}],"is_trial":false,"path_per_floor":["M","M","M","$","M","E","M","E","T","M","R","T","$","M","R","B",null,"M","M","?","M","?","R","E","R","T","?","M","M"],"character_chosen":"IRONCLAD","items_purchased":["StuffTheSpire:RockThrow","LifebloodPotion","FairyPotion"],"campfire_rested":4,"item_purchase_floors":[4,4,13],"current_hp_per_floor":[88,74,68,68,56,41,35,21,26,10,37,37,37,37,64,24,76,48,37,18,15,15,42,17,44,44,44,19,0,0],"gold":419,"neow_bonus":"TEN_PERCENT_HP_BONUS","is_daily":false,"chose_seed":false,"campfire_upgraded":0,"win_rate":0.0,"timestamp":1609704736,"path_taken":["M","M","M","$","M","E","M","E","T","?","R","?","?","M","R","BOSS","M","M","?","M","?","R","E","R","T","?","M","M"],"items_purchased_type":["Card","Potion","Potion"],"build_version":"2020-12-22","purchased_purges":0,"victory":false,"max_hp_per_floor":[88,88,88,88,88,88,88,88,93,93,93,93,93,93,93,93,93,93,93,93,93,93,93,93,93,93,93,93,93,93],"card_choices":[{"not_picked":["Cleave","Anger"],"picked":"Metallicize","floor":1},{"not_picked":["Immolate","hubris:CleavingFinish"],"picked":"StuffTheSpire:Slingshot","floor":2},{"not_picked":["Thunderclap","Rupture"],"picked":"Iron Wave","floor":3},{"not_picked":["Warcry","ReplayTheSpireMod:Limb From Limb"],"picked":"Anger","floor":5},{"not_picked":["Havoc","DDmod:GrandUltimatumAttack"],"picked":"Defy Death","floor":6},{"not_picked":["Reckless Charge","Wild Strike"],"picked":"Evolve","floor":7},{"not_picked":["conspire:ExplosiveBarrier","Clothesline"],"picked":"StuffTheSpire:Resist","floor":8},{"not_picked":["Warcry","Cleave"],"picked":"DDmod:EasePowerCard","floor":10},{"not_picked":["Pommel Strike","StuffTheSpire:Resist"],"picked":"DDmod:SpikedSkill","floor":14},{"not_picked":["Juggernaut","conspire:HitWhereItHurts"],"picked":"DDmod:PlatedThornsSkill","floor":16},{"not_picked":["Anger","Clothesline+1"],"picked":"StuffTheSpire:Slingshot","floor":18},{"not_picked":["DDmod:SpikedSkill","Havoc"],"picked":"DDmod:BurningFumesPowerCard","floor":19},{"not_picked":["DDmod:PokeAttack","Warcry+1"],"picked":"StuffTheSpire:Incineration+1","floor":20},{"not_picked":["Uppercut","Intimidate"],"picked":"DDmod:ScaleUpSkill","floor":21},{"not_picked":["Reaper","Sword Boomerang"],"picked":"Sentinel","floor":24},{"not_picked":["Metallicize","Sword Boomerang"],"picked":"Sentinel+1","floor":28}],"player_experience":1011335,"relics_obtained":[{"floor":6,"key":"Gremlin Food"},{"floor":8,"key":"CeramicFish"},{"floor":9,"key":"Durian"},{"floor":12,"key":"Omamori"},{"floor":20,"key":"hubris:ToyBattleship"},{"floor":24,"key":"aspiration:FrozenJewel"},{"floor":26,"key":"hubris:DuctTape"}],"event_choices":[{"damage_healed":0,"gold_gain":0,"player_choice":"Trade","damage_taken":0,"relics_obtained":["CultistMask"],"max_hp_gain":0,"max_hp_loss":0,"event_name":"FaceTrader","floor":27,"gold_loss":0}],"is_beta":false,"boss_relics":[{"not_picked":["Busted Crown","Fusion Hammer"],"picked":"aspiration:PoetsPen_weak"}],"items_purged_floors":[],"is_endless":false,"potions_floor_spawned":[1,3,6,19,20,21],"killed_by":"Snake Plant","ascension_level":5}}