{"host":"5fasz840ryq7obdf","time":1609687608,"event":{"mods":["2.2 Compatiblity","AchievementEnabler","BaseMod","Bestiary","Better Altar","Better Skull","Better Third Choice","BetterRewards","Block Reminder","Colored Powertips","Curses Come First","Downfall","Minty Spire (QoL Compilation)","Quick Restart","Relic Sorter","Relic Stats","Shop Mod","Spicy Shops","StSLib","SuperFastMode","ojb\u0027s Better Paths Mod","ojb\u0027s Info Mod"],"gold_per_floor":[99,113,131,131,18,45,69,54,64,64,64,64],"floor_reached":10,"playtime":648,"items_purged":[],"score":109,"play_id":"dcd18fca-4d2d-4096-89d0-b4117af3a181","local_time":"20210103152648","is_ascension_mode":true,"campfire_choices":[{"data":"Slimebound:Split","floor":1,"key":"SMITH"}],"circlet_count":0,"master_deck":["Slimebound:Strike_Slimebound","Slimebound:Strike_Slimebound","Slimebound:Tackle","Slimebound:Defend_Slimebound","Slimebound:Defend_Slimebound","Slimebound:Defend_Slimebound","Slimebound:Defend_Slimebound","Slimebound:Split+1","Slimebound:CorrosiveSpit","Slimebound:FormOfPuddle","Slimebound:Gluttony","Slimebound:SplitMire","Slimebound:SlimeBarrage","Regret","Slimebound:MassRepurpose"],"relics":["Snecko Eye","Nunchaku","Pantograph","Centennial Puzzle"],"acts_visited":["Exordium"],"potions_floor_usage":[6,10],"damage_taken":[{"damage":15,"enemies":"2 Louse","floor":2,"turns":4},{"damage":12,"enemies":"Cultist","floor":3,"turns":3},{"damage":14,"enemies":"downfall:FleeingMerchant","floor":5,"turns":4},{"damage":20,"enemies":"Lagavulin","floor":6,"turns":5},{"damage":15,"enemies":"downfall:FleeingMerchant","floor":8,"turns":4},{"damage":20,"enemies":"Small Slimes","floor":9,"turns":3},{"damage":44,"enemies":"3 Sentries","floor":10,"turns":4}],"seed_played":"1298275563655262474","potions_obtained":[{"floor":2,"key":"Block Potion"},{"floor":3,"key":"Fire Potion"}],"is_trial":false,"path_per_floor":["R","M","M","?","$","E","T","$","M","E"],"character_chosen":"SLIMEBOUND","items_purchased":["Slimebound:SlimeBarrage","Nunchaku"],"campfire_rested":0,"item_purchase_floors":[5,5],"current_hp_per_floor":[60,53,49,49,43,35,35,38,24,0,0,0],"gold":64,"neow_bonus":"BOSS_RELIC","is_daily":false,"chose_seed":false,"campfire_upgraded":1,"win_rate":0.0,"timestamp":1609687608,"path_taken":["R","M","M","?","$","E","T","$","M","E"],"items_purchased_type":["Card","Relic"],"build_version":"2020-12-22","purchased_purges":0,"victory":false,"max_hp_per_floor":[60,60,60,60,60,60,60,60,60,60,60,60],"relic_stats":{"Nunchaku":[2],"Centennial Puzzle":[9],"counters":[7,26],"Pantograph":0,"Snecko Eye":[44,40,50,43],"obtain_stats":[{"Nunchaku":5,"Centennial Puzzle":7,"Pantograph":6,"Snecko Eye":0,"Slimebound:AbsorbEndCombat":0},{"Nunchaku":3,"Centennial Puzzle":4,"Pantograph":4,"Snecko Eye":0,"Slimebound:AbsorbEndCombat":0},{"Nunchaku":10,"Centennial Puzzle":15,"Pantograph":15,"Snecko Eye":0,"Slimebound:AbsorbEndCombat":0}]},"card_choices":[{"not_picked":["Slimebound:Dissolve","Slimebound:ComboTackle"],"picked":"Slimebound:FormOfPuddle","floor":2},{"not_picked":["Slimebound:DivideAndConquer","Slimebound:ProtectTheBoss"],"picked":"Slimebound:Gluttony","floor":3},{"not_picked":["Slimebound:Dissolve","Slimebound:SplitAcid"],"picked":"Slimebound:SplitMire","floor":5},{"not_picked":["Slimebound:AcidTongue","Slimebound:HauntingLick"],"picked":"Slimebound:MassRepurpose","floor":6},{"not_picked":["Slimebound:SplitLeeching","Slimebound:SamplingLick","Slimebound:GrowthPunch"],"picked":"SKIP","floor":8},{"not_picked":["Slimebound:BestDefense","Slimebound:GrowthPunch","Slimebound:RollThrough"],"picked":"SKIP","floor":9}],"player_experience":1436934,"relics_obtained":[{"floor":6,"key":"Pantograph"},{"floor":7,"key":"Centennial Puzzle"}],"event_choices":[{"cards_removed":["Slimebound:Strike_Slimebound"],"damage_healed":0,"gold_gain":0,"player_choice":"Offered Basic","damage_taken":0,"max_hp_gain":0,"max_hp_loss":0,"event_name":"Bonfire Elementals","floor":4,"gold_loss":0}],"is_beta":false,"boss_relics":[],"items_purged_floors":[],"is_endless":false,"potions_floor_spawned":[2,3],"killed_by":"3 Sentries","ascension_level":4}}