{"host":"9l4mw5jqza9qz9hr","time":1609654249,"event":{"mods":["AchievementEnabler","Always Whale","BaseMod","Colored Map","Minty Spire (QoL Compilation)","StSLib","SuperFastMode"],"gold_per_floor":[117,42,42,117,136,161,161,194,218,228,228,228,228,247,247,347,347,347],"floor_reached":17,"playtime":307,"items_purged":["Strike_G"],"score":282,"play_id":"3260ce77-7095-4d5b-8039-d16e0e88ca53","local_time":"20210103151049","is_ascension_mode":true,"campfire_choices":[{"data":"Skewer","floor":7,"key":"SMITH"},{"data":"Neutralize","floor":11,"key":"SMITH"},{"floor":13,"key":"REST"},{"data":"Quick Slash","floor":15,"key":"SMITH"}],"circlet_count":0,"master_deck":["AscendersBane","Strike_G","Strike_G","Strike_G","Strike_G","Defend_G","Defend_G","Defend_G+1","Defend_G+1","Defend_G","Survivor","Neutralize+1","Finisher+1","Deadly Poison","Skewer+1","Acrobatics+1","Reflex","Quick Slash+1","Venomology"],"relics":["Ring of the Snake","NeowsBlessing","Blood Vial","Paper Crane","War Paint","Coffee Dripper"],"acts_visited":["Exordium","TheCity"],"potions_floor_usage":[8,16],"damage_taken":[{"damage":0.0,"enemies":"Cultist","floor":1.0,"turns":1.0},{"damage":0,"enemies":"Small Slimes","floor":5,"turns":1},{"damage":0,"enemies":"3 Sentries","floor":6,"turns":1},{"damage":27,"enemies":"Gremlin Nob","floor":8,"turns":4},{"damage":7,"enemies":"Jaw Worm","floor":10,"turns":3},{"damage":1,"enemies":"Exordium Wildlife","floor":14,"turns":4},{"damage":32,"enemies":"Hexaghost","floor":16,"turns":12}],"seed_played":"-526084870607017435","potions_obtained":[{"floor":1.0,"key":"Poison Potion"},{"floor":6,"key":"Block Potion"},{"floor":14,"key":"Explosive Potion"}],"is_trial":false,"path_per_floor":["M","$","?","?","M","E","R","E","T","M","R","?","R","M","R","B",null],"character_chosen":"THE_SILENT","items_purchased":[],"campfire_rested":1,"item_purchase_floors":[],"current_hp_per_floor":[63,63,68,61,61,61,61,36,36,31,31,16,38,39,39,9,59,59],"gold":347,"neow_bonus":"THREE_ENEMY_KILL","is_daily":false,"chose_seed":false,"campfire_upgraded":3,"win_rate":0.0,"timestamp":1609654249,"path_taken":["M","$","?","?","?","E","R","E","T","M","R","?","R","M","R","BOSS"],"items_purchased_type":[],"build_version":"2020-12-22","purchased_purges":1,"victory":false,"max_hp_per_floor":[70,70,75,75,75,75,75,75,75,75,75,75,75,75,75,75,75,75],"card_choices":[{"not_picked":["Endless Agony","Distraction"],"picked":"Finisher","floor":1.0},{"not_picked":["Outmaneuver","Underhanded Strike"],"picked":"Deadly Poison","floor":5},{"not_picked":["Setup","Masterful Stab"],"picked":"Skewer","floor":6},{"not_picked":["Distraction","Bane"],"picked":"Acrobatics","floor":8},{"not_picked":["Setup","Dodge and Roll"],"picked":"Reflex","floor":10},{"not_picked":["Flying Knee","Accuracy"],"picked":"Quick Slash","floor":14},{"not_picked":["Grand Finale","Wraith Form v2"],"picked":"Venomology","floor":16}],"player_experience":140165,"relics_obtained":[{"floor":6,"key":"Blood Vial"},{"floor":8,"key":"Paper Crane"},{"floor":9,"key":"War Paint"}],"event_choices":[{"damage_healed":0.0,"max_hp_gain":5.0,"max_hp_loss":0.0,"gold_gain":0.0,"event_name":"Big Fish","player_choice":"Donut","floor":3.0,"gold_loss":0.0,"damage_taken":0.0},{"damage_healed":0,"gold_gain":75,"player_choice":"Touch","damage_taken":7,"max_hp_gain":0,"max_hp_loss":0,"event_name":"FaceTrader","floor":4,"gold_loss":0},{"damage_healed":0,"gold_gain":0,"player_choice":"Entered Light","damage_taken":15,"max_hp_gain":0,"max_hp_loss":0,"event_name":"Shining Light","floor":12,"gold_loss":0,"cards_upgraded":["Finisher","Defend_G"]}],"is_beta":false,"boss_relics":[{"not_picked":["Runic Pyramid","Ring of the Serpent"],"picked":"Coffee Dripper"}],"items_purged_floors":[2],"is_endless":false,"potions_floor_spawned":[1,6,14],"ascension_level":10}}