{"host":"2se5dq1do2gp0x9k","time":1609653096,"event":{"mods":["AchievementEnabler","BaseMod","Block Reminder","Colored Map","Colored Powertips","Minty Spire (QoL Compilation)","Relic Stats","StSLib","SuperFastMode"],"gold_per_floor":[218,218,218,59,59,100,100,26,26,26,67,32,47,47,47,176,176,189,202,216,234,254,254,295,295,347,366,366,391,516,559,571,708,720,748,760,629,653,676,714,1047,1082,1082,1097,1108,1135,1145,1165,1165,1165,1165,1165,168,200,200,200],"floor_reached":55,"playtime":3018,"items_purged":["Defend_P+1"],"score":1198,"play_id":"89200ce7-c386-4782-9705-f9e7674f0b44","local_time":"20210102215136","is_ascension_mode":true,"campfire_choices":[{"data":"ForeignInfluence","floor":7.0,"key":"SMITH"},{"floor":10.0,"key":"REST"},{"data":"Fasting2","floor":15.0,"key":"SMITH"},{"data":"Vault","floor":23.0,"key":"SMITH"},{"data":"Vault","floor":25.0,"key":"SMITH"},{"floor":28.0,"key":"REST"},{"floor":32.0,"key":"REST"},{"floor":49,"key":"RECALL"},{"floor":52,"key":"REST"}],"circlet_count":0,"master_deck":["Defend_P+1","Defend_P+1","Defend_P+1","Eruption+1","Vigilance+1","ForeignInfluence+1","LessonLearned+1","Protect+1","Vault+1","DevaForm+1","Fasting2+1","ThirdEye+1","JustLucky+1","Finesse+1","Vault+1","Consecrate+1","CutThroughFate+1","Ragnarok+1","Crescendo+1","WheelKick+1","Vault+1","WaveOfTheHand+1","Ragnarok+1","ClearTheMind+1","Nirvana","InnerPeace","Secret Weapon","Bandage Up"],"relics":["PureWater","Anchor","Mummified Hand","Omamori","Runic Pyramid","Bag of Marbles","Lantern","Ginger","Singing Bowl","MawBank","Astrolabe","OrangePellets","Toy Ornithopter","Shovel","Potion Belt","Strawberry","Melange","Pear"],"acts_visited":["Exordium","TheCity","TheBeyond","TheEnding"],"potions_floor_usage":[46,50,50,53,54,54],"damage_taken":[{"damage":0.0,"enemies":"Small Slimes","floor":1.0,"turns":3.0},{"damage":35.0,"enemies":"Lagavulin","floor":6.0,"turns":10.0},{"damage":22.0,"enemies":"3 Sentries","floor":11.0,"turns":7.0},{"damage":0.0,"enemies":"2 Louse","floor":13.0,"turns":3.0},{"damage":8.0,"enemies":"The Guardian","floor":16.0,"turns":9.0},{"damage":6.0,"enemies":"2 Thieves","floor":18.0,"turns":5.0},{"damage":5.0,"enemies":"Chosen","floor":19.0,"turns":4.0},{"damage":0.0,"enemies":"Snake Plant","floor":20.0,"turns":5.0},{"damage":0.0,"enemies":"Centurion and Healer","floor":21.0,"turns":4.0},{"damage":0.0,"enemies":"Shelled Parasite and Fungi","floor":22.0,"turns":4.0},{"damage":0.0,"enemies":"Gremlin Leader","floor":24.0,"turns":8.0},{"damage":20.0,"enemies":"3 Cultists","floor":27.0,"turns":7.0},{"damage":0.0,"enemies":"Chosen and Byrds","floor":29.0,"turns":5.0},{"damage":1.0,"enemies":"Colosseum Slavers","floor":30.0,"turns":3.0},{"damage":2.0,"enemies":"Colosseum Nobs","floor":30.0,"turns":4.0},{"damage":12.0,"enemies":"Slavers","floor":31.0,"turns":4.0},{"damage":32.0,"enemies":"Collector","floor":33.0,"turns":5.0},{"damage":0.0,"enemies":"3 Darklings","floor":35.0,"turns":5.0},{"damage":0.0,"enemies":"3 Shapes","floor":38.0,"turns":5.0},{"damage":6.0,"enemies":"Transient","floor":39.0,"turns":7.0},{"damage":0,"enemies":"Reptomancer","floor":40,"turns":6},{"damage":0,"enemies":"Giant Head","floor":42,"turns":7},{"damage":0,"enemies":"3 Darklings","floor":44,"turns":3},{"damage":12,"enemies":"Spire Growth","floor":45,"turns":6},{"damage":29,"enemies":"Reptomancer","floor":46,"turns":11},{"damage":0,"enemies":"Sphere and 2 Shapes","floor":47,"turns":5},{"damage":0,"enemies":"Maw","floor":48,"turns":4},{"damage":21,"enemies":"Time Eater","floor":50,"turns":8},{"damage":11,"enemies":"Shield and Spear","floor":54,"turns":6},{"damage":104,"enemies":"The Heart","floor":55,"turns":7}],"seed_played":"6554020530435441857","potions_obtained":[{"floor":6.0,"key":"Energy Potion"},{"floor":11.0,"key":"Swift Potion"},{"floor":16.0,"key":"BottledMiracle"},{"floor":20.0,"key":"FearPotion"},{"floor":24.0,"key":"Block Potion"},{"floor":29.0,"key":"Regen Potion"},{"floor":30.0,"key":"EssenceOfSteel"},{"floor":31.0,"key":"FearPotion"},{"floor":38.0,"key":"Swift Potion"},{"floor":40,"key":"StancePotion"},{"floor":44,"key":"Weak Potion"}],"is_trial":false,"path_per_floor":["M","?","?","$","?","E","R","$","T","R","E","?","M","?","R","B",null,"M","M","M","M","M","R","E","R","T","M","R","M","?","E","R","B",null,"M","?","$","M","M","E","?","E","T","M","M","E","M","M","R","B",null,"R","$","E","B"],"character_chosen":"WATCHER","items_purchased":["LessonLearned","DevaForm","OrangePellets","Nirvana","Strawberry","Melange","InnerPeace","Secret Weapon","Block Potion","Fruit Juice","GamblersBrew","Bandage Up"],"campfire_rested":4,"item_purchase_floors":[4,8,37,53,53,53,53,53,53,53,53,53],"current_hp_per_floor":[65,51,51,51,51,16,16,16,16,36,14,30,30,30,30,22,56,50,45,45,45,45,45,45,45,45,25,45,45,44,34,55,39,65,67,67,67,69,65,65,65,65,65,65,55,33,35,37,37,26,72,87,99,100,0,0],"gold":200,"neow_bonus":"HUNDRED_GOLD","is_daily":false,"chose_seed":false,"campfire_upgraded":4,"win_rate":0.0,"timestamp":1609653096,"path_taken":["M","?","?","$","?","E","R","$","T","R","E","?","M","?","R","BOSS","M","M","M","M","M","R","E","R","T","?","R","M","?","E","R","BOSS","M","?","$","?","M","E","?","E","T","M","M","E","M","M","R","BOSS","R","$","E","BOSS"],"items_purchased_type":["Card","Card","Relic","Card","Relic","Relic","Card","Card","Potion","Potion","Potion","Card"],"build_version":"2020-12-22","purchased_purges":1,"victory":false,"max_hp_per_floor":[72,72,67,67,67,67,67,67,67,67,67,67,67,67,67,67,67,67,67,67,67,67,67,67,67,67,67,67,67,69,71,71,73,73,75,75,75,77,79,79,79,79,79,79,81,83,85,87,87,87,87,87,99,111,111,111],"relic_stats":{"OrangePellets":[5],"Shovel":0,"Singing Bowl":22,"counters":[30,170],"Mummified Hand":[81],"Astrolabe":["Ragnarok","Crescendo","WheelKick"],"Melange":[6],"Ginger":[12],"MawBank":72,"obtain_stats":[{"Potion Belt":46,"Lantern":26,"Pear":54,"Singing Bowl":30,"Golden Idol":3,"Astrolabe":34,"Melange":53,"Omamori":11,"Ginger":30,"MawBank":31,"OrangePellets":37,"Anchor":6,"Shovel":42,"Mummified Hand":9,"Strawberry":53,"Bag of Marbles":24,"PureWater":0,"Toy Ornithopter":40,"Runic Pyramid":17},{"Potion Belt":25,"Lantern":11,"Pear":29,"Singing Bowl":15,"Golden Idol":1,"Astrolabe":17,"Melange":28,"Omamori":3,"Ginger":15,"MawBank":16,"OrangePellets":18,"Anchor":2,"Shovel":22,"Mummified Hand":2,"Strawberry":28,"Bag of Marbles":11,"PureWater":0,"Toy Ornithopter":21,"Runic Pyramid":5},{"Potion Belt":140,"Lantern":62,"Pear":163,"Singing Bowl":81,"Golden Idol":3,"Astrolabe":90,"Melange":157,"Omamori":20,"Ginger":81,"MawBank":85,"OrangePellets":95,"Anchor":13,"Shovel":120,"Mummified Hand":13,"Strawberry":157,"Bag of Marbles":62,"PureWater":0,"Toy Ornithopter":113,"Runic Pyramid":32}],"Toy Ornithopter":15},"card_choices":[{"not_picked":["FlurryOfBlows","MentalFortress"],"picked":"ForeignInfluence","floor":1.0},{"not_picked":["Evaluate","Pray"],"picked":"Vault","floor":6.0},{"not_picked":["Vengeance","Prostrate"],"picked":"Fasting2","floor":11.0},{"not_picked":["Crescendo","FollowUp"],"picked":"ThirdEye","floor":13.0},{"not_picked":["Scrawl","MasterReality"],"picked":"Vault","floor":16.0},{"not_picked":["Swivel+1","EmptyBody","LikeWater"],"picked":"SKIP","floor":18.0},{"not_picked":["Sanctity","Prostrate"],"picked":"Consecrate+1","floor":19.0},{"not_picked":["CarveReality","EmptyFist","ClearTheMind"],"picked":"SKIP","floor":20.0},{"not_picked":["Consecrate","MasterReality","CrushJoints"],"picked":"SKIP","floor":21.0},{"not_picked":["EmptyBody","FlurryOfBlows","ReachHeaven"],"picked":"SKIP","floor":22.0},{"not_picked":["Halt","JustLucky","Prostrate"],"picked":"SKIP","floor":24.0},{"not_picked":["PathToVictory","FollowUp","CrushJoints+1"],"picked":"SKIP","floor":27.0},{"not_picked":["SashWhip+1","Prostrate"],"picked":"CutThroughFate+1","floor":29.0},{"not_picked":["Evaluate","WreathOfFlame+1","FlurryOfBlows"],"picked":"Singing Bowl","floor":30.0},{"not_picked":["SashWhip+1","BowlingBash","Halt"],"picked":"Singing Bowl","floor":31.0},{"not_picked":["Judgement","Alpha","DeusExMachina"],"picked":"Singing Bowl","floor":33.0},{"not_picked":["Halt+1","ReachHeaven","FlyingSleeves"],"picked":"Singing Bowl","floor":35.0},{"not_picked":["PathToVictory","Perseverance","FollowUp"],"picked":"Singing Bowl","floor":38.0},{"not_picked":["LikeWater","SashWhip+1","Wallop+1"],"picked":"Singing Bowl","floor":39.0},{"not_picked":["Pray+1","ThirdEye"],"picked":"WaveOfTheHand+1","floor":40},{"not_picked":["Worship+1","CrushJoints"],"picked":"Ragnarok","floor":42},{"not_picked":["Wallop","Crescendo+1"],"picked":"ClearTheMind+1","floor":44},{"not_picked":["JustLucky","CarveReality","Prostrate"],"picked":"Singing Bowl","floor":45},{"not_picked":["Collect+1","FlurryOfBlows","SashWhip+1"],"picked":"Singing Bowl","floor":46},{"not_picked":["FollowUp","CrushJoints+1","PathToVictory+1"],"picked":"Singing Bowl","floor":47},{"not_picked":["PathToVictory","JustLucky+1","Halt"],"picked":"Singing Bowl","floor":48},{"not_picked":["InnerPeace","WheelKick+1","CrushJoints"],"picked":"Singing Bowl","floor":54}],"player_experience":3730592,"relics_obtained":[{"floor":6.0,"key":"Anchor"},{"floor":9.0,"key":"Mummified Hand"},{"floor":11.0,"key":"Omamori"},{"floor":24.0,"key":"Bag of Marbles"},{"floor":26.0,"key":"Lantern"},{"floor":30.0,"key":"Ginger"},{"floor":30.0,"key":"Singing Bowl"},{"floor":31.0,"key":"MawBank"},{"floor":40,"key":"Toy Ornithopter"},{"floor":42,"key":"Shovel"},{"floor":46,"key":"Potion Belt"},{"floor":54,"key":"Pear"}],"event_choices":[{"damage_healed":0.0,"max_hp_gain":0.0,"max_hp_loss":0.0,"gold_gain":0.0,"event_name":"Shining Light","player_choice":"Entered Light","floor":2.0,"gold_loss":0.0,"damage_taken":14.0,"cards_upgraded":["Eruption","Defend_P"]},{"damage_healed":0.0,"max_hp_gain":0.0,"max_hp_loss":5.0,"gold_gain":0.0,"event_name":"Golden Idol","player_choice":"Lose Max HP","floor":3.0,"gold_loss":0.0,"damage_taken":0.0,"relics_obtained":["Golden Idol"]},{"damage_healed":0.0,"max_hp_gain":0.0,"max_hp_loss":0.0,"gold_gain":0.0,"cards_transformed":["Strike_P"],"event_name":"Living Wall","player_choice":"Change","floor":5.0,"gold_loss":0.0,"damage_taken":0.0,"cards_obtained":["Protect"]},{"damage_healed":16.0,"max_hp_gain":0.0,"max_hp_loss":0.0,"gold_gain":0.0,"event_name":"The Cleric","player_choice":"Healed","floor":12.0,"gold_loss":35.0,"damage_taken":0.0},{"damage_healed":0.0,"max_hp_gain":0.0,"max_hp_loss":0.0,"gold_gain":0.0,"event_name":"Match and Keep!","player_choice":"2 cards matched","floor":14.0,"gold_loss":0.0,"damage_taken":0.0,"cards_obtained":["JustLucky","Finesse"]},{"damage_healed":0.0,"max_hp_gain":0.0,"max_hp_loss":0.0,"gold_gain":0.0,"event_name":"Colosseum","player_choice":"Fight","floor":30.0,"gold_loss":0.0,"damage_taken":0.0},{"damage_healed":0.0,"max_hp_gain":0.0,"max_hp_loss":0.0,"gold_gain":0.0,"event_name":"Colosseum","player_choice":"Fought Nobs","floor":30.0,"gold_loss":0.0,"damage_taken":0.0},{"damage_healed":0.0,"max_hp_gain":0.0,"max_hp_loss":0.0,"gold_gain":0.0,"event_name":"Duplicator","player_choice":"Copied","floor":36.0,"gold_loss":0.0,"damage_taken":0.0,"cards_obtained":["Vault"]},{"damage_healed":0,"gold_gain":333,"player_choice":"Gave Idol","damage_taken":0,"max_hp_gain":0,"max_hp_loss":0,"event_name":"The Moai Head","floor":41,"relics_lost":["Golden Idol"],"gold_loss":0}],"is_beta":false,"boss_relics":[{"not_picked":["Runic Dome","Busted Crown"],"picked":"Runic Pyramid"},{"not_picked":["Philosopher\u0027s Stone","Tiny House"],"picked":"Astrolabe"}],"items_purged_floors":[53],"is_endless":false,"potions_floor_spawned":[6,11,16,20,24,29,30,30,31,38,40,42,44],"killed_by":"The Heart","ascension_level":7}}