{"host":"ta9mufxydm4vkknf","time":1609709640,"event":{"mods":["AchievementEnabler","BaseMod","Minty Spire (QoL Compilation)","Quick Restart"],"gold_per_floor":[114,114,133,133,157,195,195,236,236,236,123,123,154,154,154,278,278,271,271,285,200,241,241,280,280,280,280,280,280,180,180,180,180,180],"floor_reached":33,"playtime":1530,"items_purged":["Strike_B","Writhe"],"score":357,"play_id":"43a054b3-2ed9-4ed0-9407-d63351efae89","local_time":"20210103223400","is_ascension_mode":true,"campfire_choices":[{"data":"Defragment","floor":7,"key":"SMITH"},{"floor":10,"key":"REST"},{"floor":12,"key":"REST"},{"floor":15,"key":"REST"},{"floor":23,"key":"REST"},{"floor":29,"key":"REST"},{"data":"Forethought","floor":32,"key":"SMITH"}],"circlet_count":0,"master_deck":["Defend_B+1","Defend_B","Zap","Dualcast","Go for the Eyes+1","Conserve Battery+1","Defragment+1","Heatsinks","All For One","Auto Shields","Steam+1","Machine Learning","Coolheaded+1","Redo+1","Melter+1","Bite","Bite","Bite","Bite","Skim","Forethought+1"],"relics":["Cracked Core","Golden Idol","Question Card","Art of War","Toy Ornithopter","Nuclear Battery","Enchiridion","Torii","Red Mask","War Paint","Ginger","Whetstone"],"acts_visited":["Exordium","TheCity"],"potions_floor_usage":[8,13,16,22,22,28],"damage_taken":[{"damage":4,"enemies":"2 Louse","floor":1,"turns":3},{"damage":5,"enemies":"Jaw Worm","floor":3,"turns":4},{"damage":2,"enemies":"Cultist","floor":5,"turns":4},{"damage":16,"enemies":"Lagavulin","floor":6,"turns":8},{"damage":38,"enemies":"3 Sentries","floor":8,"turns":8},{"damage":37,"enemies":"Gremlin Nob","floor":13,"turns":6},{"damage":37,"enemies":"Slime Boss","floor":16,"turns":13},{"damage":20,"enemies":"2 Thieves","floor":18,"turns":4},{"damage":0,"enemies":"Chosen","floor":20,"turns":5},{"damage":30,"enemies":"Masked Bandits","floor":22,"turns":6},{"damage":31,"enemies":"Slavers","floor":24,"turns":6},{"damage":0,"enemies":"3 Cultists","floor":28,"turns":3},{"damage":64,"enemies":"Automaton","floor":33,"turns":8}],"seed_played":"-8360743384147754535","potions_obtained":[{"floor":1,"key":"SmokeBomb"},{"floor":6,"key":"LiquidBronze"},{"floor":8,"key":"Regen Potion"},{"floor":13,"key":"PowerPotion"},{"floor":20,"key":"AttackPotion"},{"floor":22,"key":"Fruit Juice"}],"is_trial":false,"path_per_floor":["M","?","M","?","M","E","R","E","T","R","$","R","E","?","R","B",null,"M","?","M","?","?","R","E","?","T","?","M","R","$","?","R","B"],"character_chosen":"DEFECT","items_purchased":["Auto Shields"],"campfire_rested":5,"item_purchase_floors":[11],"current_hp_per_floor":[78,76,71,64,62,46,46,8,8,30,30,52,29,29,51,19,76,56,40,40,40,25,49,18,18,18,18,27,43,43,43,43,0,0],"gold":180,"neow_bonus":"TEN_PERCENT_HP_BONUS","is_daily":false,"chose_seed":false,"campfire_upgraded":2,"win_rate":0.0,"timestamp":1609709640,"path_taken":["M","?","M","?","M","E","R","E","T","R","?","R","E","?","R","BOSS","M","?","M","?","?","R","E","?","T","?","M","R","$","?","R","BOSS"],"items_purchased_type":["Card"],"build_version":"2020-12-22","purchased_purges":2,"victory":false,"max_hp_per_floor":[82,76,76,76,76,76,76,76,76,76,76,76,76,76,76,76,76,76,76,76,76,81,81,81,81,81,56,56,56,56,56,56,56,56],"card_choices":[{"not_picked":["Undo","Cold Snap"],"picked":"Go for the Eyes","floor":1},{"not_picked":["Heatsinks","Coolheaded"],"picked":"Conserve Battery","floor":3},{"not_picked":["Darkness","Redo"],"picked":"Defragment","floor":5},{"not_picked":["Barrage","Biased Cognition"],"picked":"Heatsinks","floor":6},{"not_picked":["Rebound","Meteor Strike","Aggregate"],"picked":"All For One","floor":8},{"not_picked":["Hologram","Steam Power","Storm"],"picked":"Steam","floor":13},{"not_picked":["Biased Cognition","Creative AI","Hyperbeam"],"picked":"Machine Learning","floor":16},{"not_picked":["Turbo","Barrage","Rebound"],"picked":"Coolheaded+1","floor":18},{"not_picked":["Darkness","Go for the Eyes","Leap","Conserve Battery"],"picked":"SKIP","floor":20},{"not_picked":["Turbo","Static Discharge","Sunder"],"picked":"Redo+1","floor":22},{"not_picked":["Lockon","Coolheaded","Scrape"],"picked":"Melter+1","floor":24}],"player_experience":179532,"relics_obtained":[{"floor":6,"key":"Question Card"},{"floor":8,"key":"Art of War"},{"floor":13,"key":"Toy Ornithopter"},{"floor":19,"key":"Enchiridion"},{"floor":22,"key":"Red Mask"},{"floor":24,"key":"War Paint"},{"floor":26,"key":"Whetstone"}],"event_choices":[{"damage_healed":0,"gold_gain":0,"player_choice":"Lose Max HP","damage_taken":0,"relics_obtained":["Golden Idol"],"max_hp_gain":0,"max_hp_loss":6,"event_name":"Golden Idol","floor":2,"gold_loss":0},{"cards_removed":["Defend_B"],"damage_healed":0,"gold_gain":0,"player_choice":"Card Removal","damage_taken":7,"max_hp_gain":0,"max_hp_loss":0,"event_name":"Golden Wing","floor":4,"gold_loss":0},{"damage_healed":0,"gold_gain":0,"player_choice":"Forge","damage_taken":0,"max_hp_gain":0,"max_hp_loss":0,"event_name":"Accursed Blacksmith","floor":14,"gold_loss":0,"cards_upgraded":["Conserve Battery"]},{"damage_healed":0,"gold_gain":0,"player_choice":"Obtained Book","damage_taken":16,"max_hp_gain":0,"max_hp_loss":0,"event_name":"Cursed Tome","floor":19,"gold_loss":0},{"damage_healed":0,"gold_gain":0,"player_choice":"Obtained Relic","damage_taken":0,"relics_obtained":["Torii"],"max_hp_gain":0,"max_hp_loss":0,"event_name":"Addict","floor":21,"gold_loss":85},{"damage_healed":0,"gold_gain":0,"player_choice":"Fought Bandits","damage_taken":0,"max_hp_gain":0,"max_hp_loss":0,"event_name":"Masked Bandits","floor":22,"gold_loss":0},{"damage_healed":0,"gold_gain":0,"player_choice":"Opened","damage_taken":0,"relics_obtained":["Ginger"],"max_hp_gain":0,"max_hp_loss":0,"event_name":"The Mausoleum","floor":25,"gold_loss":0,"cards_obtained":["Writhe"]},{"damage_healed":0,"gold_gain":0,"player_choice":"Became a vampire","damage_taken":0,"max_hp_gain":0,"max_hp_loss":25,"event_name":"Vampires","floor":27,"gold_loss":0,"cards_obtained":["Bite","Bite","Bite","Bite","Bite"]},{"damage_healed":0,"gold_gain":0,"cards_transformed":["Defend_B","Bite"],"player_choice":"Became Test Subject","damage_taken":0,"max_hp_gain":0,"max_hp_loss":0,"event_name":"Drug Dealer","floor":31,"gold_loss":0,"cards_obtained":["Skim","Forethought"]}],"is_beta":false,"boss_relics":[{"not_picked":["Astrolabe","Runic Pyramid"],"picked":"Nuclear Battery"}],"items_purged_floors":[11,30],"is_endless":false,"potions_floor_spawned":[1,6,8,13,20,22,28],"killed_by":"Automaton","ascension_level":4}}