{"host":"8lgo2trwv2o0qyml","time":1609641285,"event":{"mods":["BaseMod","Colored Map","Colored Powertips","DeckTracker","Highlight Path","Hubris","Infinite Spire","Minty Spire (QoL Compilation)","Quick Restart","Random Character Button","Relic Sorter","Replay The Spire","StSLib","SuperFastMode","Synergy Search","The Jungle"],"gold_per_floor":[117,117,132,132,144,144,176,188,213,213,213,56,75,85,85,190,190,203,216,241,253,20,20,50,50,50,50,83,106,0,0,0],"floor_reached":31,"playtime":1629,"items_purged":[],"score":271,"play_id":"663226c4-ad9b-4057-96ca-368ae7f15049","local_time":"20210102213445","is_ascension_mode":false,"campfire_choices":[{"data":"Escape Plan","floor":6,"key":"SMITH"},{"data":"Dash","floor":10,"key":"SMITH"},{"floor":15,"key":"REST"},{"floor":23,"key":"REST"},{"data":"Phantasmal Killer","floor":25,"key":"SMITH"},{"data":"Hidden Blade","floor":27,"key":"SMITH"}],"circlet_count":0,"master_deck":["Strike_G","Strike_G","Strike_G","Strike_G+1","Strike_G+1","Defend_G","Defend_G","Defend_G","Defend_G","Defend_G","Survivor","Neutralize","Dash+1","Dagger Spray","Escape Plan+1","Endless Agony","Dash+1","Calculated Gamble","Dagger Spray","Envenom+1","Hidden Blade+1","Dodge and Roll","Phantasmal Killer+1","Footwork","Slice","Quick Slash+1","Backstab"],"relics":["Ring of the Snake","NeowsBlessing","Ring of Panic","Ancient Tea Set","Whetstone","Chameleon Ring","Vajra","Philosopher\u0027s Stone","MawBank","hubris:DisguiseKit","Orichalcum","Snake Skull","hubris:TenFootPole"],"acts_visited":["Exordium","TheCity"],"potions_floor_usage":[16,16,16,16,16,16,28],"damage_taken":[{"damage":0,"enemies":"Small Slimes","floor":1,"turns":1},{"damage":0,"enemies":"Jaw Worm","floor":3,"turns":1},{"damage":0,"enemies":"2 Louse","floor":5,"turns":1},{"damage":27,"enemies":"Gremlin Nob","floor":7,"turns":5},{"damage":0,"enemies":"Blue Slaver","floor":8,"turns":3},{"damage":0,"enemies":"Red Slaver","floor":13,"turns":1},{"damage":0,"enemies":"Large Slime","floor":14,"turns":3},{"damage":3,"enemies":"Fading Forest","floor":16,"turns":11},{"damage":22,"enemies":"Spheric Guardian","floor":18,"turns":4},{"damage":10,"enemies":"3 Byrds","floor":19,"turns":3},{"damage":14,"enemies":"Gremlin Leader","floor":24,"turns":8},{"damage":35,"enemies":"Slavers","floor":28,"turns":6},{"damage":17,"enemies":"Snecko","floor":31,"turns":3}],"seed_played":"6359060091371887028","potions_obtained":[{"floor":8,"key":"SpeedPotion"},{"floor":13,"key":"EssenceOfSteel"},{"floor":14,"key":"EntropicBrew"},{"floor":19,"key":"Energy Potion"}],"is_trial":false,"path_per_floor":["M","?","M","?","M","R","E","M","T","R","T","$","M","M","R","B",null,"M","M","T","?","$","R","E","R","T","R","E","T","?","M"],"character_chosen":"THE_SILENT","items_purchased":["Vajra","Phantasmal Killer","Footwork","Slice"],"campfire_rested":2,"item_purchase_floors":[12,22,22,22],"current_hp_per_floor":[70,70,70,70,70,70,43,43,43,43,43,43,43,43,64,61,70,48,38,38,38,38,59,45,45,45,45,10,10,10,0,0],"gold":0,"neow_bonus":"THREE_ENEMY_KILL","is_daily":false,"chose_seed":false,"campfire_upgraded":4,"win_rate":0.0,"timestamp":1609641285,"path_taken":["M","?","M","?","M","R","E","M","T","R","?","?","?","M","R","BOSS","M","M","?","?","$","R","E","R","T","R","E","?","?","M"],"items_purchased_type":["Relic","Card","Card","Card"],"build_version":"2020-12-22","purchased_purges":0,"victory":false,"max_hp_per_floor":[70,70,70,70,70,70,70,70,70,70,70,70,70,70,70,70,70,70,70,70,70,70,70,70,70,70,70,70,70,70,70,70],"card_choices":[{"not_picked":["Poisoned Stab","Dagger Throw"],"picked":"Dash","floor":1},{"not_picked":["Sucker Punch","All Out Attack"],"picked":"Dagger Spray","floor":3},{"not_picked":["Slice","Prepared"],"picked":"Escape Plan","floor":5},{"not_picked":["Underhanded Strike","Heel Hook"],"picked":"Endless Agony","floor":7},{"not_picked":["ReplayTheSpireMod:Exploit Weakness","hubris:SlightOfHand"],"picked":"Dash","floor":8},{"not_picked":["Dodge and Roll","Outmaneuver"],"picked":"Calculated Gamble","floor":13},{"not_picked":["hubris:SlightOfHand","Slice"],"picked":"Dagger Spray","floor":14},{"not_picked":["Replay:Bag of Tricks","Venomology"],"picked":"Envenom","floor":16},{"not_picked":["Underhanded Strike","Prepared"],"picked":"Hidden Blade","floor":18},{"not_picked":["Replay:Poison Smokescreen","Outmaneuver"],"picked":"Dodge and Roll","floor":19},{"not_picked":["ReplayTheSpireMod:Speed Training","Replay:Poison Smokescreen"],"picked":"Quick Slash+1","floor":24},{"not_picked":["hubris:Counter","ReplayTheSpireMod:Exploit Weakness","Hemogenesis"],"picked":"Backstab","floor":28}],"player_experience":6556,"relics_obtained":[{"floor":2,"key":"Ring of Panic"},{"floor":7,"key":"Ancient Tea Set"},{"floor":9,"key":"Whetstone"},{"floor":11,"key":"Chameleon Ring"},{"floor":20,"key":"MawBank"},{"floor":24,"key":"hubris:DisguiseKit"},{"floor":26,"key":"Orichalcum"},{"floor":28,"key":"Snake Skull"},{"floor":29,"key":"hubris:TenFootPole"}],"event_choices":[{"damage_healed":0,"gold_gain":0,"player_choice":"Grow","damage_taken":0,"max_hp_gain":0,"max_hp_loss":0,"event_name":"Living Wall","floor":4,"gold_loss":0,"cards_upgraded":["Dash"]},{"damage_healed":0,"gold_gain":0,"player_choice":"Paid Fearfully","damage_taken":0,"max_hp_gain":0,"max_hp_loss":0,"event_name":"Masked Bandits","floor":30,"gold_loss":106}],"is_beta":false,"boss_relics":[{"not_picked":["hubris:HollowSoul","infinitespire:Cupcake"],"picked":"Philosopher\u0027s Stone"}],"items_purged_floors":[],"is_endless":false,"potions_floor_spawned":[8,13,14,19],"killed_by":"Snecko","ascension_level":0}}