{"host":"ur9yu33ueh8lnvdq","time":1609713800,"event":{"mods":["2.2 Compatiblity","A Magickal Journey","AchievementEnabler","Alarm Clock","Aspiration","Bartender","BaseMod","Better Note","Better Skull","Better Third Choice","ChefMod","Colored Powertips","Conspire","Energized Spire","GungeonMod","Hermit","JesterMod","Jorbs\u0027s Wanderer Trilogy","KinomotoSakuraMod(????)","Melee Mod","Minty Spire (QoL Compilation)","Potionbrewer","Prisma Mod","Quick Restart","READ ME - Guardian Mod","Robot Space Explorer","Shade Mod","Shop Mod","Slumbering Mod","Somnambulant","StSLib","Swap Starting Deck Mod","The Blackbeard","The Bladedancer","The Bug Knight","The Caster","The Cursed","The Death Knight","The Disciple","The Dragon Tamer","The Exalted","The Forsaken","The Gatherer","The Hayseed","The Hierophant","The Judge","The Juggle","The Necromancer","The Problem Sleuth","The Runesmith","The Servant 0.9.4","The Showman","TheFirefly","TheVacant","The_Crusader","Transform Curses"],"gold_per_floor":[112,187,139,139,157,157,187,203,203,220,240,259,275,295,295,399,399,411,411,411,461,475,475,510,528,528,528,528,528,558,575,575,674,674,689,709,759,770,770,770,145,158,184,184,202,16,16,34,34,34,34,34,7,41,41,41],"floor_reached":55,"playtime":5760,"items_purged":[],"score":743,"play_id":"5ad525e8-4501-4632-93f2-f94b12360531","local_time":"20210103174320","is_ascension_mode":false,"campfire_choices":[{"floor":6,"key":"RECALL"},{"floor":15,"key":"REST"},{"data":"RobotSpaceExplorer:TrailblazerForm","floor":23,"key":"SMITH"},{"floor":28,"key":"REST"},{"floor":32,"key":"DIG"},{"floor":40,"key":"DIG"},{"floor":44,"key":"DIG"},{"floor":47,"key":"DIG"},{"floor":49,"key":"DIG"},{"floor":52,"key":"DIG"}],"circlet_count":0,"master_deck":["RobotSpaceExplorer:Strike","RobotSpaceExplorer:Strike","RobotSpaceExplorer:Strike","RobotSpaceExplorer:Strike","RobotSpaceExplorer:Defend","RobotSpaceExplorer:Scan","RobotSpaceExplorer:MiniLasers","RobotSpaceExplorer:SurgingShield","Apotheosis+1","RobotSpaceExplorer:Pulsar","RobotSpaceExplorer:ShovelStrike","RobotSpaceExplorer:StarLightning","RobotSpaceExplorer:LuckyStrike+1","RobotSpaceExplorer:MiniBoosters+1","RobotSpaceExplorer:ScrapToss","RobotSpaceExplorer:PlasmaMissile","RobotSpaceExplorer:ScrapMissile","RobotSpaceExplorer:TrailblazerForm+1","RobotSpaceExplorer:GlueShot","RobotSpaceExplorer:DoubleFind+1","RobotSpaceExplorer:ChargingLaser+1","RobotSpaceExplorer:ExhaustFan","RobotSpaceExplorer:Scanner","theSlumbering:BombToss","RobotSpaceExplorer:FreezingShield","RobotSpaceExplorer:ChargingLaser","RobotSpaceExplorer:Discharger+1","RobotSpaceExplorer:JunkDive","RobotSpaceExplorer:MiniDrones+1","RobotSpaceExplorer:Electropulse+1","RobotSpaceExplorer:SelfCleaning","RobotSpaceExplorer:ShockKick","RobotSpaceExplorer:Counterblock+1","RobotSpaceExplorer:ScrapToss","RobotSpaceExplorer:Discharger+1","RobotSpaceExplorer:Counterblock+1","RobotSpaceExplorer:ScrapMissile+1"],"relics":["RobotSpaceExplorer:RoboCore","Smiling Mask","Nloth\u0027s Gift","Shovel","DemoMod:OrangeGuonStone","Peace Pipe","aspiration:SecretTechniqueScroll","Bromod:ArcaneAegis","Protect_Vest","HollowMod:PaleOreRelic","Bromod:ArcaneFury","conspire:TopHat","Centennial Puzzle","potionbrewer:Keyblade","DemoMod:WhiteGuonStone","DemoMod:MonsterBlood","theForsaken:HumbleEgg","Boot"],"acts_visited":["Exordium","TheCity","TheBeyond","TheEnding"],"potions_floor_usage":[5,16,16,18,24,30,33,38,45,50,50,50,54],"damage_taken":[{"damage":0,"enemies":"conspire:RoseBush","floor":1,"turns":4},{"damage":0,"enemies":"Jaw Worm","floor":5,"turns":3},{"damage":15,"enemies":"Gremlin Nob","floor":7,"turns":4},{"damage":0,"enemies":"2 Louse","floor":8,"turns":3},{"damage":0,"enemies":"3 Louse","floor":10,"turns":3},{"damage":0,"enemies":"Blue Slaver","floor":11,"turns":3},{"damage":0,"enemies":"Large Slime","floor":12,"turns":4},{"damage":0,"enemies":"3 Louse","floor":13,"turns":3},{"damage":0,"enemies":"2 Fungi Beasts","floor":14,"turns":3},{"damage":0,"enemies":"Hexaghost","floor":16,"turns":9},{"damage":5,"enemies":"2 Thieves","floor":18,"turns":4},{"damage":4,"enemies":"Centurion and Healer","floor":22,"turns":5},{"damage":4,"enemies":"Gremlin Leader","floor":24,"turns":6},{"damage":0,"enemies":"Cultist and Chosen","floor":25,"turns":4},{"damage":0,"enemies":"Chosen and Byrds","floor":30,"turns":5},{"damage":0,"enemies":"conspire:HollyBat","floor":31,"turns":7},{"damage":31,"enemies":"Collector","floor":33,"turns":7},{"damage":7,"enemies":"Orb Walker","floor":35,"turns":3},{"damage":38,"enemies":"3 Darklings","floor":36,"turns":5},{"damage":5,"enemies":"Mind Bloom Boss Battle","floor":37,"turns":7},{"damage":31,"enemies":"Jaw Worm Horde","floor":38,"turns":7},{"damage":0,"enemies":"4 Shapes","floor":42,"turns":3},{"damage":7,"enemies":"Sphere and 2 Shapes","floor":45,"turns":4},{"damage":0,"enemies":"Jaw Worm Horde","floor":48,"turns":4},{"damage":8,"enemies":"Donu and Deca","floor":50,"turns":6},{"damage":53,"enemies":"Shield and Spear","floor":54,"turns":5},{"damage":67,"enemies":"The Heart","floor":55,"turns":3}],"seed_played":"918190338615619878","potions_obtained":[{"floor":7,"key":"SkillPotion"},{"floor":8,"key":"Weak Potion"},{"floor":11,"key":"Block Potion"},{"floor":14,"key":"SkillPotion"},{"floor":22,"key":"potionbrewer:DiscountPotion"},{"floor":25,"key":"potionbrewer:MidasPotion"},{"floor":30,"key":"FearPotion"},{"floor":37,"key":"SpeedPotion"},{"floor":38,"key":"DeathKnight:RimePotion"},{"floor":45,"key":"AttackPotion"},{"floor":48,"key":"PowerPotion"}],"is_trial":false,"path_per_floor":["M","?","$","?","M","R","E","M","T","M","M","M","M","M","R","B",null,"M","?","?","?","M","R","E","M","T","?","R","?","M","M","R","B",null,"M","M","?","M","?","R","$","M","T","R","M","$","R","M","R","B",null,"R","$","E","B"],"character_chosen":"RobotSpaceExplorer","items_purchased":["Strength Potion","HollowMod:PaleOreRelic","Bromod:ArcaneFury","RobotSpaceExplorer:SelfCleaning","SteroidPotion","SkillPotion","potionbrewer:Keyblade","RobotSpaceExplorer:ScrapToss","RobotSpaceExplorer:Counterblock+1"],"campfire_rested":2,"item_purchase_floors":[3,41,41,41,41,41,46,46,53],"current_hp_per_floor":[82,74,74,74,74,74,59,59,59,59,59,59,59,59,82,82,82,77,77,77,77,73,73,69,69,69,45,69,69,69,69,69,38,82,75,37,32,1,82,82,82,82,82,82,75,75,75,75,82,74,89,89,89,36,0,0],"gold":41,"neow_bonus":"TEN_PERCENT_HP_BONUS","is_daily":false,"chose_seed":false,"campfire_upgraded":1,"win_rate":0.0,"timestamp":1609713800,"path_taken":["M","?","?","?","M","R","E","M","T","M","M","?","?","M","R","BOSS","M","?","?","?","M","R","E","M","T","?","R","?","?","M","R","BOSS","M","?","?","M","?","R","$","M","T","R","M","$","R","M","R","BOSS","R","$","E","BOSS"],"items_purchased_type":["Potion","Relic","Relic","Card","Potion","Potion","Relic","Card","Card"],"build_version":"2020-12-22","purchased_purges":0,"victory":false,"max_hp_per_floor":[82,82,82,82,82,82,82,82,82,82,82,82,82,82,82,82,82,82,82,82,82,82,82,82,82,82,82,82,82,82,82,82,82,82,82,82,82,82,82,82,82,82,82,82,82,82,82,82,89,89,89,89,89,89,89,89],"card_choices":[{"not_picked":["RobotSpaceExplorer:ImprovisedAttack","RobotSpaceExplorer:MiniBoosters"],"picked":"RobotSpaceExplorer:SurgingShield","floor":1},{"not_picked":["RobotSpaceExplorer:StunGrenade","RobotSpaceExplorer:SurgingShield"],"picked":"RobotSpaceExplorer:Pulsar","floor":5},{"not_picked":["RobotSpaceExplorer:SlimeMissile","RobotSpaceExplorer:Probe"],"picked":"RobotSpaceExplorer:ShovelStrike","floor":7},{"not_picked":["RobotSpaceExplorer:ScrapMissile","RobotSpaceExplorer:TrailblazerForm"],"picked":"RobotSpaceExplorer:StarLightning","floor":8},{"not_picked":["RobotSpaceExplorer:StunGrenade","RobotSpaceExplorer:SlimeMissile"],"picked":"RobotSpaceExplorer:LuckyStrike","floor":10},{"not_picked":["RobotSpaceExplorer:SwiftStep","RobotSpaceExplorer:Probe"],"picked":"RobotSpaceExplorer:MiniBoosters","floor":11},{"not_picked":["RobotSpaceExplorer:ScrapMissile","RobotSpaceExplorer:Jetpack"],"picked":"RobotSpaceExplorer:ScrapToss","floor":12},{"not_picked":["RobotSpaceExplorer:SwiftStep","RobotSpaceExplorer:RigExplosive"],"picked":"RobotSpaceExplorer:PlasmaMissile","floor":13},{"not_picked":["RobotSpaceExplorer:StunGrenade","RobotSpaceExplorer:Pulsar"],"picked":"RobotSpaceExplorer:ScrapMissile","floor":14},{"not_picked":["RobotSpaceExplorer:Autoloader","RobotSpaceExplorer:DroneSwarm"],"picked":"RobotSpaceExplorer:TrailblazerForm","floor":16},{"not_picked":["RobotSpaceExplorer:FrostMissile+1","RobotSpaceExplorer:FranticSearch"],"picked":"RobotSpaceExplorer:GlueShot","floor":18},{"not_picked":["RobotSpaceExplorer:DroneSwarm","RobotSpaceExplorer:Fix"],"picked":"RobotSpaceExplorer:DoubleFind+1","floor":22},{"not_picked":["RobotSpaceExplorer:ExhaustFan","RobotSpaceExplorer:DroneSwarm"],"picked":"RobotSpaceExplorer:ChargingLaser","floor":24},{"not_picked":["RobotSpaceExplorer:DoubleFind","RobotSpaceExplorer:TurboDodge"],"picked":"RobotSpaceExplorer:ExhaustFan","floor":25},{"not_picked":["RobotSpaceExplorer:Electroshield","RobotSpaceExplorer:SurgingShield"],"picked":"RobotSpaceExplorer:FreezingShield","floor":30},{"not_picked":["RobotSpaceExplorer:SwiftStep","RobotSpaceExplorer:FranticSearch","RobotSpaceExplorer:TurboDodge"],"picked":"SKIP","floor":31},{"not_picked":["RobotSpaceExplorer:Scanner","RobotSpaceExplorer:Autoloader"],"picked":"RobotSpaceExplorer:ChargingLaser","floor":33},{"not_picked":["RobotSpaceExplorer:ToxicBomb+1","RobotSpaceExplorer:StunGrenade"],"picked":"RobotSpaceExplorer:Discharger+1","floor":35},{"not_picked":["RobotSpaceExplorer:ShockKick","RobotSpaceExplorer:SurgingShield"],"picked":"RobotSpaceExplorer:JunkDive","floor":36},{"not_picked":["RobotSpaceExplorer:SlimeMissile","RobotSpaceExplorer:StunGrenade"],"picked":"RobotSpaceExplorer:MiniDrones+1","floor":37},{"not_picked":["RobotSpaceExplorer:Fix+1","RobotSpaceExplorer:ShovelStrike"],"picked":"RobotSpaceExplorer:Electropulse+1","floor":38},{"not_picked":["RobotSpaceExplorer:FrostMissile","RobotSpaceExplorer:Ammunition"],"picked":"RobotSpaceExplorer:ShockKick","floor":42},{"not_picked":["RobotSpaceExplorer:MetalStrike","RobotSpaceExplorer:ShovelStrike"],"picked":"RobotSpaceExplorer:Counterblock+1","floor":45},{"not_picked":["RobotSpaceExplorer:Blaster","RobotSpaceExplorer:FranticSearch"],"picked":"RobotSpaceExplorer:Discharger+1","floor":48},{"not_picked":["RobotSpaceExplorer:Pulsar+1","RobotSpaceExplorer:StunGrenade+1"],"picked":"RobotSpaceExplorer:ScrapMissile+1","floor":54}],"player_experience":816237,"relics_obtained":[{"floor":7,"key":"Smiling Mask"},{"floor":24,"key":"Shovel"},{"floor":26,"key":"DemoMod:OrangeGuonStone"},{"floor":32,"key":"Peace Pipe"},{"floor":37,"key":"Bromod:ArcaneAegis"},{"floor":40,"key":"DemoMod:WeirdEgg"},{"floor":43,"key":"conspire:TopHat"},{"floor":44,"key":"Centennial Puzzle"},{"floor":47,"key":"DemoMod:WhiteGuonStone"},{"floor":49,"key":"DemoMod:MonsterBlood"},{"floor":52,"key":"theForsaken:HumbleEgg"},{"floor":54,"key":"Boot"}],"event_choices":[{"damage_healed":0,"gold_gain":75,"player_choice":"Touch","damage_taken":8,"max_hp_gain":0,"max_hp_loss":0,"event_name":"FaceTrader","floor":2,"gold_loss":0},{"damage_healed":74,"gold_gain":0,"player_choice":"Embrace","damage_taken":0,"max_hp_gain":0,"max_hp_loss":82,"event_name":"betterThird:BetterShining","floor":4,"gold_loss":0},{"damage_healed":0,"gold_gain":0,"player_choice":"Traded Relic","damage_taken":0,"relics_obtained":["Nloth\u0027s Gift"],"max_hp_gain":0,"max_hp_loss":0,"event_name":"N\u0027loth","floor":19,"relics_lost":["Empty Cage"],"gold_loss":0},{"cards_removed":["RobotSpaceExplorer:Defend"],"damage_healed":0,"gold_gain":0,"player_choice":"Purged","damage_taken":0,"max_hp_gain":0,"max_hp_loss":0,"event_name":"Purifier","floor":20,"gold_loss":0},{"damage_healed":0,"gold_gain":100,"player_choice":"Bet on Murderer","damage_taken":0,"max_hp_gain":0,"max_hp_loss":0,"event_name":"The Joust","floor":21,"gold_loss":50},{"damage_healed":0,"gold_gain":0,"player_choice":"2 cards matched","damage_taken":0,"max_hp_gain":0,"max_hp_loss":0,"event_name":"Match and Keep!","floor":29,"gold_loss":0,"cards_obtained":["RobotSpaceExplorer:Scanner","theSlumbering:BombToss"]},{"damage_healed":0,"gold_gain":0,"player_choice":"Fight","damage_taken":0,"max_hp_gain":0,"max_hp_loss":0,"event_name":"MindBloom","floor":37,"gold_loss":0},{"damage_healed":81,"gold_gain":0,"player_choice":"Full Heal","damage_taken":0,"max_hp_gain":0,"max_hp_loss":0,"event_name":"Wheel of Change","floor":39,"gold_loss":0}],"is_beta":false,"boss_relics":[{"not_picked":["Ectoplasm","aspiration:RunicSpoon"],"picked":"Empty Cage"},{"not_picked":["energizedSpire:NeverEndingSparkler","Velvet Choker"],"picked":"aspiration:SecretTechniqueScroll"}],"items_purged_floors":[],"is_endless":false,"potions_floor_spawned":[7,8,11,14,22,25,30,37,38,42,45,48],"killed_by":"The Heart","ascension_level":0}}