{"host":"Lado","time":1609693482,"event":{"mods":["Aspiration","BaseMod","Better Third Choice","BetterRewards","Card Forge","Conspire","Custom Start","Downfall","FutureSeer","Hero for Fun","Hubris","Infinite Spire","Mad Scientist","Marisa????????","Minty Spire (QoL Compilation)","Quick Restart","READ ME - Guardian Mod","Replay The Spire","Spicy Shops","StSLib","Td1madao Mod","The Administrix","The Animator","The Blackbeard","The Bladedancer","The Bug Knight","The Construct","The Cursed","The Disciple","The Gatherer","The Hierophant","The Jungle","The Marked","The Mystic","The Necromancer","The Sage","The Servant 0.9.4","The Valiant"],"gold_per_floor":[99,99,309,759,759,786,786,961,961,961,811,824,824,835,850,945,945,945,945,945],"floor_reached":19,"playtime":781,"items_purged":[],"score":211,"play_id":"ccb72e7e-6a09-43fc-bf74-2162577aa042","local_time":"20210103180442","is_ascension_mode":false,"campfire_choices":[{"floor":1,"key":"RECALL"},{"floor":11,"key":"REST"},{"floor":13,"key":"REST"},{"floor":18,"key":"DIG"}],"circlet_count":0,"master_deck":["Guardian:Strike_Guardian+1","Guardian:Strike_Guardian+1","Guardian:Strike_Guardian+1","Guardian:Strike_Guardian+1","Guardian:Defend_Guardian+1","Guardian:Defend_Guardian+1","Guardian:Defend_Guardian+1","Guardian:Defend_Guardian+1","Guardian:CurlUp+1","Guardian:TwinSlam+1","Guardian:RollAttack+1","Guardian:Incinerate+1","Guardian:DecasProtection+1","Guardian:TemporalStrike+1","Guardian:StasisField+1","Guardian:WalkerClaw+1","Guardian:StasisStrike+1","hubris:Envy","Knight Kick+1","Guardian:ExploitGems+1","Swift Strike+1","hubris:Fate+1"],"relics":["Guardian:ModeShifter","Hammer of Thor","Seething Fire","Anvil of the Gods","downfall:HeartsMalice","Prayer Beads","Replay:Rubber Ducky","aspiration:HatOfInfinitePower","HollowMod:LifeEnderRelic","downfall:HeartBlessingRed","downfall:HeartBlessingGreen","ReplayTheSpireMod:SealedPack","Smiling Mask"],"acts_visited":["Exordium","TheCity"],"potions_floor_usage":[],"damage_taken":[{"damage":0,"enemies":"Jaw Worm","floor":5,"turns":1},{"damage":0,"enemies":"HollowMod:MossKnight","floor":6,"turns":1},{"damage":0,"enemies":"conspire:RoseBush","floor":10,"turns":1},{"damage":0,"enemies":"2 Louse","floor":12,"turns":1},{"damage":1,"enemies":"Large Slime","floor":14,"turns":5},{"damage":7,"enemies":"conspire:2 RoseBushes","floor":15,"turns":3},{"damage":4,"enemies":"downfall:Watcher","floor":16,"turns":9},{"damage":16,"enemies":"conspire:FuzzyDice","floor":19,"turns":5}],"seed_played":"833777469255399461","potions_obtained":[{"floor":12,"key":"Guardian:BlockOnCardUsePotion"},{"floor":14,"key":"SkillPotion"},{"floor":15,"key":"PowerPotion"}],"is_trial":false,"path_per_floor":["R","?","?","?","M","E","T","?","T","M","R","M","R","M","M","B",null,"R","M"],"character_chosen":"GUARDIAN","items_purchased":[],"campfire_rested":2,"item_purchase_floors":[],"current_hp_per_floor":[80,80,80,80,80,80,80,80,80,80,80,80,80,79,72,68,80,80,64,64],"gold":945,"neow_bonus":"THREE_ENEMY_KILL","is_daily":false,"chose_seed":false,"campfire_upgraded":0,"win_rate":0.0,"timestamp":1609693482,"path_taken":["R","?","?","?","M","E","T","?","?","M","R","M","R","M","M","BOSS","R","M"],"items_purchased_type":[],"build_version":"2020-12-18","purchased_purges":0,"victory":false,"max_hp_per_floor":[80,80,80,80,80,80,80,80,80,80,80,80,80,80,80,80,80,80,80,80],"card_choices":[{"not_picked":["Guardian:PrismaticBeam","Guardian:Suspension"],"picked":"Guardian:RollAttack","floor":3},{"not_picked":["Guardian:Gem_Fragmented","Guardian:EvasiveProtocol"],"picked":"Guardian:Incinerate","floor":5},{"not_picked":["Guardian:RollAttack","Guardian:Suspension"],"picked":"Guardian:DecasProtection","floor":6},{"not_picked":["Guardian:Harden","Guardian:Gem_Fragmented"],"picked":"Guardian:TemporalStrike","floor":10},{"not_picked":["Guardian:Gem_Cyan","Guardian:VentSteam"],"picked":"Guardian:StasisField","floor":12},{"not_picked":["Guardian:CrystalBeam","Guardian:TemporalShield"],"picked":"Guardian:WalkerClaw","floor":14},{"not_picked":["Guardian:Gem_Blue","Guardian:Suspension"],"picked":"Guardian:Gem_Green","floor":15},{"not_picked":["Guardian:RevengeProtocol","Guardian:HyperBeam_Guardian"],"picked":"Guardian:StasisStrike","floor":16},{"not_picked":["sneckomod:Unknown","mysticmod:ArcaneDodge"],"picked":"Knight Kick","floor":17},{"not_picked":["Guardian:Gem_Synthetic","Guardian:SphericShield"],"picked":"Guardian:ExploitGems","floor":17},{"not_picked":["Replay:Sssssssssshield","Purity"],"picked":"Swift Strike","floor":17},{"not_picked":["hubris:Rewind","ReplayTheSpireMod:Black Plague"],"picked":"hubris:Fate","floor":17}],"player_experience":498283,"relics_obtained":[{"floor":2,"key":"Prayer Beads"},{"floor":6,"key":"Replay:Rubber Ducky"},{"floor":7,"key":"aspiration:HatOfInfinitePower"},{"floor":9,"key":"HollowMod:LifeEnderRelic"},{"floor":18,"key":"Smiling Mask"}],"event_choices":[],"is_beta":true,"boss_relics":[{"not_picked":["SacredBark","conspire:RoyalGoblet"],"picked":"ReplayTheSpireMod:SealedPack"}],"items_purged_floors":[],"is_endless":false,"potions_floor_spawned":[12,14,15],"killed_by":"conspire:FuzzyDice","ascension_level":0}}