{"host":"hgkb2zpbo2dcws21","time":1609672858,"event":{"mods":["AchievementEnabler","BaseMod","Colored Map","Colored Powertips","Custom Start","DeckTracker","KOR Keyword Fix","Minty Spire (QoL Compilation)","Relic Stats","StSLib","SuperFastMode"],"gold_per_floor":[117,128,148,298,298,298,52,52,104,136,136,10,28,63,63,135,135,152,202,229,159,159,159],"floor_reached":22,"playtime":623,"items_purged":["Doubt","Strike_G"],"score":371,"play_id":"e9d1598d-00d1-4e0e-9c84-cbf76656debd","local_time":"20210103202058","is_ascension_mode":true,"campfire_choices":[{"data":"Eviscerate","floor":6.0,"key":"SMITH"},{"data":"Venomology","floor":8,"key":"SMITH"},{"floor":11,"key":"REST"},{"data":"Well Laid Plans","floor":15,"key":"SMITH"}],"circlet_count":0,"master_deck":["AscendersBane","Strike_G","Strike_G","Strike_G","Strike_G","Defend_G","Defend_G","Defend_G","Defend_G","Defend_G","Survivor","Neutralize","Eviscerate+1","Quick Slash","Backflip","Finisher","Venomology+1","Backstab","Expertise","Dagger Throw","Well Laid Plans+1","Acrobatics"],"relics":["Ring of the Snake","Tiny Chest","Blue Candle","Orrery","PreservedInsect","The Courier","Membership Card","TungstenRod","HoveringKite","Juzu Bracelet"],"acts_visited":["Exordium","TheCity"],"potions_floor_usage":[16,16,18,22,22],"damage_taken":[{"damage":1.0,"enemies":"2 Louse","floor":1.0,"turns":4.0},{"damage":9.0,"enemies":"Jaw Worm","floor":2.0,"turns":4.0},{"damage":6.0,"enemies":"Cultist","floor":3.0,"turns":3.0},{"damage":44,"enemies":"Lagavulin","floor":10,"turns":6},{"damage":9,"enemies":"Lots of Slimes","floor":13,"turns":5},{"damage":8,"enemies":"Gremlin Nob","floor":14,"turns":3},{"damage":14,"enemies":"Slime Boss","floor":16,"turns":8},{"damage":19,"enemies":"Spheric Guardian","floor":18,"turns":4},{"damage":32,"enemies":"Masked Bandits","floor":22,"turns":3}],"seed_played":"-6435042422184234688","potions_obtained":[{"floor":1.0,"key":"Strength Potion"},{"floor":16,"key":"ColorlessPotion"},{"floor":18,"key":"AttackPotion"}],"is_trial":false,"path_per_floor":["M","M","M","?","?","R","$","R","T","E","R","$","M","E","R","B",null,"M","?","T","$","?"],"character_chosen":"THE_SILENT","items_purchased":["Orrery","Membership Card","Acrobatics"],"campfire_rested":1,"item_purchase_floors":[7,12,21],"current_hp_per_floor":[58,49,43,43,32,32,32,32,32,19,38,38,29,21,21,7,51,32,32,32,32,0,0],"gold":159,"neow_bonus":"RANDOM_COMMON_RELIC","is_daily":false,"chose_seed":false,"campfire_upgraded":3,"win_rate":0.0,"timestamp":1609672858,"path_taken":["M","M","M","?","?","R","$","R","T","E","R","$","M","E","R","BOSS","M","?","?","$","?"],"items_purchased_type":["Relic","Relic","Card"],"build_version":"2020-12-22","purchased_purges":2,"victory":false,"max_hp_per_floor":[66,66,66,66,66,66,66,66,66,66,66,66,66,66,66,66,66,66,66,66,66,66,66],"relic_stats":{"counters":[9,40],"Blue Candle":[0],"HoveringKite":[5],"Tiny Chest":1,"PreservedInsect":51,"Juzu Bracelet":0,"obtain_stats":[{"Blue Candle":5,"Orrery":7,"HoveringKite":17,"Tiny Chest":0,"PreservedInsect":9,"The Courier":10,"Juzu Bracelet":20,"Membership Card":12,"TungstenRod":14,"Ring of the Snake":0},{"Blue Candle":3,"Orrery":3,"HoveringKite":7,"Tiny Chest":0,"PreservedInsect":3,"The Courier":4,"Juzu Bracelet":8,"Membership Card":4,"TungstenRod":6,"Ring of the Snake":0},{"Blue Candle":11,"Orrery":11,"HoveringKite":33,"Tiny Chest":0,"PreservedInsect":11,"The Courier":17,"Juzu Bracelet":37,"Membership Card":17,"TungstenRod":25,"Ring of the Snake":0}],"TungstenRod":9,"Ring of the Snake":[18]},"card_choices":[{"not_picked":["Leg Sweep","Choke"],"picked":"Eviscerate","floor":1.0},{"not_picked":["Endless Agony","PiercingWail"],"picked":"Quick Slash","floor":2.0},{"not_picked":["Blade Dance","PiercingWail"],"picked":"Backflip","floor":3.0},{"not_picked":["Eviscerate","Deadly Poison"],"picked":"Finisher","floor":7},{"not_picked":["Poisoned Stab","Catalyst"],"picked":"Venomology","floor":7},{"not_picked":["Blur","Riddle With Holes"],"picked":"Backstab","floor":7},{"not_picked":["Flying Knee","Bane"],"picked":"Expertise","floor":7},{"not_picked":["Bane","Expertise"],"picked":"Dagger Throw","floor":7},{"not_picked":["Flying Knee","Underhanded Strike"],"picked":"Well Laid Plans","floor":10},{"not_picked":["Sucker Punch","Eviscerate","Dash"],"picked":"SKIP","floor":13},{"not_picked":["Terror","Dagger Spray","Choke"],"picked":"SKIP","floor":14},{"not_picked":["Flying Knee","Accuracy","Bane"],"picked":"SKIP","floor":18}],"player_experience":1128318,"relics_obtained":[{"floor":9,"key":"PreservedInsect"},{"floor":10,"key":"The Courier"},{"floor":14,"key":"TungstenRod"},{"floor":20,"key":"Juzu Bracelet"}],"event_choices":[{"damage_healed":0.0,"max_hp_gain":0.0,"max_hp_loss":0.0,"gold_gain":150.0,"event_name":"Liars Game","player_choice":"AGREE","floor":4.0,"gold_loss":0.0,"damage_taken":0.0,"cards_obtained":["Doubt"]},{"damage_healed":0.0,"max_hp_gain":0.0,"max_hp_loss":0.0,"gold_gain":0.0,"event_name":"Scrap Ooze","player_choice":"Success","floor":5.0,"gold_loss":0.0,"damage_taken":11.0,"relics_obtained":["Blue Candle"]},{"damage_healed":0,"gold_gain":50,"player_choice":"Stole From Cult","damage_taken":0,"max_hp_gain":0,"max_hp_loss":0,"event_name":"Nest","floor":19,"gold_loss":0},{"damage_healed":0,"gold_gain":0,"player_choice":"Fought Bandits","damage_taken":0,"max_hp_gain":0,"max_hp_loss":0,"event_name":"Masked Bandits","floor":22,"gold_loss":0}],"is_beta":false,"boss_relics":[{"not_picked":["Philosopher\u0027s Stone","Coffee Dripper"],"picked":"HoveringKite"}],"items_purged_floors":[7,21],"is_endless":false,"potions_floor_spawned":[1,13,16,18],"killed_by":"Masked Bandits","ascension_level":19}}