{"host":"h0xw20cia6ppa69g","time":1609676490,"event":{"mods":["AchievementEnabler","BaseMod","Colored Map","Filter the Spire","Googly Eyes","Minty Spire (QoL Compilation)","Relic Stats","StSLib","The Awakened One except there are too many feathers","everything is the same but u backflip on backflip"],"gold_per_floor":[112,112,112,112,128,162,188,216,239,266,295,333,356,382,394,502,514,538,570,507,545,557,569,610,622,657,702,242,242,91,124,124,225,225,242,260,305,320,320,320,345,359,384,404,422,422,189,220,220,220,220,220,48,82,82],"floor_reached":56,"playtime":2850,"items_purged":["Neutralize"],"score":1512,"play_id":"2f8adc18-ff9e-458c-9dbd-e8bb9e64a1a4","local_time":"20210103062130","is_ascension_mode":true,"campfire_choices":[{"data":"Grand Finale","floor":15,"key":"SMITH"},{"data":"Wraith Form v2","floor":23,"key":"SMITH"},{"data":"Setup","floor":32,"key":"SMITH"},{"floor":40,"key":"RECALL"},{"floor":46,"key":"REST"},{"data":"Acrobatics","floor":49,"key":"SMITH"},{"data":"After Image","floor":52,"key":"SMITH"}],"circlet_count":0,"master_deck":["Survivor","Grand Finale+1","Escape Plan","Predator","Poisoned Stab","Flying Knee+1","Wraith Form v2+1","Caltrops+1","After Image+1","Dagger Throw","Setup+1","Backflip","Adrenaline","Footwork","Acrobatics+1","Blur+1","Well Laid Plans+1","Tactician","Footwork","Terror+1","Caltrops+1","Footwork+1","Tactician","Concentrate","Dark Shackles","Prepared+1","Dodge and Roll+1","Backflip+1","Acrobatics","PiercingWail"],"relics":["Pandora\u0027s Box","Art of War","Strawberry","Akabeko","MawBank","Happy Flower","SlaversCollar","Red Mask","Nilry\u0027s Codex","PreservedInsect","Boot","Mummified Hand","Orrery","Membership Card","Shuriken","Runic Dome","Turnip","Pantograph","Bag of Marbles","Sundial","Lee\u0027s Waffle","Centennial Puzzle","Bag of Preparation","Anchor","Bird Faced Urn"],"acts_visited":["Exordium","TheCity","TheBeyond","TheEnding"],"potions_floor_usage":[18,19,35,37,55,55,55],"damage_taken":[{"damage":0,"enemies":"Small Slimes","floor":1,"turns":2},{"damage":6,"enemies":"Jaw Worm","floor":5,"turns":2},{"damage":0,"enemies":"Lagavulin","floor":6,"turns":4},{"damage":0,"enemies":"3 Sentries","floor":8,"turns":2},{"damage":0,"enemies":"2 Louse","floor":10,"turns":2},{"damage":0,"enemies":"Exordium Thugs","floor":11,"turns":2},{"damage":7,"enemies":"Lagavulin","floor":12,"turns":5},{"damage":11,"enemies":"Large Slime","floor":13,"turns":3},{"damage":6,"enemies":"2 Fungi Beasts","floor":14,"turns":4},{"damage":4,"enemies":"Hexaghost","floor":16,"turns":5},{"damage":4,"enemies":"Chosen","floor":18,"turns":4},{"damage":4,"enemies":"2 Thieves","floor":19,"turns":2},{"damage":0,"enemies":"Masked Bandits","floor":21,"turns":3},{"damage":7,"enemies":"Gremlin Leader","floor":24,"turns":5},{"damage":2,"enemies":"Book of Stabbing","floor":27,"turns":3},{"damage":4,"enemies":"Gremlin Leader","floor":31,"turns":5},{"damage":8,"enemies":"Automaton","floor":33,"turns":6},{"damage":3,"enemies":"Orb Walker","floor":35,"turns":3},{"damage":7,"enemies":"3 Darklings","floor":36,"turns":4},{"damage":10,"enemies":"2 Orb Walkers","floor":37,"turns":5},{"damage":1,"enemies":"Transient","floor":38,"turns":5},{"damage":24,"enemies":"Reptomancer","floor":41,"turns":5},{"damage":3,"enemies":"Jaw Worm Horde","floor":42,"turns":5},{"damage":9,"enemies":"Spire Growth","floor":44,"turns":5},{"damage":2,"enemies":"Transient","floor":45,"turns":5},{"damage":0,"enemies":"Giant Head","floor":48,"turns":5},{"damage":13,"enemies":"Donu and Deca","floor":50,"turns":4},{"damage":0,"enemies":"Shield and Spear","floor":54,"turns":4},{"damage":25,"enemies":"The Heart","floor":55,"turns":8}],"seed_played":"-8520616221940306812","potions_obtained":[{"floor":5,"key":"EssenceOfSteel"},{"floor":6,"key":"Poison Potion"},{"floor":8,"key":"EssenceOfSteel"},{"floor":19,"key":"Poison Potion"},{"floor":24,"key":"Weak Potion"},{"floor":27,"key":"DuplicationPotion"},{"floor":36,"key":"SpeedPotion"},{"floor":38,"key":"SteroidPotion"}],"is_trial":false,"path_per_floor":["M","?","?","?","M","E","T","E","T","M","M","E","M","M","R","B",null,"M","M","?","?","?","R","E","?","T","E","$","?","$","E","R","B",null,"M","M","?","M","?","R","E","M","T","M","M","R","$","E","R","B",null,"R","$","E","B",null],"character_chosen":"THE_SILENT","items_purchased":["Mummified Hand","Orrery","Footwork","Membership Card","Sundial","Lee\u0027s Waffle","Bag of Preparation","Anchor","PiercingWail"],"campfire_rested":1,"item_purchase_floors":[28,28,28,30,47,47,53,53,53],"current_hp_per_floor":[70,56,49,54,48,48,55,55,55,55,55,48,37,31,31,27,82,78,74,74,74,58,58,51,51,51,49,49,49,49,45,45,37,82,79,72,62,61,51,51,27,24,24,15,13,37,89,89,89,76,89,89,89,89,64],"gold":82,"neow_bonus":"BOSS_RELIC","is_daily":false,"chose_seed":false,"campfire_upgraded":5,"win_rate":0.0,"timestamp":1609676490,"path_taken":["M","?","?","?","M","E","?","E","T","M","M","E","M","M","R","BOSS","M","M","?","?","?","R","E","?","T","E","$","?","$","E","R","BOSS","M","?","?","M","?","R","E","?","T","M","M","R","?","E","R","BOSS","R","$","E","BOSS"],"items_purchased_type":["Relic","Relic","Card","Relic","Relic","Relic","Relic","Relic","Card"],"build_version":"2020-12-22","purchased_purges":1,"victory":true,"max_hp_per_floor":[70,70,70,75,75,75,82,82,82,82,82,82,82,82,82,82,82,82,82,82,82,82,82,82,82,82,82,82,82,82,82,82,82,82,82,82,82,82,82,82,82,82,82,82,82,82,89,89,89,89,89,89,89,89,89],"relic_stats":{"Lee\u0027s Waffle":52,"Happy Flower":[32],"counters":[29,117],"PreservedInsect":340,"Bag of Preparation":[4],"MawBank":228,"Boot":[21],"Centennial Puzzle":[6],"Mummified Hand":[119],"Shuriken":[18],"Sundial":[2],"Pantograph":0,"Bird Faced Urn":[0],"Pandora\u0027s Box":["Finisher","Grand Finale","Escape Plan","Predator","Poisoned Stab","Bane","Flying Knee","Wraith Form v2","Caltrops","After Image"],"Turnip":[2],"Art of War":[15],"obtain_stats":[{"Nilry\u0027s Codex":22,"Bag of Preparation":53,"Boot":27,"Centennial Puzzle":48,"Mummified Hand":28,"Sundial":47,"Strawberry":7,"Pantograph":41,"Red Mask":21,"Ring of the Snake":0,"Lee\u0027s Waffle":47,"Happy Flower":12,"PreservedInsect":24,"MawBank":9,"Akabeko":8,"SlaversCollar":17,"Runic Dome":34,"Anchor":53,"Shuriken":31,"Bird Faced Urn":54,"Orrery":28,"Pandora\u0027s Box":0,"Turnip":37,"Art of War":6,"Bag of Marbles":43,"Membership Card":30},{"Nilry\u0027s Codex":13,"Bag of Preparation":27,"Boot":15,"Centennial Puzzle":26,"Mummified Hand":15,"Sundial":25,"Strawberry":3,"Pantograph":22,"Red Mask":13,"Ring of the Snake":0,"Lee\u0027s Waffle":25,"Happy Flower":7,"PreservedInsect":14,"MawBank":4,"Akabeko":4,"SlaversCollar":10,"Runic Dome":17,"Anchor":27,"Shuriken":16,"Bird Faced Urn":28,"Orrery":15,"Pandora\u0027s Box":0,"Turnip":20,"Art of War":3,"Bag of Marbles":23,"Membership Card":15},{"Nilry\u0027s Codex":40,"Bag of Preparation":105,"Boot":48,"Centennial Puzzle":101,"Mummified Hand":48,"Sundial":96,"Strawberry":8,"Pantograph":81,"Red Mask":40,"Ring of the Snake":0,"Lee\u0027s Waffle":96,"Happy Flower":19,"PreservedInsect":45,"MawBank":10,"Akabeko":10,"SlaversCollar":31,"Runic Dome":59,"Anchor":105,"Shuriken":53,"Bird Faced Urn":109,"Orrery":48,"Pandora\u0027s Box":0,"Turnip":71,"Art of War":8,"Bag of Marbles":86,"Membership Card":48}]},"card_choices":[{"not_picked":["Outmaneuver","Backstab"],"picked":"Dagger Throw","floor":1},{"not_picked":["Choke","Underhanded Strike","Slice"],"picked":"SKIP","floor":5},{"not_picked":["Catalyst","Dagger Throw","Outmaneuver"],"picked":"SKIP","floor":6},{"not_picked":["Blade Dance","Die Die Die","Bane"],"picked":"SKIP","floor":8},{"not_picked":["Prepared","Deadly Poison"],"picked":"Setup","floor":10},{"not_picked":["Prepared","Bane","Deadly Poison"],"picked":"SKIP","floor":11},{"not_picked":["Heel Hook","Expertise","Sucker Punch"],"picked":"SKIP","floor":12},{"not_picked":["Riddle With Holes","Accuracy","Sucker Punch"],"picked":"SKIP","floor":13},{"not_picked":["Dagger Spray","Bouncing Flask"],"picked":"Backflip","floor":14},{"not_picked":["Unload","Venomology"],"picked":"Adrenaline","floor":16},{"not_picked":["Sucker Punch","Noxious Fumes","Flying Knee"],"picked":"SKIP","floor":18},{"not_picked":["Outmaneuver+1","Deadly Poison","Flying Knee+1"],"picked":"SKIP","floor":19},{"not_picked":["Bane+1","Prepared"],"picked":"Footwork","floor":21},{"not_picked":["Backstab","Glass Knife","Setup"],"picked":"SKIP","floor":24},{"not_picked":["Underhanded Strike","Quick Slash"],"picked":"Blur+1","floor":27},{"not_picked":["Acrobatics","Distraction+1"],"picked":"Well Laid Plans","floor":28},{"not_picked":["Backstab","Caltrops+1"],"picked":"Tactician","floor":28},{"not_picked":["Well Laid Plans","Flying Knee+1"],"picked":"Terror+1","floor":31},{"not_picked":["Noxious Fumes+1","Leg Sweep+1"],"picked":"Caltrops+1","floor":35},{"not_picked":["Underhanded Strike","Dagger Spray+1"],"picked":"Footwork+1","floor":36},{"not_picked":["Cloak And Dagger","Slice+1"],"picked":"Tactician","floor":37},{"not_picked":["Flying Knee","Dagger Throw"],"picked":"Concentrate","floor":38},{"not_picked":["Jack Of All Trades","Swift Strike"],"picked":"Dark Shackles","floor":39},{"not_picked":["Choke+1","Blade Dance"],"picked":"Prepared+1","floor":41},{"not_picked":["Backflip","Crippling Poison+1"],"picked":"Dodge and Roll+1","floor":42},{"not_picked":["Blade Dance","Bane+1","Catalyst+1"],"picked":"SKIP","floor":44},{"not_picked":["Footwork","Accuracy+1"],"picked":"Backflip+1","floor":45},{"not_picked":["Storm of Steel","Flying Knee"],"picked":"Acrobatics","floor":48},{"not_picked":["Finisher+1","Deadly Poison","Sucker Punch"],"picked":"SKIP","floor":54}],"player_experience":3601717,"relics_obtained":[{"floor":6,"key":"Art of War"},{"floor":7,"key":"Strawberry"},{"floor":8,"key":"Akabeko"},{"floor":9,"key":"MawBank"},{"floor":12,"key":"Happy Flower"},{"floor":21,"key":"Red Mask"},{"floor":22,"key":"Nilry\u0027s Codex"},{"floor":24,"key":"PreservedInsect"},{"floor":27,"key":"Boot"},{"floor":31,"key":"Shuriken"},{"floor":37,"key":"Turnip"},{"floor":41,"key":"Pantograph"},{"floor":43,"key":"Bag of Marbles"},{"floor":48,"key":"Centennial Puzzle"},{"floor":54,"key":"Bird Faced Urn"}],"event_choices":[{"damage_healed":0,"gold_gain":0,"player_choice":"Entered Light","damage_taken":14,"max_hp_gain":0,"max_hp_loss":0,"event_name":"Shining Light","floor":2,"gold_loss":0,"cards_upgraded":["Caltrops","Flying Knee"]},{"cards_removed":["Finisher"],"damage_healed":0,"gold_gain":0,"player_choice":"Card Removal","damage_taken":7,"max_hp_gain":0,"max_hp_loss":0,"event_name":"Golden Wing","floor":3,"gold_loss":0},{"damage_healed":0,"gold_gain":0,"player_choice":"Donut","damage_taken":0,"max_hp_gain":5,"max_hp_loss":0,"event_name":"Big Fish","floor":4,"gold_loss":0},{"cards_removed":["Bane"],"damage_healed":0,"gold_gain":0,"player_choice":"Gave Gold","damage_taken":0,"max_hp_gain":0,"max_hp_loss":0,"event_name":"Beggar","floor":20,"gold_loss":75},{"damage_healed":0,"gold_gain":0,"player_choice":"Fought Bandits","damage_taken":0,"max_hp_gain":0,"max_hp_loss":0,"event_name":"Masked Bandits","floor":21,"gold_loss":0},{"damage_healed":0,"gold_gain":0,"player_choice":"Obtained Book","damage_taken":16,"max_hp_gain":0,"max_hp_loss":0,"event_name":"Cursed Tome","floor":22,"gold_loss":0},{"damage_healed":0,"gold_gain":0,"player_choice":"Read","damage_taken":0,"max_hp_gain":0,"max_hp_loss":0,"event_name":"The Library","floor":25,"gold_loss":0,"cards_obtained":["Acrobatics"]},{"damage_healed":0,"gold_gain":0,"player_choice":"Upgraded","damage_taken":0,"max_hp_gain":0,"max_hp_loss":0,"event_name":"Upgrade Shrine","floor":29,"gold_loss":0,"cards_upgraded":["Well Laid Plans"]},{"damage_healed":0,"gold_gain":0,"player_choice":"Fight","damage_taken":0,"max_hp_gain":0,"max_hp_loss":0,"event_name":"Mysterious Sphere","floor":37,"gold_loss":0},{"damage_healed":0,"gold_gain":0,"player_choice":"Memory 3","damage_taken":10,"max_hp_gain":0,"max_hp_loss":0,"event_name":"SensoryStone","floor":39,"gold_loss":0}],"is_beta":false,"boss_relics":[{"not_picked":["Coffee Dripper","WristBlade"],"picked":"SlaversCollar"},{"not_picked":["Snecko Eye","Busted Crown"],"picked":"Runic Dome"}],"items_purged_floors":[47],"is_endless":false,"potions_floor_spawned":[5,6,8,12,14,19,24,27,36,38,41,44,45,54],"ascension_level":1}}