{"host":"hz94vu9lk5pvuib2","time":1609665146,"event":{"mods":["BaseMod","Colored Map","Minty Spire (QoL Compilation)","Waifu the Spire"],"gold_per_floor":[119,119,119,119,134,167,16,28,51,1,1,36,55,72,72,170,170,187,199,212,212,228,242,258,258,258,276,276,276,276],"floor_reached":29,"playtime":1066,"items_purged":[],"score":264,"play_id":"fea03e2b-694b-4e31-b6ec-e7cb4c9ccece","local_time":"20210103181226","is_ascension_mode":false,"campfire_choices":[{"floor":11,"key":"REST"},{"floor":15,"key":"REST"},{"data":"ReachHeaven","floor":28,"key":"SMITH"}],"circlet_count":0,"master_deck":["Strike_P","Strike_P","Strike_P","Strike_P","Defend_P","Defend_P","Defend_P","Defend_P","Eruption+1","Vigilance","ReachHeaven","EmptyBody","WaveOfTheHand","FollowUp","BowlingBash","FollowUp","ReachHeaven","Crescendo","Indignation","Normality","FlurryOfBlows","Evaluate","ClearTheMind","Protect","Ragnarok+1","EmptyBody","FlyingSleeves+1","Conclude","Pain","ReachHeaven+1"],"relics":["Cursed Key","Happy Flower","Bottled Flame","Orrery","Vajra","Art of War","Coffee Dripper","Centennial Puzzle","Blood Vial"],"acts_visited":["Exordium","TheCity"],"potions_floor_usage":[12,14,16,16],"damage_taken":[{"damage":19,"enemies":"Small Slimes","floor":1,"turns":3},{"damage":0,"enemies":"Jaw Worm","floor":5,"turns":3},{"damage":31,"enemies":"3 Sentries","floor":6,"turns":4},{"damage":0,"enemies":"Cultist","floor":8,"turns":2},{"damage":0,"enemies":"Gremlin Nob","floor":12,"turns":3},{"damage":3,"enemies":"Lots of Slimes","floor":13,"turns":3},{"damage":2,"enemies":"Looter","floor":14,"turns":2},{"damage":25,"enemies":"The Guardian","floor":16,"turns":4},{"damage":0,"enemies":"Spheric Guardian","floor":18,"turns":2},{"damage":11,"enemies":"Shell Parasite","floor":19,"turns":4},{"damage":16,"enemies":"Snake Plant","floor":20,"turns":4},{"damage":0,"enemies":"Snecko","floor":22,"turns":2},{"damage":18,"enemies":"Centurion and Healer","floor":23,"turns":4},{"damage":10,"enemies":"Chosen and Byrds","floor":24,"turns":4},{"damage":8,"enemies":"Shelled Parasite and Fungi","floor":27,"turns":2},{"damage":16,"enemies":"Snecko","floor":29,"turns":2}],"seed_played":"-29319548283252642","potions_obtained":[{"floor":1,"key":"DuplicationPotion"},{"floor":5,"key":"FearPotion"},{"floor":8,"key":"DistilledChaos"},{"floor":13,"key":"FearPotion"},{"floor":19,"key":"LiquidMemories"},{"floor":20,"key":"CultistPotion"},{"floor":23,"key":"AttackPotion"}],"is_trial":false,"path_per_floor":["M","?","?","?","M","E","$","M","T","$","R","E","M","M","R","B",null,"M","M","M","?","M","M","M","?","T","M","R","M"],"character_chosen":"WATCHER","items_purchased":["Orrery","FlurryOfBlows"],"campfire_rested":2,"item_purchase_floors":[7,10],"current_hp_per_floor":[53,53,53,53,53,22,22,22,22,22,43,43,40,38,59,34,72,72,61,45,45,45,27,17,17,17,11,11,0,0],"gold":276,"neow_bonus":"BOSS_RELIC","is_daily":false,"chose_seed":false,"campfire_upgraded":1,"win_rate":0.0,"timestamp":1609665146,"path_taken":["M","?","?","?","M","E","$","M","T","$","R","E","?","M","R","BOSS","M","M","?","?","?","M","M","?","T","M","R","M"],"items_purchased_type":["Relic","Card"],"build_version":"2020-12-22","purchased_purges":0,"victory":false,"max_hp_per_floor":[72,72,72,72,72,72,72,72,72,72,72,72,72,72,72,72,72,72,72,72,72,72,72,72,72,72,72,72,72,72],"card_choices":[{"not_picked":["Weave","ForeignInfluence"],"picked":"ReachHeaven","floor":1},{"not_picked":["EmptyFist","JustLucky"],"picked":"EmptyBody","floor":5},{"not_picked":["ClearTheMind","Evaluate"],"picked":"WaveOfTheHand","floor":6},{"not_picked":["ThirdEye","Ragnarok"],"picked":"FollowUp","floor":7},{"not_picked":["PathToVictory","Evaluate"],"picked":"BowlingBash","floor":7},{"not_picked":["EmptyFist","BowlingBash"],"picked":"FollowUp","floor":7},{"not_picked":["PathToVictory","ForeignInfluence"],"picked":"ReachHeaven","floor":7},{"not_picked":["Prostrate","CrushJoints"],"picked":"Crescendo","floor":7},{"not_picked":["SashWhip","Prostrate"],"picked":"Indignation","floor":8},{"not_picked":["CrushJoints","Wish"],"picked":"Evaluate","floor":12},{"not_picked":["InnerPeace","PathToVictory"],"picked":"ClearTheMind","floor":13},{"not_picked":["Crescendo","Halt"],"picked":"Protect","floor":14},{"not_picked":["Wish","Judgement"],"picked":"Ragnarok","floor":16},{"not_picked":["Study","Prostrate","Halt"],"picked":"SKIP","floor":18},{"not_picked":["Evaluate","WreathOfFlame"],"picked":"EmptyBody","floor":19},{"not_picked":["Halt+1","JustLucky+1"],"picked":"FlyingSleeves+1","floor":20},{"not_picked":["Collect+1","Meditate","Sanctity+1"],"picked":"SKIP","floor":22},{"not_picked":["PathToVictory","Pray+1","MasterReality"],"picked":"SKIP","floor":23},{"not_picked":["CutThroughFate+1","BowlingBash"],"picked":"Conclude","floor":24},{"not_picked":["Sanctity","Indignation"],"picked":"ReachHeaven","floor":27}],"player_experience":214569,"relics_obtained":[{"floor":6,"key":"Bottled Flame"},{"floor":9,"key":"Vajra"},{"floor":12,"key":"Art of War"},{"floor":26,"key":"Blood Vial"}],"event_choices":[{"damage_healed":0,"gold_gain":0,"player_choice":"Box","damage_taken":0,"relics_obtained":["Happy Flower"],"max_hp_gain":0,"max_hp_loss":0,"event_name":"Big Fish","floor":2,"gold_loss":0,"cards_obtained":["Regret"]},{"cards_removed":["Regret"],"damage_healed":0,"gold_gain":0,"player_choice":"Forget","damage_taken":0,"max_hp_gain":0,"max_hp_loss":0,"event_name":"Living Wall","floor":3,"gold_loss":0},{"damage_healed":0,"gold_gain":0,"player_choice":"Upgraded","damage_taken":0,"max_hp_gain":0,"max_hp_loss":0,"event_name":"Upgrade Shrine","floor":4,"gold_loss":0,"cards_upgraded":["Eruption"]},{"damage_healed":0,"gold_gain":0,"player_choice":"Gave Potion","damage_taken":0,"relics_obtained":["Centennial Puzzle"],"max_hp_gain":0,"max_hp_loss":0,"event_name":"WeMeetAgain","floor":21,"gold_loss":0},{"damage_healed":0,"gold_gain":0,"player_choice":"Forge","damage_taken":0,"max_hp_gain":0,"max_hp_loss":0,"event_name":"Accursed Blacksmith","floor":25,"gold_loss":0,"cards_upgraded":["Ragnarok"]}],"is_beta":false,"boss_relics":[{"not_picked":["Empty Cage","Runic Dome"],"picked":"Coffee Dripper"}],"items_purged_floors":[],"is_endless":false,"potions_floor_spawned":[1,5,8,13,19,20,23],"killed_by":"Snecko","ascension_level":0}}