{"host":"760a56s19xsdubqb","time":1609691743,"event":{"mods":["BaseMod","Minty Spire (QoL Compilation)","Quick Restart","Remove Card Discount Mod","StSLib"],"gold_per_floor":[114,114,214,229,244,274,289,364,364,364,379,78,108,123,123,223,223,238,238,253,1,1,31,31,46,71,71,86,101,116,131,131,231,281,296,26,41,56,10,25,0,30,30,45,75,75,90,105,105,105],"floor_reached":51,"playtime":2475,"items_purged":["Bash","Thinking Ahead","Thinking Ahead","Thinking Ahead","Defend_R","Defend_R","Defend_R","Writhe","Writhe","Writhe","Combust","Bludgeon","Iron Wave","Iron Wave","Iron Wave","Rampage","Rampage","Bludgeon","Bludgeon","Mind Blast"],"score":1070,"play_id":"6f21026c-f881-4566-8dc0-44eb1e42e227","local_time":"20210103113543","daily_mods":["Allstar","Hoarder","Terminal"],"is_ascension_mode":false,"campfire_choices":[{"data":"The Bomb","floor":10.0,"key":"SMITH"},{"data":"Perfected Strike","floor":15.0,"key":"SMITH"},{"floor":24.0,"key":"REST"},{"floor":32.0,"key":"REST"},{"data":"Second Wind","floor":46.0,"key":"PURGE"},{"floor":49.0,"key":"REST"}],"circlet_count":0,"master_deck":["Strike_R+1","Strike_R+1","Strike_R+1","Strike_R+1","Strike_R+1","Defend_R+1","The Bomb+1","The Bomb","The Bomb","PanicButton","PanicButton","PanicButton","Secret Weapon","Secret Weapon","Secret Weapon","Good Instincts","Good Instincts","Good Instincts","Perfected Strike+1","Perfected Strike","Perfected Strike","Clash","Clash","Clash","Clash","Clash","Clash","Rampage+1","Combust","Combust","Wild Strike","Wild Strike","Wild Strike","Rage","Rage","Rage","Infernal Blade","Infernal Blade","Infernal Blade","Clash","Clash","Clash","Thunderclap","Thunderclap","Thunderclap","Pommel Strike","Pommel Strike","Pommel Strike","Iron Wave+1","Iron Wave+1","Iron Wave+1","Second Wind","Second Wind","Wild Strike","Wild Strike","Wild Strike","Armaments+1","Armaments+1","Armaments+1","Mind Blast","Mind Blast","Pommel Strike+1","Pommel Strike+1","Pommel Strike+1","Cleave+1","Cleave+1","Cleave+1","Cleave","Cleave","Cleave","Anger+1","Anger+1","Anger+1"],"relics":["Burning Blood","Thread and Needle","Anchor","Eternal Feather","Kunai","Fusion Hammer","Omamori","Pear","Mercury Hourglass","Strawberry","Tiny House","Membership Card","Red Skull","Red Mask","Peace Pipe","Dead Branch","Pen Nib"],"acts_visited":["Exordium","TheCity","TheBeyond"],"potions_floor_usage":[50],"damage_taken":[{"damage":0.0,"enemies":"Small Slimes","floor":1.0,"turns":3.0},{"damage":2.0,"enemies":"2 Louse","floor":4.0,"turns":3.0},{"damage":0.0,"enemies":"Cultist","floor":5.0,"turns":3.0},{"damage":0.0,"enemies":"3 Sentries","floor":6.0,"turns":3.0},{"damage":0.0,"enemies":"Gremlin Gang","floor":7.0,"turns":4.0},{"damage":0.0,"enemies":"2 Fungi Beasts","floor":11.0,"turns":3.0},{"damage":0.0,"enemies":"Gremlin Nob","floor":13.0,"turns":2.0},{"damage":1.0,"enemies":"Exordium Wildlife","floor":14.0,"turns":2.0},{"damage":33.0,"enemies":"Hexaghost","floor":16.0,"turns":6.0},{"damage":3.0,"enemies":"3 Byrds","floor":18.0,"turns":3.0},{"damage":0.0,"enemies":"Spheric Guardian","floor":20.0,"turns":3.0},{"damage":24.0,"enemies":"Slavers","floor":23.0,"turns":5.0},{"damage":3.0,"enemies":"Shelled Parasite and Fungi","floor":25.0,"turns":3.0},{"damage":0.0,"enemies":"3 Cultists","floor":28.0,"turns":3.0},{"damage":6.0,"enemies":"Snecko","floor":29.0,"turns":3.0},{"damage":1.0,"enemies":"Chosen and Byrds","floor":30.0,"turns":4.0},{"damage":12.0,"enemies":"Snake Plant","floor":31.0,"turns":3.0},{"damage":54.0,"enemies":"Collector","floor":33.0,"turns":8.0},{"damage":8.0,"enemies":"3 Shapes","floor":35.0,"turns":3.0},{"damage":0.0,"enemies":"Orb Walker","floor":37.0,"turns":2.0},{"damage":5.0,"enemies":"Spire Growth","floor":38.0,"turns":3.0},{"damage":0.0,"enemies":"Sphere and 2 Shapes","floor":40.0,"turns":5.0},{"damage":0.0,"enemies":"Nemesis","floor":42.0,"turns":3.0},{"damage":5.0,"enemies":"Transient","floor":44.0,"turns":5.0},{"damage":1.0,"enemies":"Reptomancer","floor":45.0,"turns":3.0},{"damage":0.0,"enemies":"Spire Growth","floor":47.0,"turns":2.0},{"damage":5.0,"enemies":"Writhing Mass","floor":48.0,"turns":2.0},{"damage":0,"enemies":"Donu and Deca","floor":50,"turns":4}],"seed_played":"4251252283042701915","potions_obtained":[{"floor":1.0,"key":"GamblersBrew"},{"floor":7.0,"key":"SteroidPotion"},{"floor":11.0,"key":"FearPotion"},{"floor":13.0,"key":"Explosive Potion"},{"floor":18.0,"key":"Strength Potion"},{"floor":22.0,"key":"LiquidBronze"},{"floor":33.0,"key":"ColorlessPotion"},{"floor":40.0,"key":"EntropicBrew"}],"is_trial":false,"path_per_floor":["M","?","?","M","M","E","M","?","T","R","M","$","E","M","R","B",null,"M","?","M","$","?","E","R","M","T","?","M","M","M","M","R","B",null,"M","$","M","M","$","M","?","E","T","M","E","R","M","M","R","B",null],"character_chosen":"IRONCLAD","items_purchased":["Eternal Feather","Rampage","Pear","Membership Card","Red Skull","Wild Strike","Mind Blast"],"campfire_rested":3,"item_purchase_floors":[12,12,21,36,36,36,39],"current_hp_per_floor":[78,77,76,75,74,73,72,61,61,61,67,67,66,65,64,37,62,61,60,59,68,67,49,65,64,70,69,68,67,66,60,64,16,67,65,65,64,63,62,61,60,59,58,57,56,55,54,53,52,51],"gold":105,"neow_bonus":"","is_daily":true,"chose_seed":false,"campfire_upgraded":2,"win_rate":0.0,"timestamp":1609691743,"path_taken":["M","?","?","M","?","E","?","?","T","R","M","?","E","M","R","BOSS","M","?","M","$","?","E","R","?","T","?","M","M","M","M","R","BOSS","M","$","M","M","$","M","?","E","T","M","E","R","M","M","R","BOSS"],"items_purchased_type":["Relic","Card","Relic","Relic","Relic","Card","Card"],"build_version":"2020-12-22","purchased_purges":20,"victory":true,"max_hp_per_floor":[78,77,76,75,74,73,72,71,70,69,68,67,66,65,64,63,62,61,60,59,68,67,66,65,64,70,69,68,67,66,65,64,63,67,66,65,64,63,62,61,60,59,58,57,56,55,54,53,52,51],"card_choices":[{"not_picked":["Hemokinesis","Twin Strike"],"picked":"Iron Wave","floor":1.0},{"not_picked":["Armaments","Anger"],"picked":"Perfected Strike","floor":4.0},{"not_picked":["Flex","Combust","Burning Pact"],"picked":"SKIP","floor":5.0},{"not_picked":["Brutality","Combust","Sword Boomerang"],"picked":"SKIP","floor":6.0},{"not_picked":["Infernal Blade","Sword Boomerang"],"picked":"Clash","floor":7.0},{"not_picked":["Dropkick","Flex"],"picked":"Clash","floor":11.0},{"not_picked":["Headbutt","Entrench"],"picked":"Combust","floor":13.0},{"not_picked":["True Grit","Intimidate","Sword Boomerang"],"picked":"SKIP","floor":14.0},{"not_picked":["Exhume","Juggernaut"],"picked":"Bludgeon","floor":16.0},{"not_picked":["True Grit","Pummel"],"picked":"Wild Strike","floor":18.0},{"not_picked":["True Grit","Bloodletting"],"picked":"Rage","floor":20.0},{"not_picked":["Berserk","Heavy Blade"],"picked":"Infernal Blade","floor":23.0},{"not_picked":["Clothesline","Searing Blow+1","Armaments"],"picked":"SKIP","floor":25.0},{"not_picked":["Searing Blow","True Grit"],"picked":"Clash","floor":28.0},{"not_picked":["Headbutt","Carnage"],"picked":"Thunderclap","floor":29.0},{"not_picked":["Heavy Blade","Warcry"],"picked":"Pommel Strike","floor":30.0},{"not_picked":["Clothesline","Shrug It Off","Heavy Blade"],"picked":"SKIP","floor":31.0},{"not_picked":["Body Slam","Clash"],"picked":"Iron Wave+1","floor":34.0},{"not_picked":["Battle Trance","Sever Soul+1"],"picked":"Second Wind","floor":35.0},{"not_picked":["True Grit+1","Sword Boomerang","Shrug It Off"],"picked":"SKIP","floor":37.0},{"not_picked":["Fiend Fire","Flame Barrier+1"],"picked":"Armaments+1","floor":38.0},{"not_picked":["True Grit+1","Burning Pact","Body Slam+1"],"picked":"SKIP","floor":40.0},{"not_picked":["Sword Boomerang+1","Inflame+1"],"picked":"Pommel Strike+1","floor":42.0},{"not_picked":["Thunderclap","Uppercut"],"picked":"Cleave+1","floor":44.0},{"not_picked":["Burning Pact+1","True Grit+1"],"picked":"Cleave","floor":45.0},{"not_picked":["Headbutt","Seeing Red+1","Whirlwind+1"],"picked":"SKIP","floor":47.0},{"not_picked":["Clash+1","Heavy Blade"],"picked":"Anger+1","floor":48.0}],"player_experience":927885,"relics_obtained":[{"floor":6.0,"key":"Thread and Needle"},{"floor":9.0,"key":"Anchor"},{"floor":13.0,"key":"Kunai"},{"floor":23.0,"key":"Mercury Hourglass"},{"floor":26.0,"key":"Strawberry"},{"floor":42.0,"key":"Peace Pipe"},{"floor":43.0,"key":"Dead Branch"},{"floor":45.0,"key":"Pen Nib"}],"event_choices":[{"damage_healed":0.0,"max_hp_gain":0.0,"max_hp_loss":0.0,"gold_gain":0.0,"event_name":"The Cleric","player_choice":"Leave","floor":2.0,"gold_loss":0.0,"damage_taken":0.0},{"damage_healed":0.0,"max_hp_gain":0.0,"max_hp_loss":0.0,"gold_gain":100.0,"event_name":"Golden Shrine","player_choice":"Pray","floor":3.0,"gold_loss":0.0,"damage_taken":0.0},{"damage_healed":0.0,"max_hp_gain":0.0,"max_hp_loss":0.0,"gold_gain":75.0,"event_name":"World of Goop","player_choice":"Gather Gold","floor":8.0,"gold_loss":0.0,"damage_taken":11.0},{"damage_healed":0.0,"max_hp_gain":0.0,"max_hp_loss":0.0,"gold_gain":0.0,"event_name":"The Mausoleum","player_choice":"Opened","floor":19.0,"gold_loss":0.0,"damage_taken":0.0,"relics_obtained":["Omamori"],"cards_obtained":["Writhe"]},{"damage_healed":0.0,"max_hp_gain":0.0,"max_hp_loss":0.0,"gold_gain":0.0,"event_name":"Lab","player_choice":"Got Potions","floor":22.0,"gold_loss":0.0,"damage_taken":0.0},{"damage_healed":0.0,"max_hp_gain":0.0,"max_hp_loss":0.0,"gold_gain":0.0,"event_name":"Back to Basics","player_choice":"Simplicity","floor":27.0,"gold_loss":0.0,"damage_taken":0.0,"cards_upgraded":["Strike_R","Strike_R","Strike_R","Strike_R","Strike_R","Defend_R"]},{"damage_healed":0.0,"max_hp_gain":0.0,"max_hp_loss":0.0,"gold_gain":0.0,"event_name":"Tomb of Lord Red Mask","player_choice":"Paid","floor":41.0,"gold_loss":25.0,"damage_taken":0.0,"relics_obtained":["Red Mask"]}],"is_beta":false,"boss_relics":[{"not_picked":["Busted Crown","SacredBark"],"picked":"Fusion Hammer"},{"not_picked":["Sozu","Black Star"],"picked":"Tiny House"}],"items_purged_floors":[12,12,12,12,12,12,12,21,36,36,36,36,36,36,36,36,36,36,36,39],"is_endless":false,"potions_floor_spawned":[1,7,11,13,18,20,33,37,38,40],"ascension_level":0}}