{"host":"2ehbln4r1tfoeq56","time":1609637311,"event":{"mods":["Aspiration","BaseMod","Better Altar","Better Match","Better Note","Better Sensory Stone","Better Skull","Better Third Choice","Friendly Minions","GifTheSpireLib","Minty Spire (QoL Compilation)","Shade Mod","StSLib","The Marked"],"gold_per_floor":[110,110,110,126,140,140,167,229,309,337,302,322,272,285,285,383,383,397,397,408,425,445,445],"floor_reached":22,"playtime":1412,"items_purged":[],"score":234,"play_id":"bc090c45-b24a-4e39-9d45-20db03dd5b50","local_time":"20210102192831","is_ascension_mode":true,"campfire_choices":[{"data":"theMarked:MaelstromOfLightning","floor":6,"key":"SMITH"},{"data":"theMarked:SoldierOfQuellstein","floor":15,"key":"SMITH"}],"circlet_count":0,"master_deck":["theMarked:Strike","theMarked:Strike","theMarked:Strike","theMarked:Strike","theMarked:Defend","theMarked:Defend","theMarked:Defend","theMarked:Defend","theMarked:SoldierOfQuellstein+1","theMarked:EnhanceMovement","theMarked:MaelstromOfLightning+1","theMarked:ThrowWeapon","theMarked:HeightenedSenses","theMarked:Overcharge","theMarked:SummonStrength","theMarked:RepellingDischarge+1","theMarked:PowerFlow","theMarked:Generate+1","theMarked:CreepingChasm+1","theMarked:TwofoldDefense+1"],"relics":["theMarked:ArtifactOfAir","Happy Flower","Letter Opener","Unceasing Top","Potion Belt","betterThird:SlimedRelic","Cursed Key"],"acts_visited":["Exordium","TheCity"],"potions_floor_usage":[8,10,16,16,21],"damage_taken":[{"damage":1,"enemies":"Jaw Worm","floor":1,"turns":4},{"damage":0,"enemies":"2 Louse","floor":4,"turns":3},{"damage":0,"enemies":"Cultist","floor":5,"turns":4},{"damage":19,"enemies":"3 Sentries","floor":7,"turns":8},{"damage":6,"enemies":"Lagavulin Event","floor":8,"turns":5},{"damage":0,"enemies":"Gremlin Nob","floor":10,"turns":2},{"damage":0,"enemies":"Blue Slaver","floor":12,"turns":2},{"damage":5,"enemies":"Looter","floor":14,"turns":2},{"damage":4,"enemies":"Hexaghost","floor":16,"turns":8},{"damage":0,"enemies":"Spheric Guardian","floor":18,"turns":1},{"damage":0,"enemies":"Chosen","floor":20,"turns":4},{"damage":31,"enemies":"Sentry and Sphere","floor":21,"turns":7},{"damage":19,"enemies":"Centurion and Healer","floor":22,"turns":7}],"seed_played":"-7868581071811952007","potions_obtained":[{"floor":1,"key":"Fire Potion"},{"floor":7,"key":"DuplicationPotion"},{"floor":12,"key":"SkillPotion"},{"floor":14,"key":"SteroidPotion"},{"floor":16,"key":"ColorlessPotion"},{"floor":20,"key":"LiquidMemories"}],"is_trial":false,"path_per_floor":["M","?","?","M","M","R","E","?","T","E","?","M","?","M","R","B",null,"M","?","M","M","M"],"character_chosen":"THE_DEFAULT","items_purchased":[],"campfire_rested":0,"item_purchase_floors":[],"current_hp_per_floor":[76,64,64,64,64,64,45,39,39,39,58,58,47,42,42,38,77,77,77,77,46,27,27],"gold":445,"neow_bonus":"TEN_PERCENT_HP_BONUS","is_daily":false,"chose_seed":false,"campfire_upgraded":2,"win_rate":0.0,"timestamp":1609637311,"path_taken":["M","?","?","M","?","R","E","?","T","E","?","M","?","M","R","BOSS","M","?","M","M","M"],"items_purchased_type":[],"build_version":"2020-12-22","purchased_purges":0,"victory":false,"max_hp_per_floor":[77,77,77,77,77,77,77,77,77,77,77,77,77,77,77,77,77,77,77,77,77,77,77],"card_choices":[{"not_picked":["theMarked:ElectricStrings","theMarked:Parry"],"picked":"theMarked:EnhanceMovement","floor":1},{"not_picked":["theMarked:WastefulDefense","theMarked:Electrocute"],"picked":"theMarked:MaelstromOfLightning","floor":4},{"not_picked":["theMarked:Improvise","theMarked:ResourceFulStrike","theMarked:Parry"],"picked":"SKIP","floor":5},{"not_picked":["theMarked:BanishingStrike","theMarked:Static"],"picked":"theMarked:ThrowWeapon","floor":7},{"not_picked":["theMarked:Parry","theMarked:ChainLightning"],"picked":"theMarked:HeightenedSenses","floor":8},{"not_picked":["theMarked:Polarize","theMarked:MysticalArsenal"],"picked":"theMarked:Overcharge","floor":10},{"not_picked":["theMarked:HeightenedSenses","theMarked:Frustration","theMarked:ResourceFulStrike"],"picked":"SKIP","floor":12},{"not_picked":["theMarked:TakeCover","theMarked:Indomitable","theMarked:ContemptForTheProud"],"picked":"SKIP","floor":14},{"not_picked":["theMarked:UnarmedFury","theMarked:ThrowWeapon"],"picked":"theMarked:SummonStrength","floor":16},{"not_picked":["theMarked:ResourceFulStrike","theMarked:Parry"],"picked":"theMarked:RepellingDischarge+1","floor":18},{"not_picked":["theMarked:Static+1","theMarked:ResourceFulStrike"],"picked":"theMarked:Generate+1","floor":20},{"not_picked":["theMarked:GodGivenPower","theMarked:ResourceFulStrike"],"picked":"theMarked:CreepingChasm+1","floor":21},{"not_picked":["theMarked:ResourceFulStrike","theMarked:RepellingDischarge"],"picked":"theMarked:TwofoldDefense+1","floor":22}],"player_experience":97150,"relics_obtained":[{"floor":7,"key":"Letter Opener"},{"floor":8,"key":"Unceasing Top"},{"floor":10,"key":"Potion Belt"}],"event_choices":[{"damage_healed":0,"gold_gain":0,"player_choice":"Relic ","damage_taken":12,"max_hp_gain":0,"max_hp_loss":0,"event_name":"betterThird:BetterScrap","floor":2,"gold_loss":0,"cards_obtained":["Fasting2"]},{"cards_removed":["theMarked:Strike"],"damage_healed":0,"gold_gain":0,"player_choice":"Purged","damage_taken":0,"max_hp_gain":0,"max_hp_loss":0,"event_name":"Purifier","floor":3,"gold_loss":0},{"damage_healed":0,"gold_gain":0,"player_choice":"Searched \u00271\u0027 times","damage_taken":0,"max_hp_gain":0,"max_hp_loss":0,"event_name":"Dead Adventurer","floor":8,"gold_loss":0},{"damage_healed":19,"gold_gain":0,"player_choice":"Healed","damage_taken":0,"max_hp_gain":0,"max_hp_loss":0,"event_name":"The Cleric","floor":11,"gold_loss":35},{"damage_healed":0,"gold_gain":0,"player_choice":"Slimed","damage_taken":11,"max_hp_gain":0,"max_hp_loss":0,"event_name":"betterThird:BetterGoop","floor":13,"gold_loss":50},{"damage_healed":0,"gold_gain":0,"player_choice":"Read","damage_taken":0,"max_hp_gain":0,"max_hp_loss":0,"event_name":"The Library","floor":19,"gold_loss":0,"cards_obtained":["theMarked:PowerFlow"]}],"is_beta":false,"boss_relics":[{"not_picked":["SacredBark","Philosopher\u0027s Stone"],"picked":"Cursed Key"}],"items_purged_floors":[],"is_endless":false,"potions_floor_spawned":[1,7,12,14,16,20],"killed_by":"Centurion and Healer","ascension_level":1}}