{"host":"3l94tha3a4jgu0q4","time":1609655054,"event":{"mods":["2.2 Compatiblity","AchievementEnabler","BaseMod","Colored Map","Colored Powertips","Highlight Path","Minty Spire (QoL Compilation)","Permanent Neow","StSLib","SuperFastMode"],"gold_per_floor":[117,117,117,136,136,136,161,161,186,31,44,76,88,3,3,106,106,116,116,216,43,61,95,107,134,183,183,183],"floor_reached":27,"playtime":9054,"items_purged":["Strike_P","Strike_P"],"score":534,"play_id":"3975df7d-7999-4647-9a41-2d0aa1995864","local_time":"20210102222414","is_ascension_mode":true,"campfire_choices":[{"data":"Prostrate","floor":6.0,"key":"SMITH"},{"data":"Eruption","floor":8,"key":"SMITH"},{"data":"Establishment","floor":15,"key":"SMITH"}],"circlet_count":0,"master_deck":["AscendersBane","Defend_P","Defend_P","Eruption+1","Vigilance","Vengeance+1","Vengeance+1","Halt+1","Prostrate+1","FlyingSleeves","SandsOfTime","WindmillStrike","Prostrate","Establishment+1","Indignation","Brilliance","FlyingSleeves+1","Wish","Halt","ClearTheMind"],"relics":["Astrolabe","White Beast Statue","Potion Belt","Boot","Membership Card","Smiling Mask","Coffee Dripper","Ornamental Fan","Lizard Tail","Calipers","Nunchaku"],"acts_visited":["Exordium","TheCity"],"potions_floor_usage":[12,22,23,23,23,23,24,25,27],"damage_taken":[{"damage":0.0,"enemies":"2 Louse","floor":1.0,"turns":4.0},{"damage":3.0,"enemies":"Jaw Worm","floor":4.0,"turns":7.0},{"damage":0.0,"enemies":"Lagavulin","floor":7.0,"turns":6.0},{"damage":0,"enemies":"Cultist","floor":11,"turns":4},{"damage":2,"enemies":"Gremlin Nob","floor":12,"turns":3},{"damage":2,"enemies":"Looter","floor":13,"turns":4},{"damage":0,"enemies":"Slime Boss","floor":16,"turns":6},{"damage":13,"enemies":"2 Thieves","floor":18,"turns":4},{"damage":4,"enemies":"Chosen","floor":22,"turns":3},{"damage":6,"enemies":"Gremlin Leader","floor":23,"turns":4},{"damage":10,"enemies":"Snecko","floor":24,"turns":3},{"damage":107,"enemies":"Slavers","floor":25,"turns":4},{"damage":7,"enemies":"Chosen and Byrds","floor":27,"turns":1}],"seed_played":"-7558510525555320307","potions_obtained":[{"floor":1.0,"key":"BottledMiracle"},{"floor":4.0,"key":"BlessingOfTheForge"},{"floor":7.0,"key":"Ambrosia"},{"floor":11,"key":"Dexterity Potion"},{"floor":12,"key":"PowerPotion"},{"floor":13,"key":"DuplicationPotion"},{"floor":22,"key":"ColorlessPotion"},{"floor":23,"key":"SteroidPotion"},{"floor":24,"key":"ColorlessPotion"},{"floor":25,"key":"Dexterity Potion"}],"is_trial":false,"path_per_floor":["M","?","?","M","?","R","E","R","T","$","M","E","M","$","R","B",null,"M","?","?","$","M","E","M","E","T","M"],"character_chosen":"WATCHER","items_purchased":["Membership Card","Indignation","Ornamental Fan"],"campfire_rested":0,"item_purchase_floors":[10,14,21],"current_hp_per_floor":[65,62,62,59,52,52,52,52,52,52,52,50,48,48,48,48,66,53,72,72,72,68,62,52,6,6,0,0],"gold":183,"neow_bonus":"BOSS_RELIC","is_daily":false,"chose_seed":false,"campfire_upgraded":3,"win_rate":0.0,"timestamp":1609655054,"path_taken":["M","?","?","M","?","R","E","R","T","?","M","E","?","$","R","BOSS","M","?","?","$","M","E","M","E","T","?"],"items_purchased_type":["Relic","Card","Relic"],"build_version":"2020-12-22","purchased_purges":2,"victory":false,"max_hp_per_floor":[72,72,72,72,72,72,72,72,72,72,72,72,72,72,72,72,72,72,72,72,72,72,72,72,72,72,72,72],"card_choices":[{"not_picked":["WindmillStrike","Weave"],"picked":"Prostrate","floor":1.0},{"not_picked":["Evaluate","EmptyBody"],"picked":"FlyingSleeves","floor":4.0},{"not_picked":["JustLucky","CrushJoints"],"picked":"SandsOfTime","floor":7.0},{"not_picked":["Protect","Collect"],"picked":"WindmillStrike","floor":11},{"not_picked":["Evaluate","ClearTheMind"],"picked":"Prostrate","floor":12},{"not_picked":["Evaluate","Protect"],"picked":"Establishment","floor":13},{"not_picked":["LessonLearned","DevaForm"],"picked":"Brilliance","floor":16},{"not_picked":["Indignation","PathToVictory"],"picked":"FlyingSleeves+1","floor":18},{"not_picked":["ThirdEye","BowlingBash","PathToVictory"],"picked":"SKIP","floor":22},{"not_picked":["ForeignInfluence","CrushJoints"],"picked":"Wish","floor":23},{"not_picked":["LikeWater","CrushJoints"],"picked":"Halt","floor":24},{"not_picked":["Swivel","SashWhip"],"picked":"ClearTheMind","floor":25}],"player_experience":1885770,"relics_obtained":[{"floor":7.0,"key":"Potion Belt"},{"floor":9,"key":"Boot"},{"floor":12,"key":"Smiling Mask"},{"floor":23,"key":"Lizard Tail"},{"floor":25,"key":"Calipers"},{"floor":26,"key":"Nunchaku"}],"event_choices":[{"damage_healed":0.0,"max_hp_gain":0.0,"max_hp_loss":0.0,"gold_gain":0.0,"event_name":"Scrap Ooze","player_choice":"Success","floor":2.0,"gold_loss":0.0,"damage_taken":3.0,"relics_obtained":["White Beast Statue"]},{"damage_healed":0.0,"max_hp_gain":0.0,"max_hp_loss":0.0,"gold_gain":0.0,"event_name":"Liars Game","player_choice":"Ignored","floor":3.0,"gold_loss":0.0,"damage_taken":0.0},{"cards_removed":["Defend_P"],"damage_healed":0.0,"max_hp_gain":0.0,"max_hp_loss":0.0,"gold_gain":0.0,"event_name":"Golden Wing","player_choice":"Card Removal","floor":5.0,"gold_loss":0.0,"damage_taken":7.0},{"damage_healed":24,"gold_gain":0,"player_choice":"Heal","damage_taken":0,"max_hp_gain":0,"max_hp_loss":0,"event_name":"The Library","floor":19,"gold_loss":0},{"damage_healed":0,"gold_gain":100,"player_choice":"Pray","damage_taken":0,"max_hp_gain":0,"max_hp_loss":0,"event_name":"Golden Shrine","floor":20,"gold_loss":0}],"is_beta":false,"boss_relics":[{"not_picked":["Fusion Hammer","Black Star"],"picked":"Coffee Dripper"}],"items_purged_floors":[14,21],"is_endless":false,"potions_floor_spawned":[1,4,7,11,12,13,16,18,22,23,24,25],"killed_by":"Chosen and Byrds","ascension_level":12}}