{"host":"n3pcl7mteoua0i12","time":1609702876,"event":{"mods":["BaseMod","Bestiary","Curses Come First","Googly Eyes","Minty Spire (QoL Compilation)","StSLib","The Bug Knight","The Factory","The Jungle"],"gold_per_floor":[110,58,58,73,83,83,112,112,138,170,189,189,79,91,91,195,195,213,233,243,343,243,274,274,274,322,347,357,372,372,405,405,502,502,519,519,519,532,551,586,586,614,641,676,325,358,358,376,376,376],"floor_reached":51,"playtime":3021,"items_purged":["HollowMod:NailStrikeStart","HollowMod:NailStrikeStart","HollowMod:NailStrikeStart"],"score":978,"play_id":"ce5040d9-b9a6-4401-8e66-6efda956034b","local_time":"20210103114116","is_ascension_mode":true,"campfire_choices":[{"data":"HollowMod:DashSlash","floor":6,"key":"SMITH"},{"data":"HollowMod:MonarchWings","floor":12,"key":"SMITH"},{"data":"HollowMod:RecoilStrike","floor":15,"key":"SMITH"},{"data":"HollowMod:MantisMark","floor":24,"key":"SMITH"},{"data":"HollowMod:MantisMark","floor":32,"key":"SMITH"},{"data":"HollowMod:CloakDash","floor":41,"key":"SMITH"},{"data":"HollowMod:GreatSlash","floor":47,"key":"SMITH"},{"floor":49,"key":"REST"}],"circlet_count":0,"master_deck":["HollowMod:NailStrikeStart","HollowMod:QuickDashStart","HollowMod:QuickDashStart","HollowMod:QuickDashStart","HollowMod:QuickDashStart","HollowMod:FocusHealStart","HollowMod:PogoStrike","HollowMod:DashSlash","HollowMod:HowlingWraiths","HollowMod:DashSlash+1","HollowMod:SlysStrikes+1","HollowMod:CloakDash+1","HollowMod:MonarchWings+1","HollowMod:MantisMark+1","HollowMod:RecoilStrike+1","HollowMod:SlysStrikes","HollowMod:CycloneSlash","HollowMod:HuntersJournal","HollowMod:MantisMark+1","HollowMod:CycloneSlash+1","HollowMod:InfectedCysts+1","HollowMod:SoulStrike","HollowMod:GrimmsGift+1","HollowMod:HuntersJournal","HollowMod:GreatSlash+1","HollowMod:DreamGate+1"],"relics":["HollowMod:VesselMask","NeowsBlessing","Strawberry","Juzu Bracelet","Orichalcum","Philosopher\u0027s Stone","InkBottle","White Beast Statue","Regal Pillow","Omamori","Bag of Preparation","Busted Crown","PreservedInsect","Incense Burner","HollowMod:KingsBrand","Mercury Hourglass","Bronze Scales","Toy Ornithopter"],"acts_visited":["Exordium","Exordium","TheBeyond"],"potions_floor_usage":[10,27,31,40,42,46,50,50],"damage_taken":[{"damage":0,"enemies":"Small Slimes","floor":1,"turns":1},{"damage":0,"enemies":"2 Louse","floor":4,"turns":1},{"damage":0,"enemies":"Cultist","floor":5,"turns":1},{"damage":34,"enemies":"Lagavulin","floor":7,"turns":6},{"damage":4,"enemies":"Gremlin Nob","floor":10,"turns":3},{"damage":3,"enemies":"Red Slaver","floor":11,"turns":3},{"damage":5,"enemies":"Lots of Slimes","floor":14,"turns":4},{"damage":26,"enemies":"Slime Boss","floor":16,"turns":7},{"damage":0,"enemies":"theJungle:GiantWrat","floor":18,"turns":4},{"damage":10,"enemies":"theJungle:MUSHROOMGANG","floor":19,"turns":4},{"damage":1,"enemies":"theJungle:SlimyTreeVines","floor":20,"turns":5},{"damage":0,"enemies":"theJungle:MamaSnecko","floor":23,"turns":5},{"damage":0,"enemies":"theJungle:2_Phrogs","floor":27,"turns":5},{"damage":3,"enemies":"theJungle:2_Snecko_Cultists","floor":28,"turns":3},{"damage":33,"enemies":"Snake Plant","floor":29,"turns":4},{"damage":10,"enemies":"theJungle:Cassacara","floor":31,"turns":5},{"damage":5,"enemies":"theJungle:QueenSpyder","floor":33,"turns":8},{"damage":10,"enemies":"3 Shapes","floor":35,"turns":4},{"damage":9,"enemies":"3 Darklings","floor":38,"turns":3},{"damage":12,"enemies":"Writhing Mass","floor":39,"turns":5},{"damage":23,"enemies":"Nemesis","floor":40,"turns":7},{"damage":0,"enemies":"Giant Head","floor":42,"turns":5},{"damage":0,"enemies":"HollowMod:StalkingDevout","floor":44,"turns":4},{"damage":0,"enemies":"Giant Head","floor":46,"turns":5},{"damage":49,"enemies":"HollowMod:SlobberingHusk","floor":48,"turns":5},{"damage":14,"enemies":"HollowMod:Radiance","floor":50,"turns":6}],"seed_played":"8586987345763768286","potions_obtained":[{"floor":4,"key":"ColorlessPotion"},{"floor":5,"key":"LiquidMemories"},{"floor":7,"key":"Dexterity Potion"},{"floor":18,"key":"Energy Potion"},{"floor":27,"key":"Energy Potion"},{"floor":31,"key":"Strength Potion"},{"floor":33,"key":"DuplicationPotion"},{"floor":39,"key":"BlessingOfTheForge"},{"floor":40,"key":"PowerPotion"},{"floor":42,"key":"AttackPotion"},{"floor":46,"key":"CultistPotion"}],"is_trial":false,"path_per_floor":["M","$","?","M","M","R","E","?","T","E","M","R","$","M","R","B",null,"M","M","M","?","$","E","R","T","T","E","M","M","?","E","R","B",null,"M","?","?","M","M","E","R","E","T","E","$","E","R","M","R","B",null],"character_chosen":"THE_BUGKNIGHT","items_purchased":["HollowMod:HowlingWraiths","HollowMod:MantisMark","HollowMod:GreatSlash","Bronze Scales"],"campfire_rested":1,"item_purchase_floors":[2,13,45,45],"current_hp_per_floor":[75,75,80,80,80,80,63,63,63,59,56,56,56,57,57,31,87,87,83,87,87,87,87,87,87,87,87,84,57,57,57,57,58,87,83,87,87,78,72,59,59,59,59,65,65,71,71,32,73,69],"gold":376,"neow_bonus":"THREE_ENEMY_KILL","is_daily":false,"chose_seed":false,"campfire_upgraded":7,"win_rate":0.0,"timestamp":1609702876,"path_taken":["M","$","?","M","M","R","E","?","T","E","M","R","$","M","R","BOSS","M","M","M","?","$","E","R","?","T","E","M","M","?","E","R","BOSS","M","?","?","M","M","E","R","E","T","E","$","E","R","M","R","BOSS"],"items_purchased_type":["Card","Card","Card","Relic"],"build_version":"2020-12-22","purchased_purges":3,"victory":true,"max_hp_per_floor":[75,75,80,80,80,80,87,87,87,87,87,87,87,87,87,87,87,87,87,87,87,87,87,87,87,87,87,87,87,87,87,87,87,87,87,87,87,87,87,87,87,87,87,87,87,87,87,87,87,87],"card_choices":[{"not_picked":["HollowMod:InfectedAttack","HollowMod:SiblingsShadow"],"picked":"HollowMod:DashSlash","floor":1},{"not_picked":["HollowMod:SoulVessel","HollowMod:HowlingWraiths"],"picked":"HollowMod:DashSlash","floor":4},{"not_picked":["HollowMod:ShadowDash","HollowMod:ShapeofUnn","HollowMod:SoulVessel"],"picked":"SKIP","floor":5},{"not_picked":["HollowMod:CloakDash","HollowMod:SoulVessel"],"picked":"HollowMod:SlysStrikes","floor":7},{"not_picked":["HollowMod:AbyssShriek","HollowMod:NewJinnsSoul"],"picked":"HollowMod:CloakDash","floor":10},{"not_picked":["HollowMod:SoulEater","HollowMod:WraithStrike"],"picked":"HollowMod:MonarchWings","floor":11},{"not_picked":["HollowMod:ChannelNail","HollowMod:QuirrelsAssistance"],"picked":"HollowMod:RecoilStrike","floor":14},{"not_picked":["HollowMod:PureVessel","HollowMod:AwokenDreamNail"],"picked":"HollowMod:SlysStrikes","floor":16},{"not_picked":["HollowMod:VengefulSpirit+1","HollowMod:DescendingDark"],"picked":"HollowMod:CycloneSlash","floor":18},{"not_picked":["HollowMod:DoubleDash","HollowMod:DungDefenderAura"],"picked":"HollowMod:HuntersJournal","floor":19},{"not_picked":["HollowMod:NewJinnsSoul","HollowMod:DoubleDash"],"picked":"HollowMod:MantisMark","floor":20},{"not_picked":["HollowMod:SoulVessel+1","HollowMod:DungDefenderAura","HollowMod:CornifersMapStart"],"picked":"SKIP","floor":23},{"not_picked":["HollowMod:CornifersMapStart","HollowMod:PerfectDash"],"picked":"HollowMod:CycloneSlash+1","floor":27},{"not_picked":["HollowMod:VengefulVoid","HollowMod:MawleksShell"],"picked":"HollowMod:InfectedCysts+1","floor":28},{"not_picked":["HollowMod:InfectedAttack","HollowMod:NewJinnsSoul"],"picked":"HollowMod:SoulStrike","floor":29},{"not_picked":["HollowMod:DescendingDark","HollowMod:ChannelNail","HollowMod:BrokenVessel"],"picked":"SKIP","floor":31},{"not_picked":["HollowMod:SoulVessel"],"picked":"SKIP","floor":35},{"not_picked":["HollowMod:SharpenedNail+1"],"picked":"SKIP","floor":38},{"not_picked":["HollowMod:InfectedCysts"],"picked":"SKIP","floor":39},{"not_picked":["HollowMod:theNailsmith"],"picked":"SKIP","floor":40},{"not_picked":[],"picked":"HollowMod:GrimmsGift+1","floor":42},{"not_picked":[],"picked":"HollowMod:HuntersJournal","floor":44},{"not_picked":[],"picked":"HollowMod:DreamGate+1","floor":46},{"not_picked":["HollowMod:DescendingDark+1"],"picked":"SKIP","floor":48}],"player_experience":417804,"relics_obtained":[{"floor":7,"key":"Strawberry"},{"floor":9,"key":"Juzu Bracelet"},{"floor":10,"key":"Orichalcum"},{"floor":23,"key":"InkBottle"},{"floor":25,"key":"White Beast Statue"},{"floor":26,"key":"Regal Pillow"},{"floor":27,"key":"Omamori"},{"floor":31,"key":"Bag of Preparation"},{"floor":40,"key":"PreservedInsect"},{"floor":42,"key":"Incense Burner"},{"floor":43,"key":"HollowMod:KingsBrand"},{"floor":44,"key":"Mercury Hourglass"},{"floor":46,"key":"Toy Ornithopter"}],"event_choices":[{"damage_healed":0,"gold_gain":0,"player_choice":"Donut","damage_taken":0,"max_hp_gain":5,"max_hp_loss":0,"event_name":"Big Fish","floor":3,"gold_loss":0},{"damage_healed":0,"gold_gain":0,"player_choice":"Forge","damage_taken":0,"max_hp_gain":0,"max_hp_loss":0,"event_name":"Accursed Blacksmith","floor":8,"gold_loss":0,"cards_upgraded":["HollowMod:SlysStrikes"]},{"damage_healed":0,"gold_gain":100,"player_choice":"Pray","damage_taken":0,"max_hp_gain":0,"max_hp_loss":0,"event_name":"Golden Shrine","floor":21,"gold_loss":0},{"damage_healed":22,"gold_gain":0,"player_choice":"Writhe","damage_taken":0,"max_hp_gain":0,"max_hp_loss":0,"event_name":"Winding Halls","floor":36,"gold_loss":0,"cards_obtained":["Writhe"]},{"damage_healed":0,"gold_gain":0,"player_choice":"Ignored","damage_taken":0,"max_hp_gain":0,"max_hp_loss":0,"event_name":"Tomb of Lord Red Mask","floor":37,"gold_loss":0}],"is_beta":false,"boss_relics":[{"not_picked":["Black Star","Tiny House"],"picked":"Philosopher\u0027s Stone"},{"not_picked":["Empty Cage","SlaversCollar"],"picked":"Busted Crown"}],"items_purged_floors":[13,22,45],"is_endless":false,"potions_floor_spawned":[4,5,7,18,20,23,27,28,29,31,33,35,38,39,40,42,44,46,48],"ascension_level":1}}