{"host":"3icp1y0s51ghu4x2","time":1609642044,"event":{"mods":["AchievementEnabler","BaseMod","Bestiary","Card Forge","ChefMod","Colored Map","Hermit","Infinite Spire","Minty Spire (QoL Compilation)","Replay The Spire","Shop Mod","StSLib","Td1madao Mod","The Bug Knight","The Hierophant","The Marked"],"gold_per_floor":[2020,1068,1068,318,2318,2318,2318,2347,2395,2395,2408,2443,2443,2454,2454,2558,2558,2572,1495,1510,1019,1033,1033,1044,1044,1044,1061,1080,1080,1080,1092,1092,1195,1195,1209,1559,709,721,721,721,721,748,771,771,786,817,827,840,840,840],"floor_reached":51,"playtime":3282,"items_purged":["Defend_R","Looming Evil","Defend_R","Defend_R"],"score":1015,"play_id":"35a2590b-f8ca-404c-87e2-d65c551559e4","local_time":"20210102184724","is_ascension_mode":false,"campfire_choices":[{"data":"infinitespire:OneForAll","floor":6.0,"key":"SMITH"},{"data":"Panacea","floor":10.0,"key":"SMITH"},{"data":"Searing Blow","floor":15.0,"key":"SMITH"},{"data":"infinitespire:FutureSight","floor":23.0,"key":"SMITH"},{"data":"Clash","floor":25.0,"key":"SMITH"},{"data":"Midas Touch","floor":30.0,"key":"SMITH"},{"floor":32.0,"key":"DIG"},{"data":"Metamorphosis","floor":40,"key":"SMITH"},{"data":"Replay:BasicMightCard","floor":44,"key":"SMITH"},{"data":"Perfected Strike","floor":49,"key":"SMITH"}],"circlet_count":0,"master_deck":["Strike_R","Strike_R","Strike_R","Strike_R","Strike_R","Defend_R","Bash","Twin Strike","Perfected Strike+1","infinitespire:OneForAll+1","Metamorphosis+1","Searing Blow+1","Replay:BasicMightCard+1","Midas Touch+1","Replay:Bootleg Shield Generator","Panacea+1","infinitespire:FutureSight+1","Body Slam","Body Slam","ReplayTheSpireMod:Strike From Hell","Demonic Infusion","Juggernaut","Clash+1","Carnage","Whirlwind","Twin Strike+1","Clothesline","Defy Death","ReplayTheSpireMod:Strike From Hell","Heavy Blade+1","Sword Boomerang","Barricade+1","Sword Boomerang+1","ReplayTheSpireMod:Stacked+1","Feel No Pain+1","Bullet Time+1","BowlingBash+1","Deflect","DevaForm+1","Body Slam","Jack Of All Trades+1"],"relics":["Burning Blood","Another Sword","HollowMod:PaleOreRelic","Oddly Smooth Stone","TheAbacus","Mercury Hourglass","Kunai","ReplayTheSpireMod:ShopPack","MealTicket","Toy Ornithopter","Replay:Bottled Snecko","Ring of Fury","Ring of Searing","Ring of Chaos","ClockworkSouvenir","FossilizedHelix","Pantograph","MerchantsRug","Nunchaku","infinitespire:WardingShard","Golden Egg","Pen Nib","Calling Bell","ReplayTheSpireMod:Lightbulb","infinitespire:Magic Flask","infinitespire:Bottled Soul","Old Coin","infinitespire:Lychee Nut","Ornamental Fan","PrismaticShard","ReplayTheSpireMod:Spearhead","Regal Pillow","Replay:Multitool"],"acts_visited":["Exordium","TheCity","TheBeyond"],"potions_floor_usage":[],"damage_taken":[{"damage":0.0,"enemies":"Cultist","floor":1.0,"turns":2.0},{"damage":8.0,"enemies":"3 Sentries","floor":8.0,"turns":4.0},{"damage":0.0,"enemies":"2 Louse","floor":11.0,"turns":1.0},{"damage":7.0,"enemies":"Replay:BlueRogue","floor":12.0,"turns":3.0},{"damage":5.0,"enemies":"Small Slimes","floor":14.0,"turns":2.0},{"damage":296.0,"enemies":"Hexaghost","floor":16.0,"turns":6.0},{"damage":20.0,"enemies":"Chosen","floor":18.0,"turns":3.0},{"damage":32.0,"enemies":"Shell Parasite","floor":20.0,"turns":4.0},{"damage":31.0,"enemies":"3 Cultists","floor":22.0,"turns":4.0},{"damage":0.0,"enemies":"Snake Plant","floor":24.0,"turns":1.0},{"damage":24.0,"enemies":"Cultist and Chosen","floor":27.0,"turns":4.0},{"damage":12.0,"enemies":"3 Cultists","floor":28.0,"turns":3.0},{"damage":0.0,"enemies":"Snecko","floor":31.0,"turns":2.0},{"damage":19.0,"enemies":"Automaton","floor":33.0,"turns":5.0},{"damage":10.0,"enemies":"3 Darklings","floor":35.0,"turns":3.0},{"damage":15.0,"enemies":"2 Orb Walkers","floor":36.0,"turns":2.0},{"damage":37.0,"enemies":"3 Shapes","floor":38.0,"turns":3.0},{"damage":10,"enemies":"Giant Head","floor":42,"turns":3},{"damage":5,"enemies":"Spire Growth","floor":45,"turns":2},{"damage":0,"enemies":"Reptomancer","floor":46,"turns":1},{"damage":0,"enemies":"4 Shapes","floor":47,"turns":1},{"damage":13,"enemies":"3 Darklings","floor":48,"turns":2},{"damage":15,"enemies":"Awakened One","floor":50,"turns":4}],"seed_played":"702904557695289664","potions_obtained":[{"floor":8.0,"key":"Fire Potion"},{"floor":14.0,"key":"FairyPotion"},{"floor":24.0,"key":"Elixir"},{"floor":33.0,"key":"Milkshake"},{"floor":35.0,"key":"BlessingOfTheForge"},{"floor":42,"key":"BlessingOfTheForge"},{"floor":47,"key":"Doom Potion"}],"is_trial":false,"path_per_floor":["M","$","?","$","?","R","?","E","T","R","M","E","?","M","R_BF","B",null,"M","$","M","$","M","R","M","R","T","M","M","?","R","M","R_BF","B",null,"M","?","$","M","AVR","R","?","E","T","R","M","E","M","M","R_BF","B",null],"character_chosen":"IRONCLAD","items_purchased":["HollowMod:PaleOreRelic","Oddly Smooth Stone","TheAbacus","Perfected Strike","infinitespire:OneForAll","DistilledChaos","Explosive Potion","Metallicize","Metamorphosis","Mercury Hourglass","Kunai","ReplayTheSpireMod:ShopPack","Searing Blow","Replay:BasicMightCard","ClockworkSouvenir","FossilizedHelix","Pantograph","Carnage","Whirlwind","MerchantsRug","Nunchaku","infinitespire:WardingShard","infinitespire:Lychee Nut","Ornamental Fan","PrismaticShard","Feel No Pain"],"campfire_rested":0,"item_purchase_floors":[2,2,2,2,2,2,2,2,2,4,4,4,4,4,19,19,19,19,19,19,21,21,37,37,37,37],"current_hp_per_floor":[80,80,80,80,561,561,561,559,559,559,565,564,564,565,565,275,580,566,580,554,569,544,544,550,550,550,532,526,386,386,392,392,404,585,581,576,438,412,412,412,412,413,413,413,417,423,429,425,425,432],"gold":840,"neow_bonus":"ONE_RARE_RELIC","is_daily":false,"chose_seed":false,"campfire_upgraded":9,"win_rate":0.0,"timestamp":1609642044,"path_taken":["M","$","?","$","?","R","?","E","T","R","M","E","?","?","R_BF","BOSS","M","$","M","$","M","R","M","R","T","?","M","?","R","M","R_BF","BOSS","M","?","$","M","AVR","R","?","E","T","R","M","E","M","M","R_BF","BOSS"],"items_purchased_type":["Relic","Relic","Relic","Card","Card","Potion","Potion","Card","Card","Relic","Relic","Relic","Card","Card","Relic","Relic","Relic","Card","Card","Relic","Relic","Relic","Relic","Relic","Relic","Card"],"build_version":"2020-12-22","purchased_purges":4,"victory":true,"max_hp_per_floor":[80,80,80,80,580,580,580,580,580,580,580,580,580,580,580,580,580,580,580,580,580,580,580,580,580,580,580,580,585,585,585,585,585,585,585,585,438,438,438,438,438,438,438,438,438,438,438,438,438,438],"card_choices":[{"not_picked":["Massacre","Warcry"],"picked":"Twin Strike","floor":1.0},{"not_picked":["Poisoned Strike","HandOfGreed"],"picked":"Midas Touch","floor":4.0},{"not_picked":["Good Instincts","ReplayTheSpireMod:Trickstab"],"picked":"Replay:Bootleg Shield Generator","floor":4.0},{"not_picked":["Replay:Sssssssssshield","ReplayTheSpireMod:Brewmster"],"picked":"Panacea","floor":4.0},{"not_picked":["infinitespire:SealOfDarkness+","ReplayTheSpireMod:Black Plague"],"picked":"infinitespire:FutureSight","floor":5.0},{"not_picked":["ReplayTheSpireMod:Stacked","Burning Pact"],"picked":"Body Slam","floor":8.0},{"not_picked":["Hemokinesis","Disarm"],"picked":"Body Slam","floor":11.0},{"not_picked":["Headbutt","Cleave"],"picked":"ReplayTheSpireMod:Strike From Hell","floor":12.0},{"not_picked":["Second Wind","Armaments"],"picked":"Demonic Infusion","floor":14.0},{"not_picked":["Barricade","Limit Break"],"picked":"Juggernaut","floor":16.0},{"not_picked":["Twin Strike+1","Flex"],"picked":"Clash","floor":18.0},{"not_picked":["Thunderclap","True Grit"],"picked":"Twin Strike+1","floor":20.0},{"not_picked":["Sever Soul+1","Shrug It Off"],"picked":"Clothesline","floor":22.0},{"not_picked":["Reaper","Disarm"],"picked":"Defy Death","floor":24.0},{"not_picked":["Shockwave","Anger"],"picked":"ReplayTheSpireMod:Strike From Hell","floor":27.0},{"not_picked":["Searing Blow","Seeing Red"],"picked":"Heavy Blade+1","floor":28.0},{"not_picked":["Replay:Many Hands","Entrench+1"],"picked":"Sword Boomerang","floor":31.0},{"not_picked":["Demonic Infusion","Reaper"],"picked":"Barricade","floor":33.0},{"not_picked":["Warcry","ReplayTheSpireMod:Stacked"],"picked":"Sword Boomerang+1","floor":35.0},{"not_picked":["Bloodletting+1","Clothesline"],"picked":"ReplayTheSpireMod:Stacked+1","floor":36.0},{"not_picked":["hierophant:PristineSoul","hierophant:SealAway+1"],"picked":"Bullet Time","floor":38.0},{"not_picked":["hierophant:Repentance+1","Study+1"],"picked":"BowlingBash+1","floor":42},{"not_picked":["Blind","chefmod:ZaruSoba"],"picked":"Deflect","floor":45},{"not_picked":["Hello World+1","Storm+1"],"picked":"DevaForm","floor":46},{"not_picked":["Replay:AtTheReady+1","Cold Snap+1"],"picked":"Body Slam","floor":47},{"not_picked":["SashWhip+1","PathToVictory+1"],"picked":"Jack Of All Trades+1","floor":48}],"player_experience":8377,"relics_obtained":[{"floor":8.0,"key":"MealTicket"},{"floor":9.0,"key":"Toy Ornithopter"},{"floor":12.0,"key":"Replay:Bottled Snecko"},{"floor":13.0,"key":"Ring of Fury"},{"floor":13.0,"key":"Ring of Searing"},{"floor":26.0,"key":"Golden Egg"},{"floor":32.0,"key":"Pen Nib"},{"floor":34.0,"key":"ReplayTheSpireMod:Lightbulb"},{"floor":34.0,"key":"infinitespire:Magic Flask"},{"floor":34.0,"key":"infinitespire:Bottled Soul"},{"floor":36.0,"key":"Old Coin"},{"floor":42,"key":"ReplayTheSpireMod:Spearhead"},{"floor":43,"key":"Regal Pillow"},{"floor":46,"key":"Replay:Multitool"}],"event_choices":[{"damage_healed":0.0,"max_hp_gain":0.0,"max_hp_loss":0.0,"gold_gain":0.0,"event_name":"Golden Wing","player_choice":"Ignored","floor":3.0,"gold_loss":0.0,"damage_taken":0.0},{"damage_healed":0.0,"max_hp_gain":0.0,"max_hp_loss":0.0,"gold_gain":0.0,"event_name":"Liars Game","player_choice":"Ignored","floor":7.0,"gold_loss":0.0,"damage_taken":0.0},{"damage_healed":0.0,"max_hp_gain":5.0,"max_hp_loss":0.0,"gold_gain":0.0,"event_name":"Forgotten Altar","player_choice":"Shed Blood","floor":29.0,"gold_loss":0.0,"damage_taken":145.0},{"damage_healed":0.0,"max_hp_gain":0.0,"max_hp_loss":0.0,"gold_gain":0.0,"event_name":"Mysterious Sphere","player_choice":"Fight","floor":36.0,"gold_loss":0.0,"damage_taken":0.0},{"cards_removed":["Metallicize"],"damage_healed":0,"gold_gain":0,"player_choice":"Removed Power","damage_taken":0,"max_hp_gain":0,"max_hp_loss":0,"event_name":"Falling","floor":41,"gold_loss":0}],"is_beta":false,"boss_relics":[{"not_picked":["Electric Blood","Replay:Drink Me"],"picked":"Ring of Chaos"},{"not_picked":["Philosopher\u0027s Stone","Fusion Hammer"],"picked":"Calling Bell"}],"items_purged_floors":[19,21,37,39],"is_endless":false,"potions_floor_spawned":[8,14,24,28,33,35,42,47,48],"ascension_level":0}}