{"host":"06rryluxft509x3v","time":1609706586,"event":{"mods":["Act Like it!","Aspiration","BaseMod","Better Match","Conspire","Energized Spire","Friendly Minions","Gensokyo","GifTheSpireLib","Halation","Hallownest","Hubris","Infinite Spire","Lobotomy","LobotomyExtend","Minty Spire (QoL Compilation)","Random Character Button","Replay The Spire","Spikes Relics","StSLib","Stuff the Spire","The Jungle"],"gold_per_floor":[109,109,123,138,148,180,180,206,232,264,264,276,294,294,294,391,391,404,404,404,414,449,449,449],"floor_reached":23,"playtime":2248,"items_purged":[],"score":243,"play_id":"6de02dca-6c92-44fc-916b-58807aa13bc0","local_time":"20210103164306","is_ascension_mode":true,"campfire_choices":[{"floor":7,"key":"REST"},{"floor":11,"key":"REST"},{"data":"StuffTheSpire:RockThrow","floor":15,"key":"PURGE"}],"circlet_count":0,"master_deck":["Strike_R","Strike_R","Strike_R","Strike_R","Strike_R","Defend_R","Defend_R","Defend_R","Bash","conspire:Charge","Infernal Blade","Anger","Life Link","Fiend Fire","Cleave","Iron Wave","Battle Trance","Demonic Infusion","hubris:ReadiedAction","ReplayReversal+1"],"relics":["StuffTheSpire:OccultApparatus","Blue Doll","LetterFromLob","Quantum Egg","Turnip","Boot","Meat on the Bone","Replay:Bronze Core","Red Mask"],"acts_visited":["Exordium","TheCity"],"potions_floor_usage":[4,22,22,22],"damage_taken":[{"damage":1,"enemies":"Cultist","floor":1,"turns":3},{"damage":6,"enemies":"conspire:RoseBush","floor":3,"turns":4},{"damage":9,"enemies":"Jaw Worm","floor":4,"turns":2},{"damage":17,"enemies":"Looter","floor":5,"turns":3},{"damage":30,"enemies":"3 Sentries","floor":6,"turns":7},{"damage":18,"enemies":"Gremlin Nob","floor":8,"turns":3},{"damage":35,"enemies":"Lagavulin","floor":10,"turns":5},{"damage":20,"enemies":"3 Louse","floor":12,"turns":3},{"damage":0,"enemies":"Large Slime","floor":13,"turns":4},{"damage":16,"enemies":"Fading Forest","floor":16,"turns":11},{"damage":11,"enemies":"Spheric Guardian","floor":18,"turns":3},{"damage":12,"enemies":"Chosen","floor":21,"turns":4},{"damage":49,"enemies":"Masked Bandits","floor":22,"turns":3},{"damage":34,"enemies":"conspire:Head Lice","floor":23,"turns":2}],"seed_played":"-4491491174722816991","potions_obtained":[{"floor":3,"key":"Weak Potion"},{"floor":10,"key":"Elixir"},{"floor":12,"key":"ColorlessPotion"},{"floor":13,"key":"Dexterity Potion"},{"floor":18,"key":"ColorlessPotion"},{"floor":21,"key":"DuplicationPotion"}],"is_trial":false,"path_per_floor":["M","?","M","M","M","E","R","E","T","E","R","M","M","?","R","B",null,"M","?","?","M","?","E"],"character_chosen":"IRONCLAD","items_purchased":[],"campfire_rested":2,"item_purchase_floors":[],"current_hp_per_floor":[80,73,73,70,59,35,59,47,47,18,42,40,58,58,58,50,80,69,69,77,65,28,0,0],"gold":449,"neow_bonus":"RANDOM_COMMON_RELIC","is_daily":false,"chose_seed":false,"campfire_upgraded":0,"win_rate":0.0,"timestamp":1609706586,"path_taken":["M","?","M","M","M","E","R","E","T","E","R","M","M","?","R","BOSS","M","?","?","M","?","E"],"items_purchased_type":[],"build_version":"2020-12-22","purchased_purges":0,"victory":false,"max_hp_per_floor":[80,80,80,80,80,80,80,80,80,80,80,80,80,80,80,80,80,80,80,80,80,80,80,80],"card_choices":[{"not_picked":["Twin Strike","Sword Boomerang"],"picked":"StuffTheSpire:RockThrow","floor":1},{"not_picked":["StuffTheSpire:Pyroclast","Eclipse"],"picked":"conspire:Charge","floor":3},{"not_picked":["ReplayTheSpireMod:Strike From Hell","Armaments"],"picked":"Infernal Blade","floor":4},{"not_picked":["hubris:CleavingFinish","StuffTheSpire:RockThrow"],"picked":"Anger","floor":5},{"not_picked":["Blood for Blood","Evolve"],"picked":"Life Link","floor":6},{"not_picked":["Blood for Blood","Thunderclap"],"picked":"Fiend Fire","floor":8},{"not_picked":["Clash","StuffTheSpire:Incineration"],"picked":"Cleave","floor":10},{"not_picked":["Wild Strike","Armaments"],"picked":"Iron Wave","floor":12},{"not_picked":["Body Slam","Burning Pact"],"picked":"Battle Trance","floor":13},{"not_picked":["Feed","Impervious"],"picked":"Demonic Infusion","floor":16},{"not_picked":["Heavy Blade+1","Intimidate"],"picked":"hubris:ReadiedAction","floor":18},{"not_picked":["Clothesline+1","Headbutt","Pommel Strike"],"picked":"SKIP","floor":21},{"not_picked":["StuffTheSpire:RockThrow+1","Wild Strike+1"],"picked":"ReplayReversal+1","floor":22}],"player_experience":192102,"relics_obtained":[{"floor":1,"key":"LetterFromLob"},{"floor":6,"key":"Quantum Egg"},{"floor":8,"key":"Turnip"},{"floor":9,"key":"Boot"},{"floor":10,"key":"Meat on the Bone"},{"floor":22,"key":"Red Mask"}],"event_choices":[{"cards_removed":["Defend_R"],"damage_healed":0,"gold_gain":0,"player_choice":"Card Removal","damage_taken":7,"max_hp_gain":0,"max_hp_loss":0,"event_name":"Golden Wing","floor":2,"gold_loss":0},{"damage_healed":0,"gold_gain":0,"player_choice":"Fought Bandits","damage_taken":0,"max_hp_gain":0,"max_hp_loss":0,"event_name":"Masked Bandits","floor":22,"gold_loss":0}],"is_beta":false,"boss_relics":[{"not_picked":["aspiration:PoetsPen_weak","conspire:RoyalGoblet"],"picked":"Replay:Bronze Core"}],"items_purged_floors":[],"is_endless":false,"potions_floor_spawned":[3,10,12,13,16,18,21],"killed_by":"conspire:Head Lice","ascension_level":3}}