{"host":"f7rb14kzcw8hx1r1","time":1609696244,"event":{"mods":["BaseMod","Better Note","Better Third Choice","Colored Map","Highlight Path","Hubris","Minty Spire (QoL Compilation)","Replay The Spire","StSLib","The Forsaken"],"gold_per_floor":[117,127,52,52,127,156,166,178,178,197,197,232,246,271,271,271,271],"floor_reached":16,"playtime":523,"items_purged":["Strike_R"],"score":147,"play_id":"afcc4678-1a9a-4c2f-9aa1-d18d58a906d7","local_time":"20210103185044","is_ascension_mode":false,"campfire_choices":[{"data":"Bash","floor":11,"key":"SMITH"},{"data":"Body Slam","floor":15,"key":"SMITH"}],"circlet_count":0,"master_deck":["Strike_R","Strike_R","Strike_R","Defend_R","Defend_R","Defend_R","Defend_R","Bash+1","Headbutt","Clash","Limit Break","Body Slam+1","Cleave"],"relics":["Burning Blood","NeowsBlessing","Replay:Wax Seal","Happy Flower","theForsaken:ScaryMask","Bronze Scales"],"acts_visited":["Exordium"],"potions_floor_usage":[10,14,16,16],"damage_taken":[{"damage":0,"enemies":"Jaw Worm","floor":1,"turns":1},{"damage":0,"enemies":"2 Louse","floor":2,"turns":1},{"damage":0,"enemies":"Replay:BlueRogue","floor":6,"turns":1},{"damage":1,"enemies":"Cultist","floor":7,"turns":3},{"damage":5,"enemies":"Exordium Thugs","floor":8,"turns":4},{"damage":6,"enemies":"Lots of Slimes","floor":10,"turns":4},{"damage":38,"enemies":"3 Sentries","floor":12,"turns":12},{"damage":5,"enemies":"Exordium Wildlife","floor":13,"turns":5},{"damage":21,"enemies":"Lagavulin","floor":14,"turns":10},{"damage":39,"enemies":"Hexaghost","floor":16,"turns":9}],"seed_played":"2266387305266689809","potions_obtained":[{"floor":1,"key":"LiquidMemories"},{"floor":7,"key":"Energy Potion"},{"floor":8,"key":"HeartOfIron"},{"floor":14,"key":"Regen Potion"}],"is_trial":false,"path_per_floor":["M","M","$","?","?","E","M","M","T","M","R","E","M","E","R","B"],"character_chosen":"IRONCLAD","items_purchased":[],"campfire_rested":0,"item_purchase_floors":[],"current_hp_per_floor":[80,80,80,80,72,78,80,80,80,80,80,48,49,34,34,0,0],"gold":271,"neow_bonus":"THREE_ENEMY_KILL","is_daily":false,"chose_seed":false,"campfire_upgraded":2,"win_rate":0.0,"timestamp":1609696244,"path_taken":["M","M","$","?","?","E","M","?","T","M","R","E","M","E","R","BOSS"],"items_purchased_type":[],"build_version":"2020-12-22","purchased_purges":1,"victory":false,"max_hp_per_floor":[80,80,80,80,80,80,80,80,80,80,80,80,80,80,80,80,80],"card_choices":[{"not_picked":["Combust","Metallicize"],"picked":"Headbutt","floor":1},{"not_picked":["Feel No Pain","Clothesline","Life Link"],"picked":"SKIP","floor":2},{"not_picked":["Sword Boomerang","Armaments"],"picked":"Clash","floor":6},{"not_picked":["Sever Soul","Thunderclap"],"picked":"Limit Break","floor":7},{"not_picked":["Sever Soul","Body Slam","Thunderclap"],"picked":"SKIP","floor":8},{"not_picked":["Warcry","Rage","Anger"],"picked":"SKIP","floor":10},{"not_picked":["Sever Soul","Searing Blow"],"picked":"Body Slam","floor":12},{"not_picked":["ReplayTheSpireMod:Strike From Hell","Pommel Strike","Blood for Blood"],"picked":"SKIP","floor":13},{"not_picked":["Rampage","Dropkick"],"picked":"Cleave","floor":14}],"player_experience":897706,"relics_obtained":[{"floor":6,"key":"Replay:Wax Seal"},{"floor":9,"key":"Happy Flower"},{"floor":12,"key":"theForsaken:ScaryMask"},{"floor":14,"key":"Bronze Scales"}],"event_choices":[{"cards_removed":["Strike_R"],"damage_healed":0,"gold_gain":0,"player_choice":"Forget","damage_taken":0,"max_hp_gain":0,"max_hp_loss":0,"event_name":"Living Wall","floor":4,"gold_loss":0},{"damage_healed":0,"gold_gain":75,"player_choice":"Touch","damage_taken":8,"max_hp_gain":0,"max_hp_loss":0,"event_name":"FaceTrader","floor":5,"gold_loss":0}],"is_beta":false,"boss_relics":[],"items_purged_floors":[3],"is_endless":false,"potions_floor_spawned":[1,7,8,14],"killed_by":"Hexaghost","ascension_level":0}}