{"host":"xurz8oye0j2lsa2k","time":1609714684,"event":{"mods":["AchievementEnabler","BaseMod","Colored Map","Downfall","Hubris","Marisa????????","Minty Spire (QoL Compilation)","Permanent Neow","StSLib"],"gold_per_floor":[110,110,110,126,201,234,248,282,306,9,9,9,9,19,19,114,114,125,125,138,138,69,102,115,115,139,139,165,184,217,232,232,327,327,345,363,363,380,392,418,418,418,489,501,501,501,192,205,205,205,205],"floor_reached":50,"playtime":3215,"items_purged":[],"score":715,"play_id":"e2cf9c09-c4cb-48c0-a6a1-008df314a662","local_time":"20210103175804","is_ascension_mode":false,"campfire_choices":[{"data":"Singularity","floor":11,"key":"SMITH"},{"floor":13,"key":"RECALL"},{"data":"Guardian:VentSteam","floor":15,"key":"SMITH"},{"floor":27,"key":"REST"},{"floor":32,"key":"DIG"},{"floor":41,"key":"DIG"},{"floor":45,"key":"DIG"},{"floor":49,"key":"DIG"}],"circlet_count":0,"master_deck":["Strike_MRS+1","Strike_MRS+1","Strike_MRS+1","Strike_MRS+1","Defend_MRS+1","Defend_MRS+1","Defend_MRS+1","Defend_MRS+1","MasterSpark+1","UpSweep+1","DC+1","MysteriousBeam+1","Singularity+1","IllusionStar+1","MysteriousBeam+1","Guardian:VentSteam+1","sneckomod:UnknownRareSkill+1","Decay","sneckomod:Nope+1","Singularity+1","Machine Learning+1","expansioncontent:Collect+1","PiercingWail+1","Slimebound:LivingWall+1","Creative AI+1","WreathOfFlame+1","Parasite","Parasite","sneckomod:Unknown1Cost+1","Wraith","SatelliteIllusion"],"relics":["MiniHakkero","Calipers","PreservedInsect","hubris:CuriousFeather","MealTicket","hubris:SphereOfDissonance","War Paint","PrismaticShard","Vajra","hubris:VirtuousBlindfold","Regal Pillow","Lantern","hubris:BottledHeart","AmplifyWand","Shovel","hubris:FunFungus","Fusion Hammer","Blue Candle","ShroomBag","Mark of the Bloom","InkBottle","Toxic Egg 2","Bag of Marbles","Toy Ornithopter"],"acts_visited":["Exordium","TheCity","TheBeyond"],"potions_floor_usage":[6,16,23,28,33,33,36,39,44],"damage_taken":[{"damage":0,"enemies":"Small Slimes","floor":1,"turns":3},{"damage":7,"enemies":"Jaw Worm","floor":4,"turns":3},{"damage":14,"enemies":"3 Sentries","floor":6,"turns":4},{"damage":0,"enemies":"2 Louse","floor":7,"turns":1},{"damage":12,"enemies":"Gremlin Nob","floor":8,"turns":3},{"damage":0,"enemies":"Large Slime","floor":14,"turns":3},{"damage":0,"enemies":"Slime Boss","floor":16,"turns":2},{"damage":5,"enemies":"Chosen","floor":18,"turns":2},{"damage":21,"enemies":"Spheric Guardian","floor":20,"turns":4},{"damage":14,"enemies":"Book of Stabbing","floor":23,"turns":3},{"damage":20,"enemies":"Centurion and Healer","floor":24,"turns":3},{"damage":0,"enemies":"Slavers","floor":28,"turns":3},{"damage":0,"enemies":"Snake Plant","floor":29,"turns":4},{"damage":0,"enemies":"Book of Stabbing","floor":30,"turns":3},{"damage":0,"enemies":"Sentry and Sphere","floor":31,"turns":3},{"damage":0,"enemies":"Collector","floor":33,"turns":4},{"damage":0,"enemies":"Orb Walker","floor":35,"turns":1},{"damage":0,"enemies":"3 Darklings","floor":36,"turns":5},{"damage":0,"enemies":"4 Shapes","floor":38,"turns":3},{"damage":0,"enemies":"Jaw Worm Horde","floor":39,"turns":4},{"damage":0,"enemies":"Giant Head","floor":40,"turns":6},{"damage":0,"enemies":"Transient","floor":44,"turns":5},{"damage":0,"enemies":"Sphere and 2 Shapes","floor":48,"turns":3},{"damage":4,"enemies":"hubris:GrandSnecko","floor":50,"turns":4}],"seed_played":"-6024632063144815713","potions_obtained":[{"floor":1,"key":"LiquidMemories"},{"floor":7,"key":"Dexterity Potion"},{"floor":14,"key":"AttackPotion"},{"floor":18,"key":"SteroidPotion"},{"floor":24,"key":"Regen Potion"},{"floor":28,"key":"DistilledChaos"},{"floor":29,"key":"Swift Potion"},{"floor":31,"key":"Slimebound:ThreeZeroPotion"},{"floor":35,"key":"Weak Potion"},{"floor":38,"key":"PowerPotion"},{"floor":40,"key":"ColorlessPotion"},{"floor":44,"key":"Weak Potion"}],"is_trial":false,"path_per_floor":["M","?","T","M","?","E","M","E","T","$","R","?","R","M","R","B",null,"M","?","M","T","$","E","M","?","T","R","E","M","E","M","R","B",null,"M","M","?","M","M","E","R","?","T","M","R","?","$","M","R","B"],"character_chosen":"MARISA","items_purchased":["PrismaticShard","Vajra","Singularity","Bag of Marbles","SatelliteIllusion"],"campfire_rested":1,"item_purchase_floors":[10,10,22,47,47],"current_hp_per_floor":[54,54,54,47,36,22,22,10,10,25,25,25,25,25,25,25,75,70,70,49,49,64,50,38,1,1,1,1,1,1,1,1,1,1,1,1,1,1,1,1,1,1,1,1,1,1,1,1,1,0,0],"gold":205,"neow_bonus":"ONE_RARE_RELIC","is_daily":false,"chose_seed":false,"campfire_upgraded":2,"win_rate":0.0,"timestamp":1609714684,"path_taken":["M","?","?","M","?","E","M","E","T","$","R","?","R","?","R","BOSS","M","?","?","?","$","E","M","?","T","R","E","M","E","M","R","BOSS","M","M","?","M","M","E","R","?","T","M","R","?","?","M","R","BOSS"],"items_purchased_type":["Relic","Relic","Card","Relic","Card"],"build_version":"2020-12-22","purchased_purges":0,"victory":false,"max_hp_per_floor":[75,75,75,75,75,75,75,75,75,75,75,75,75,75,75,75,75,75,75,75,75,75,75,75,1,1,1,1,1,1,1,1,1,1,1,1,1,1,1,1,1,1,1,1,1,1,1,1,1,1,1],"card_choices":[{"not_picked":["ShootingEcho","WitchOfGreed"],"picked":"DC","floor":1},{"not_picked":["MeteoricShower","SuperNova"],"picked":"MysteriousBeam","floor":4},{"not_picked":["ChargeUpSpray","ManaConvection"],"picked":"Singularity","floor":6},{"not_picked":["GrandCross","WitchOfGreed"],"picked":"IllusionStar","floor":7},{"not_picked":["MachineGunSpark","OpenUniverse"],"picked":"MysteriousBeam","floor":8},{"not_picked":["Guardian:TemporalShield","Slimebound:SamplingLick"],"picked":"Guardian:VentSteam","floor":14},{"not_picked":["EscapeVelocity","Night Terror"],"picked":"sneckomod:UnknownRareSkill","floor":16},{"not_picked":["Slimebound:FinishingTackle+1","Barrage","Guardian:RefractedBeam"],"picked":"SKIP","floor":18},{"not_picked":["Acceleration","Tantrum+1"],"picked":"sneckomod:Nope","floor":20},{"not_picked":["Iron Wave","PathToVictory"],"picked":"Machine Learning","floor":23},{"not_picked":["Streamline+1","Reckless Charge","hexamod:RetreatToShadows"],"picked":"SKIP","floor":24},{"not_picked":["expansioncontent:SlimeTackle","Wild Strike"],"picked":"expansioncontent:Collect","floor":28},{"not_picked":["Outmaneuver","hexamod:HeatShield"],"picked":"PiercingWail","floor":29},{"not_picked":["Acrobatics","champ:PreciseThrust+1","ThirdEye"],"picked":"SKIP","floor":30},{"not_picked":["Slimebound:DivideAndConquer","Dark Shackles"],"picked":"Slimebound:LivingWall","floor":31},{"not_picked":["Electrodynamics","MaximisePower"],"picked":"Creative AI","floor":33},{"not_picked":["champ:BerserkersShout+1","Prostrate","FlurryOfBlows+1"],"picked":"SKIP","floor":35},{"not_picked":["ShootingEcho","Slimebound:Dissolve","Warcry"],"picked":"SKIP","floor":36},{"not_picked":["Prostrate","champ:Duel"],"picked":"WreathOfFlame+1","floor":38},{"not_picked":["sneckomod:ImprovisedGuard+1","Leap","Slimebound:SpikyOuterGoop+1"],"picked":"SKIP","floor":39},{"not_picked":["hexamod:Haunt","champ:FlashCut","Tantrum+1"],"picked":"SKIP","floor":40},{"not_picked":["sneckomod:SoulDraw+1","True Grit+1"],"picked":"sneckomod:Unknown1Cost+1","floor":44},{"not_picked":["Carnage","Dagger Throw","SashWhip"],"picked":"SKIP","floor":48}],"player_experience":497156,"relics_obtained":[{"floor":3,"key":"hubris:CuriousFeather"},{"floor":6,"key":"MealTicket"},{"floor":8,"key":"hubris:SphereOfDissonance"},{"floor":9,"key":"War Paint"},{"floor":21,"key":"Regal Pillow"},{"floor":23,"key":"Lantern"},{"floor":28,"key":"AmplifyWand"},{"floor":30,"key":"Shovel"},{"floor":32,"key":"hubris:FunFungus"},{"floor":40,"key":"Blue Candle"},{"floor":41,"key":"ShroomBag"},{"floor":43,"key":"InkBottle"},{"floor":45,"key":"Toxic Egg 2"},{"floor":49,"key":"Toy Ornithopter"}],"event_choices":[{"damage_healed":0,"gold_gain":0,"player_choice":"Box","damage_taken":0,"relics_obtained":["PreservedInsect"],"max_hp_gain":0,"max_hp_loss":0,"event_name":"Big Fish","floor":2,"gold_loss":0,"cards_obtained":["Regret"]},{"damage_healed":0,"gold_gain":75,"player_choice":"Gather Gold","damage_taken":11,"max_hp_gain":0,"max_hp_loss":0,"event_name":"World of Goop","floor":5,"gold_loss":0},{"cards_removed":["Regret"],"damage_healed":0,"gold_gain":0,"player_choice":"Forget","damage_taken":0,"max_hp_gain":0,"max_hp_loss":0,"event_name":"Living Wall","floor":12,"gold_loss":0},{"damage_healed":0,"gold_gain":0,"player_choice":"Cursed","damage_taken":0,"max_hp_gain":0,"max_hp_loss":0,"event_name":"Wheel of Change","floor":19,"gold_loss":0,"cards_obtained":["Decay"]},{"damage_healed":0,"gold_gain":0,"player_choice":"Ignored","damage_taken":0,"max_hp_gain":0,"max_hp_loss":0,"event_name":"Tomb of Lord Red Mask","floor":37,"gold_loss":0},{"damage_healed":0,"gold_gain":0,"player_choice":"Upgrade","damage_taken":0,"relics_obtained":["Mark of the Bloom"],"max_hp_gain":0,"max_hp_loss":0,"event_name":"MindBloom","floor":42,"gold_loss":0,"cards_upgraded":["Strike_MRS","Strike_MRS","Strike_MRS","Strike_MRS","Defend_MRS","Defend_MRS","MasterSpark","UpSweep","DC","MysteriousBeam","IllusionStar","MysteriousBeam","sneckomod:UnknownRareSkill","sneckomod:Nope","Singularity","Machine Learning","expansioncontent:Collect","PiercingWail","Slimebound:LivingWall","Creative AI"]},{"damage_healed":0,"gold_gain":0,"player_choice":"Ignored","damage_taken":0,"max_hp_gain":0,"max_hp_loss":0,"event_name":"OrinTheCat","floor":46,"gold_loss":0}],"is_beta":false,"boss_relics":[{"not_picked":["Empty Cage","hubris:CrackedHourglass"],"picked":"hubris:VirtuousBlindfold"},{"not_picked":["Black Star","hubris:RunicObelisk"],"picked":"Fusion Hammer"}],"items_purged_floors":[],"is_endless":false,"potions_floor_spawned":[1,7,14,18,24,28,29,31,35,38,40,44],"killed_by":"hubris:GrandSnecko","ascension_level":0}}