{"host":"oy4pyvr762z5n0bb","time":1609698626,"event":{"mods":["AchievementEnabler","BaseMod","Colored Map","Colored Powertips","Googly Eyes","Key Reminder","Minty Spire (QoL Compilation)","Quick Restart","Relic Sorter","StSLib","SuperFastMode","Unceasing Turn Reminder","slay the spire mod where everything is the same but ironclad has a cowboy hat"],"gold_per_floor":[112,112,126,144,23,23,49,65,88,88,104,104,137,157,157,157,157],"floor_reached":16,"playtime":246,"items_purged":["Havoc"],"score":146,"play_id":"91e296a8-760f-46ec-95f3-d06fd4655242","local_time":"20210103103026","is_ascension_mode":true,"campfire_choices":[{"data":"Perfected Strike","floor":6,"key":"SMITH"},{"data":"Inflame","floor":12,"key":"SMITH"},{"floor":15,"key":"REST"}],"circlet_count":0,"master_deck":["Strike_R","Strike_R","Strike_R","Strike_R","Strike_R","Defend_R","Defend_R","Defend_R","Defend_R","Bash","Wild Strike","Inflame+1","Perfected Strike+1","Armaments","Twin Strike","Demon Form","Sentinel","Cleave","Cleave"],"relics":["Burning Blood","NeowsBlessing","Bronze Scales","keyreminder:keyreminder","Bag of Marbles","Omamori"],"acts_visited":["Exordium"],"potions_floor_usage":[16],"damage_taken":[{"damage":0,"enemies":"2 Louse","floor":1,"turns":1},{"damage":0,"enemies":"Cultist","floor":3,"turns":1},{"damage":0,"enemies":"Jaw Worm","floor":4,"turns":1},{"damage":42,"enemies":"3 Sentries","floor":7,"turns":7},{"damage":6,"enemies":"Exordium Wildlife","floor":8,"turns":2},{"damage":6,"enemies":"Looter","floor":11,"turns":1},{"damage":16,"enemies":"Gremlin Nob","floor":13,"turns":3},{"damage":32,"enemies":"Gremlin Gang","floor":14,"turns":3},{"damage":37,"enemies":"Hexaghost","floor":16,"turns":7}],"seed_played":"-4994803014408484063","potions_obtained":[{"floor":7,"key":"PowerPotion"},{"floor":13,"key":"SneckoOil"}],"is_trial":false,"path_per_floor":["M","?","M","M","$","R","E","M","T","$","M","R","E","M","R","B"],"character_chosen":"IRONCLAD","items_purchased":["Armaments"],"campfire_rested":1,"item_purchase_floors":[5],"current_hp_per_floor":[78,78,80,80,80,80,44,44,44,44,44,44,34,8,32,0,0],"gold":157,"neow_bonus":"THREE_ENEMY_KILL","is_daily":false,"chose_seed":false,"campfire_upgraded":2,"win_rate":0.0,"timestamp":1609698626,"path_taken":["M","?","M","M","$","R","E","M","T","$","?","R","E","M","R","BOSS"],"items_purchased_type":["Card"],"build_version":"2020-12-22","purchased_purges":1,"victory":false,"max_hp_per_floor":[80,80,80,80,80,80,80,80,80,80,80,80,80,80,80,80,80],"card_choices":[{"not_picked":["Havoc","Disarm"],"picked":"Wild Strike","floor":1},{"not_picked":["Feel No Pain","Evolve"],"picked":"Inflame","floor":3},{"not_picked":["Flex","Wild Strike"],"picked":"Perfected Strike","floor":4},{"not_picked":["Shrug It Off","Intimidate"],"picked":"Twin Strike","floor":7},{"not_picked":["Sword Boomerang","Carnage"],"picked":"Demon Form","floor":8},{"not_picked":["Wild Strike","Rage"],"picked":"Sentinel","floor":11},{"not_picked":["Armaments","Iron Wave"],"picked":"Cleave","floor":13},{"not_picked":["Rage","Warcry"],"picked":"Cleave","floor":14}],"player_experience":630872,"relics_obtained":[{"floor":7,"key":"Bronze Scales"},{"floor":9,"key":"Bag of Marbles"},{"floor":13,"key":"Omamori"}],"event_choices":[{"damage_healed":0,"gold_gain":0,"player_choice":"1 cards matched","damage_taken":0,"max_hp_gain":0,"max_hp_loss":0,"event_name":"Match and Keep!","floor":2,"gold_loss":0,"cards_obtained":["Havoc"]}],"is_beta":false,"boss_relics":[],"items_purged_floors":[5],"is_endless":false,"potions_floor_spawned":[7,13],"killed_by":"Hexaghost","ascension_level":6}}