{"host":"egwexuw5uvnxf11j","time":1609715543,"event":{"mods":["2.2 Compatiblity","Aspiration","BaseMod","Better Altar","Better Note","Better Sensory Stone","Better Third Choice","Displayed Cursed Tome","Downfall","Hermit","Key Reminder","Koishi","Marisa????????","Minty Spire (QoL Compilation)","Quick Restart","Shade Mod","Spicy Shops","StSLib","The Construct","The Cursed","The Hierophant","The Runesmith","The Senshi","The Servant 0.9.4","Transform Curses"],"gold_per_floor":[216,226,33,33,33,51,62,16,16,27,45,45,220,238,238,337,337,357,374,9,9,9,9],"floor_reached":22,"playtime":827,"items_purged":[],"score":205,"play_id":"3e0dc3ee-ab0e-455a-994d-807b8cf331c5","local_time":"20210103181223","is_ascension_mode":true,"campfire_choices":[{"floor":12,"key":"REST"},{"floor":15,"key":"REST"}],"circlet_count":0,"master_deck":["Strike_B","Strike_B","Strike_B","Strike_B","Defend_B","Defend_B","Defend_B","Defend_B","Zap","Dualcast","Loop","Go for the Eyes","Conserve Battery","Defragment+1","Rebound","Cold Snap","Barrage","All For One","Streamline","Beam Cell+1","Doom and Gloom","Static Discharge+1","Rip and Tear","BootSequence"],"relics":["Cracked Core","Art of War","Frozen Egg 2","keyreminder:keyreminder","aspiration:SecretTechniqueScroll","Regal Pillow","ClockworkSouvenir"],"acts_visited":["Exordium","TheCity"],"potions_floor_usage":[14,16,16],"damage_taken":[{"damage":0,"enemies":"2 Louse","floor":1,"turns":2},{"damage":1,"enemies":"Cultist","floor":2,"turns":3},{"damage":3,"enemies":"Small Slimes","floor":6,"turns":3},{"damage":7,"enemies":"Looter","floor":7,"turns":3},{"damage":3,"enemies":"Blue Slaver","floor":10,"turns":4},{"damage":26,"enemies":"Exordium Wildlife","floor":11,"turns":4},{"damage":9,"enemies":"2 Fungi Beasts","floor":14,"turns":3},{"damage":51,"enemies":"Hexaghost","floor":16,"turns":13},{"damage":33,"enemies":"Spheric Guardian","floor":18,"turns":4},{"damage":18,"enemies":"Shell Parasite","floor":19,"turns":4},{"damage":28,"enemies":"3 Cultists","floor":22,"turns":3}],"seed_played":"-6230786246013792527","potions_obtained":[{"floor":2,"key":"AttackPotion"},{"floor":6,"key":"DuplicationPotion"},{"floor":7,"key":"SkillPotion"},{"floor":19,"key":"FearPotion"}],"is_trial":false,"path_per_floor":["M","M","$","?","?","M","M","$","T","M","M","R","?","M","R","B",null,"M","M","$","?","M"],"character_chosen":"DEFECT","items_purchased":["Conserve Battery","Art of War","Cold Snap","Static Discharge+1","Regal Pillow","ClockworkSouvenir"],"campfire_rested":2,"item_purchase_floors":[3,3,8,20,20,20],"current_hp_per_floor":[75,74,74,74,74,71,64,64,64,61,35,57,57,48,70,19,75,42,24,24,24,0,0],"gold":9,"neow_bonus":"HUNDRED_GOLD","is_daily":false,"chose_seed":false,"campfire_upgraded":0,"win_rate":0.0,"timestamp":1609715543,"path_taken":["M","M","$","?","?","M","?","?","T","?","M","R","?","M","R","BOSS","M","M","$","?","M"],"items_purchased_type":["Card","Relic","Card","Card","Relic","Relic"],"build_version":"2020-12-22","purchased_purges":0,"victory":false,"max_hp_per_floor":[75,75,75,75,75,75,75,75,75,75,75,75,75,75,75,75,75,75,75,75,75,75,75],"card_choices":[{"not_picked":["Leap","Capacitor"],"picked":"Loop","floor":1},{"not_picked":["Barrage","White Noise"],"picked":"Go for the Eyes","floor":2},{"not_picked":["Steam Power","Blizzard"],"picked":"Defragment+1","floor":6},{"not_picked":["Skim","aspiration:Polymerization"],"picked":"Rebound","floor":7},{"not_picked":["Go for the Eyes","Compile Driver"],"picked":"Barrage","floor":10},{"not_picked":["Barrage","Redo"],"picked":"All For One","floor":11},{"not_picked":["Auto Shields","Barrage"],"picked":"Streamline","floor":14},{"not_picked":["Meteor Strike","Hyperbeam"],"picked":"Multi-Cast","floor":16},{"not_picked":["Chill+1","Redo"],"picked":"Beam Cell+1","floor":18},{"not_picked":["Tempest","Cold Snap"],"picked":"Doom and Gloom","floor":19}],"player_experience":2135785,"relics_obtained":[],"event_choices":[{"cards_removed":["Injury"],"damage_healed":0,"gold_gain":0,"player_choice":"Card Removal","damage_taken":0,"max_hp_gain":0,"max_hp_loss":0,"event_name":"Wheel of Change","floor":5,"gold_loss":0},{"damage_healed":0,"gold_gain":175,"player_choice":"AGREE","damage_taken":45,"max_hp_gain":0,"max_hp_loss":0,"event_name":"betterThird:BetterSerpent","floor":13,"gold_loss":0},{"damage_healed":0,"gold_gain":0,"cards_transformed":["Doubt","Multi-Cast"],"player_choice":"Became Test Subject","damage_taken":0,"max_hp_gain":0,"max_hp_loss":0,"event_name":"Drug Dealer","floor":21,"gold_loss":0,"cards_obtained":["Rip and Tear","BootSequence"]}],"is_beta":false,"boss_relics":[{"not_picked":["aspiration:SilentSkillbook","Cursed Key"],"picked":"aspiration:SecretTechniqueScroll"}],"items_purged_floors":[],"is_endless":false,"potions_floor_spawned":[2,6,7,11,19],"killed_by":"3 Cultists","ascension_level":3}}