{"host":"armnliea5o2aqs4b","time":1609668899,"event":{"mods":["BaseMod","Hubris","Infinite Spire","Minty Spire (QoL Compilation)","Quick Restart","StSLib"],"gold_per_floor":[116,116,129,129,129,160,160,160,160],"floor_reached":8,"playtime":81,"items_purged":[],"score":91,"play_id":"22dd951e-7070-419e-a7a0-d761f3f96666","local_time":"20210103211459","is_ascension_mode":true,"campfire_choices":[{"data":"Inflame","floor":7,"key":"SMITH"}],"circlet_count":0,"master_deck":["Strike_R","Strike_R","Strike_R","Strike_R","Defend_R","Defend_R","Defend_R","Defend_R","Bash","Inflame+1","infinitespire:Gouge+1"],"relics":["Burning Blood","NeowsBlessing","hubris:AstralHammer"],"acts_visited":["Exordium"],"potions_floor_usage":[3],"damage_taken":[{"damage":0,"enemies":"Jaw Worm","floor":1,"turns":1},{"damage":0,"enemies":"Small Slimes","floor":3,"turns":1},{"damage":0,"enemies":"Lagavulin","floor":6,"turns":1},{"damage":0,"enemies":"3 Sentries","floor":8,"turns":1}],"seed_played":"-1374735429252906644","potions_obtained":[{"floor":1,"key":"BloodPotion"},{"floor":3,"key":"Fruit Juice"}],"is_trial":false,"path_per_floor":["M","?","M","?","?","E","R","E"],"character_chosen":"IRONCLAD","items_purchased":[],"campfire_rested":0,"item_purchase_floors":[],"current_hp_per_floor":[80,73,84,62,62,68,68,68,68],"gold":160,"neow_bonus":"THREE_ENEMY_KILL","is_daily":false,"chose_seed":false,"campfire_upgraded":1,"win_rate":0.0,"timestamp":1609668899,"path_taken":["M","?","M","?","?","E","R","E"],"items_purchased_type":[],"build_version":"2020-12-22","purchased_purges":0,"victory":false,"max_hp_per_floor":[80,80,85,85,85,85,85,85,85],"card_choices":[{"not_picked":["Pommel Strike","Shrug It Off"],"picked":"Inflame","floor":1},{"not_picked":["Clothesline","Perfected Strike","Pommel Strike"],"picked":"SKIP","floor":3},{"not_picked":["infinitespire:Starlight","infinitespire:Menacing"],"picked":"infinitespire:Gouge","floor":4},{"not_picked":["Evolve","Cleave","Perfected Strike"],"picked":"SKIP","floor":6}],"player_experience":148246,"relics_obtained":[{"floor":6,"key":"hubris:AstralHammer"}],"event_choices":[{"cards_removed":["Strike_R"],"damage_healed":0,"gold_gain":0,"player_choice":"Card Removal","damage_taken":7,"max_hp_gain":0,"max_hp_loss":0,"event_name":"Golden Wing","floor":2,"gold_loss":0},{"damage_healed":0,"gold_gain":0,"player_choice":"Grow","damage_taken":0,"max_hp_gain":0,"max_hp_loss":0,"event_name":"Living Wall","floor":5,"gold_loss":0,"cards_upgraded":["infinitespire:Gouge"]}],"is_beta":false,"boss_relics":[],"items_purged_floors":[],"is_endless":false,"potions_floor_spawned":[1,3],"killed_by":"3 Sentries","ascension_level":3}}