{"host":"g5zc4ej6zn2at89o","time":1609658328,"event":{"mods":["2.2 Compatiblity","AchievementEnabler","BaseMod","Colored Map","DeckTracker","Highlight Path","KOR Keyword Fix","Keyboard Shortcuts","Minty Spire (QoL Compilation)","Permanent Neow","Quick Restart","Say the Spire","StSLib","SuperFastMode","everything is the same but u backflip on backflip"],"gold_per_floor":[114,29,43,43,43,43,43],"floor_reached":6,"playtime":294,"items_purged":[],"score":34,"play_id":"f06a3fca-87c4-47aa-a382-c0b387d86d68","local_time":"20210103161848","is_ascension_mode":false,"campfire_choices":[],"circlet_count":0,"master_deck":["Strike_G","Strike_G","Strike_G","Strike_G","Strike_G","Defend_G","Defend_G","Defend_G","Defend_G","Defend_G+1","Survivor","Neutralize","Corpse Explosion","Dagger Spray","Blade Dance","All Out Attack","Setup+1","Regret"],"relics":["Ring of the Snake","Nunchaku"],"acts_visited":["Exordium"],"potions_floor_usage":[],"damage_taken":[{"damage":0,"enemies":"Jaw Worm","floor":1,"turns":4},{"damage":2,"enemies":"Small Slimes","floor":3,"turns":2},{"damage":41,"enemies":"3 Sentries","floor":6,"turns":10}],"seed_played":"-2293377260151242062","potions_obtained":[{"floor":3,"key":"FairyPotion"}],"is_trial":false,"path_per_floor":["M","$","M","?","?","E"],"character_chosen":"THE_SILENT","items_purchased":["Blade Dance","All Out Attack"],"campfire_rested":0,"item_purchase_floors":[2,2],"current_hp_per_floor":[63,63,61,61,48,7,7],"gold":43,"neow_bonus":"THREE_RARE_CARDS","is_daily":false,"chose_seed":false,"campfire_upgraded":0,"win_rate":0.0,"timestamp":1609658328,"path_taken":["M","$","M","?","?","E"],"items_purchased_type":["Card","Card"],"build_version":"2020-12-22","purchased_purges":0,"victory":false,"max_hp_per_floor":[63,63,63,63,63,63,63],"card_choices":[{"not_picked":["Storm of Steel","Wraith Form v2"],"picked":"Corpse Explosion","floor":0},{"not_picked":["Deflect","Flying Knee"],"picked":"Dagger Spray","floor":1},{"not_picked":["Poisoned Stab","Heel Hook"],"picked":"Setup","floor":3}],"player_experience":119427,"relics_obtained":[],"event_choices":[{"damage_healed":0,"gold_gain":0,"player_choice":"Box","damage_taken":0,"relics_obtained":["Nunchaku"],"max_hp_gain":0,"max_hp_loss":0,"event_name":"Big Fish","floor":4,"gold_loss":0,"cards_obtained":["Regret"]},{"damage_healed":0,"gold_gain":0,"player_choice":"Entered Light","damage_taken":13,"max_hp_gain":0,"max_hp_loss":0,"event_name":"Shining Light","floor":5,"gold_loss":0,"cards_upgraded":["Defend_G","Setup"]}],"is_beta":false,"boss_relics":[],"items_purged_floors":[],"is_endless":false,"potions_floor_spawned":[3],"killed_by":"3 Sentries","ascension_level":0}}