{"host":"xurz8oye0j2lsa2k","time":1609711447,"event":{"mods":["AchievementEnabler","BaseMod","Colored Map","Downfall","Hubris","Marisa????????","Minty Spire (QoL Compilation)","Permanent Neow","StSLib"],"gold_per_floor":[216,291,6,6,6,35,73,73,155,81,142,142,187,201,201,221,221],"floor_reached":16,"playtime":538,"items_purged":[],"score":106,"play_id":"c57243e2-bec9-4124-b3da-216c5490d240","local_time":"20210103170407","is_ascension_mode":false,"campfire_choices":[{"floor":8,"key":"RECALL"},{"data":"GrandCross","floor":12,"key":"SMITH"},{"floor":15,"key":"REST"}],"circlet_count":0,"master_deck":["Strike_MRS","Strike_MRS","Strike_MRS","Strike_MRS","Defend_MRS","Defend_MRS","Defend_MRS","Defend_MRS","MasterSpark","UpSweep","hubris:DuctTapeCard+2","PowerUp","EventHorizon","GrandCross+1","DarkMatter+1","PulseMagic+1","SuperPerseids+1"],"relics":["MiniHakkero","hubris:DuctTape","Toxic Egg 2","White Beast Statue"],"acts_visited":["Exordium"],"potions_floor_usage":[7,14,16],"damage_taken":[{"damage":1,"enemies":"2 Louse","floor":1,"turns":3},{"damage":31,"enemies":"Lagavulin","floor":6,"turns":4},{"damage":8,"enemies":"Jaw Worm","floor":7,"turns":2},{"damage":21,"enemies":"3 Sentries","floor":13,"turns":5},{"damage":0,"enemies":"Small Slimes","floor":14,"turns":2},{"damage":26,"enemies":"Hexaghost","floor":16,"turns":7}],"seed_played":"3415959762994793253","potions_obtained":[{"floor":6,"key":"Weak Potion"},{"floor":13,"key":"SkillPotion"},{"floor":14,"key":"Energy Potion"}],"is_trial":false,"path_per_floor":["M","?","$","?","?","E","M","R","T","$","?","R","E","M","R","B"],"character_chosen":"MARISA","items_purchased":["Robbery","hubris:DuctTape","DarkMatter+1"],"campfire_rested":1,"item_purchase_floors":[3,3,10],"current_hp_per_floor":[74,63,63,63,63,32,24,24,24,24,24,24,3,3,25,0,0],"gold":221,"neow_bonus":"HUNDRED_GOLD","is_daily":false,"chose_seed":false,"campfire_upgraded":1,"win_rate":0.0,"timestamp":1609711447,"path_taken":["M","?","$","?","?","E","M","R","T","?","?","R","E","?","R","BOSS"],"items_purchased_type":["Card","Relic","Card"],"build_version":"2020-12-22","purchased_purges":0,"victory":false,"max_hp_per_floor":[75,75,75,75,75,75,75,75,75,75,75,75,75,75,75,75,75],"card_choices":[{"not_picked":["DoubleSpark","UnstableBomb"],"picked":"DarkSpark","floor":1},{"not_picked":["JA","Acceleration+1"],"picked":"EventHorizon","floor":6},{"not_picked":["Robbery","DoubleSpark"],"picked":"GrandCross","floor":7},{"not_picked":["ManaConvection+1","SporeBomb+1"],"picked":"PulseMagic+1","floor":13},{"not_picked":["EnergyFlow","GravityBeat"],"picked":"SuperPerseids+1","floor":14}],"player_experience":496618,"relics_obtained":[{"floor":6,"key":"Toxic Egg 2"},{"floor":13,"key":"White Beast Statue"}],"event_choices":[{"damage_healed":0,"gold_gain":75,"player_choice":"Gather Gold","damage_taken":11,"max_hp_gain":0,"max_hp_loss":0,"event_name":"World of Goop","floor":2,"gold_loss":0},{"damage_healed":0,"gold_gain":0,"player_choice":"Grow","damage_taken":0,"max_hp_gain":0,"max_hp_loss":0,"event_name":"Living Wall","floor":4,"gold_loss":0,"cards_upgraded":["hubris:DuctTapeCard"]},{"damage_healed":0,"gold_gain":61,"player_choice":"Gained Gold","damage_taken":0,"max_hp_gain":0,"max_hp_loss":0,"event_name":"Golden Wing","floor":11,"gold_loss":0}],"is_beta":false,"boss_relics":[],"items_purged_floors":[],"is_endless":false,"potions_floor_spawned":[6,13,14],"killed_by":"Hexaghost","ascension_level":0}}