{"host":"w3q5ijqu8eoknil3","time":1609717060,"event":{"mods":["AchievementEnabler","BaseMod","Block Reminder","Colored Powertips","Minty Spire (QoL Compilation)","Quick Restart","Relic Stats","ojb\u0027s Better Paths Mod","ojb\u0027s Info Mod","slay the spire mod where everything is the same but ironclad has a cowboy hat"],"gold_per_floor":[111,126,126,276,55,55,92,92,92,119,403,424,451,481,481,564,564,592,612,621,230,275,311,311,330,330,255,7,7,28,72,84,183,195,231,265,167,206,242,254,254],"floor_reached":40,"playtime":1604,"items_purged":["Doubt","Regret"],"score":814,"play_id":"ab6963da-4fcd-42cf-ad78-98b9c018e7a0","local_time":"20210103233740","is_ascension_mode":true,"campfire_choices":[{"data":"Blade Dance","floor":6,"key":"SMITH"},{"data":"Die Die Die","floor":8,"key":"SMITH"},{"data":"Footwork","floor":15,"key":"SMITH"},{"data":"Noxious Fumes","floor":24,"key":"SMITH"},{"data":"Catalyst","floor":29,"key":"SMITH"},{"data":"Malaise","floor":32,"key":"SMITH"}],"circlet_count":0,"master_deck":["AscendersBane","Defend_G","Defend_G","Defend_G","Defend_G","Defend_G","Survivor","Neutralize","Blade Dance+1","Dagger Spray","Die Die Die+1","Blade Dance","Footwork+1","Crippling Poison","Acrobatics","Corpse Explosion","Acrobatics","Noxious Fumes+1","Malaise+1","Bite","Bite","Bite","Outmaneuver","PiercingWail","Catalyst+1","Burst","Dagger Throw+1","A Thousand Cuts","Caltrops+1","Catalyst","Dash","Flechettes+1"],"relics":["Ring of the Snake","NeowsBlessing","CeramicFish","Ornamental Fan","Sundial","Odd Mushroom","Coffee Dripper","Lee\u0027s Waffle","Akabeko","The Courier","Membership Card","Tough Bandages","MawBank","Runic Pyramid"],"acts_visited":["Exordium","TheCity","TheBeyond"],"potions_floor_usage":[16,23,30,30,31,40],"damage_taken":[{"damage":0,"enemies":"Cultist","floor":1,"turns":1},{"damage":0,"enemies":"Jaw Worm","floor":2,"turns":1},{"damage":0,"enemies":"Lagavulin","floor":7,"turns":1},{"damage":0,"enemies":"Small Slimes","floor":10,"turns":2},{"damage":0,"enemies":"Looter","floor":12,"turns":2},{"damage":0,"enemies":"Lots of Slimes","floor":13,"turns":1},{"damage":0,"enemies":"The Mushroom Lair","floor":14,"turns":2},{"damage":55,"enemies":"Slime Boss","floor":16,"turns":11},{"damage":0,"enemies":"Shell Parasite","floor":18,"turns":5},{"damage":28,"enemies":"Spheric Guardian","floor":19,"turns":7},{"damage":19,"enemies":"Slavers","floor":23,"turns":4},{"damage":0,"enemies":"3 Cultists","floor":25,"turns":2},{"damage":2,"enemies":"Snecko","floor":30,"turns":5},{"damage":2,"enemies":"Gremlin Leader","floor":31,"turns":6},{"damage":14,"enemies":"Collector","floor":33,"turns":8},{"damage":11,"enemies":"3 Darklings","floor":35,"turns":2},{"damage":2,"enemies":"Orb Walker","floor":36,"turns":6},{"damage":16,"enemies":"Jaw Worm Horde","floor":38,"turns":3},{"damage":28,"enemies":"Spire Growth","floor":39,"turns":5},{"damage":48,"enemies":"Giant Head","floor":40,"turns":8}],"seed_played":"-229041528422504007","potions_obtained":[{"floor":1,"key":"FairyPotion"},{"floor":7,"key":"Regen Potion"},{"floor":19,"key":"CunningPotion"},{"floor":25,"key":"EntropicBrew"},{"floor":30,"key":"Swift Potion"},{"floor":33,"key":"FearPotion"}],"is_trial":false,"path_per_floor":["M","M","?","?","$","R","E","R","T","M","?","M","M","?","R","B",null,"M","M","?","$","?","E","R","M","T","?","$","R","M","E","R","B",null,"M","M","?","M","M","E"],"character_chosen":"THE_SILENT","items_purchased":["CeramicFish","Malaise","Lee\u0027s Waffle","Membership Card","Catalyst","Tough Bandages"],"campfire_rested":0,"item_purchase_floors":[5,21,21,28,28,28],"current_hp_per_floor":[59,59,52,52,52,52,52,52,52,52,52,52,52,52,52,12,53,53,25,25,73,51,38,38,42,42,42,42,42,46,49,49,47,50,43,47,47,37,15,0,0],"gold":254,"neow_bonus":"THREE_ENEMY_KILL","is_daily":false,"chose_seed":false,"campfire_upgraded":6,"win_rate":0.0,"timestamp":1609717060,"path_taken":["M","?","?","?","$","R","E","R","T","M","?","M","?","?","R","BOSS","M","M","?","$","?","E","R","M","T","?","$","R","?","E","R","BOSS","M","M","?","M","M","E"],"items_purchased_type":["Relic","Card","Relic","Relic","Card","Relic"],"build_version":"2020-12-22","purchased_purges":2,"victory":false,"max_hp_per_floor":[66,66,66,66,66,66,66,66,66,66,66,66,66,66,66,66,66,66,66,66,73,51,51,51,51,51,51,51,51,51,51,51,51,51,51,51,51,51,51,51,51],"relic_stats":{"Lee\u0027s Waffle":48,"Tough Bandages":[66],"counters":[20,82],"Ornamental Fan":[184],"Sundial":[6],"CeramicFish":225,"MawBank":108,"obtain_stats":[{"Lee\u0027s Waffle":21,"NeowsBlessing":0,"CeramicFish":5,"The Courier":26,"Odd Mushroom":14,"MawBank":31,"Akabeko":23,"Tough Bandages":28,"Ornamental Fan":7,"Sundial":9,"Coffee Dripper":17,"Membership Card":28,"Ring of the Snake":0,"Runic Pyramid":34},{"Lee\u0027s Waffle":10,"NeowsBlessing":0,"CeramicFish":2,"The Courier":12,"Odd Mushroom":7,"MawBank":14,"Akabeko":11,"Tough Bandages":12,"Ornamental Fan":3,"Sundial":3,"Coffee Dripper":8,"Membership Card":12,"Ring of the Snake":0,"Runic Pyramid":15},{"Lee\u0027s Waffle":33,"NeowsBlessing":0,"CeramicFish":2,"The Courier":39,"Odd Mushroom":10,"MawBank":50,"Akabeko":37,"Tough Bandages":39,"Ornamental Fan":3,"Sundial":3,"Coffee Dripper":21,"Membership Card":39,"Ring of the Snake":0,"Runic Pyramid":58}],"Ring of the Snake":[40]},"card_choices":[{"not_picked":["Masterful Stab","Cloak And Dagger"],"picked":"Blade Dance","floor":1},{"not_picked":["Acrobatics","Sucker Punch"],"picked":"Dagger Spray","floor":2},{"not_picked":["Outmaneuver","Escape Plan"],"picked":"Die Die Die","floor":7},{"not_picked":["Quick Slash","Outmaneuver"],"picked":"Blade Dance","floor":10},{"not_picked":["Backflip","Heel Hook"],"picked":"Footwork","floor":12},{"not_picked":["Acrobatics","Riddle With Holes"],"picked":"Crippling Poison","floor":13},{"not_picked":["Cloak And Dagger","Outmaneuver"],"picked":"Acrobatics","floor":14},{"not_picked":["Adrenaline","After Image"],"picked":"Corpse Explosion","floor":16},{"not_picked":["Terror","Underhanded Strike"],"picked":"Acrobatics","floor":18},{"not_picked":["Infinite Blades","Deflect+1","Dagger Throw"],"picked":"SKIP","floor":19},{"not_picked":["Setup","Blade Dance"],"picked":"Outmaneuver","floor":23},{"not_picked":["Deflect","Underhanded Strike"],"picked":"PiercingWail","floor":25},{"not_picked":["Acrobatics+1","Outmaneuver"],"picked":"Burst","floor":30},{"not_picked":["Blade Dance","Flechettes"],"picked":"Dagger Throw+1","floor":31},{"not_picked":["Doppelganger","Tools of the Trade"],"picked":"A Thousand Cuts","floor":33},{"not_picked":["Acrobatics+1","Riddle With Holes"],"picked":"Caltrops","floor":35},{"not_picked":["Sucker Punch+1","Infinite Blades+1"],"picked":"Catalyst","floor":36},{"not_picked":["Backflip","Dodge and Roll"],"picked":"Dash","floor":38},{"not_picked":["Dagger Throw","Underhanded Strike"],"picked":"Flechettes+1","floor":39}],"player_experience":986035,"relics_obtained":[{"floor":7,"key":"Ornamental Fan"},{"floor":9,"key":"Sundial"},{"floor":14,"key":"Odd Mushroom"},{"floor":23,"key":"Akabeko"},{"floor":26,"key":"The Courier"},{"floor":31,"key":"MawBank"}],"event_choices":[{"cards_removed":["Strike_G"],"damage_healed":0,"gold_gain":0,"player_choice":"Card Removal","damage_taken":7,"max_hp_gain":0,"max_hp_loss":0,"event_name":"Golden Wing","floor":3,"gold_loss":0},{"damage_healed":0,"gold_gain":150,"player_choice":"AGREE","damage_taken":0,"max_hp_gain":0,"max_hp_loss":0,"event_name":"Liars Game","floor":4,"gold_loss":0,"cards_obtained":["Doubt"]},{"damage_healed":0,"gold_gain":275,"player_choice":"Desecrate","damage_taken":0,"max_hp_gain":0,"max_hp_loss":0,"event_name":"Golden Shrine","floor":11,"gold_loss":0,"cards_obtained":["Regret"]},{"damage_healed":0,"gold_gain":0,"player_choice":"Fought Mushrooms","damage_taken":0,"max_hp_gain":0,"max_hp_loss":0,"event_name":"Mushrooms","floor":14,"gold_loss":0},{"damage_healed":0,"gold_gain":0,"player_choice":"Read","damage_taken":0,"max_hp_gain":0,"max_hp_loss":0,"event_name":"The Library","floor":20,"gold_loss":0,"cards_obtained":["Noxious Fumes"]},{"damage_healed":0,"gold_gain":0,"player_choice":"Became a vampire","damage_taken":0,"max_hp_gain":0,"max_hp_loss":22,"event_name":"Vampires","floor":22,"gold_loss":0,"cards_obtained":["Bite","Bite","Bite","Bite","Bite"]},{"cards_removed":["Bite"],"damage_healed":0,"gold_gain":0,"player_choice":"Gave Gold","damage_taken":0,"max_hp_gain":0,"max_hp_loss":0,"event_name":"Beggar","floor":27,"gold_loss":75},{"cards_removed":["Bite"],"damage_healed":0,"gold_gain":0,"player_choice":"Upgrade and Remove","damage_taken":0,"max_hp_gain":0,"max_hp_loss":0,"event_name":"Designer","floor":37,"gold_loss":110,"cards_upgraded":["Caltrops"]}],"is_beta":false,"boss_relics":[{"not_picked":["SlaversCollar","Tiny House"],"picked":"Coffee Dripper"},{"not_picked":["Snecko Eye","Black Star"],"picked":"Runic Pyramid"}],"items_purged_floors":[5,21],"is_endless":false,"potions_floor_spawned":[1,7,13,19,25,30,33,35,39],"killed_by":"Giant Head","ascension_level":15}}