{"host":"8f5cu9y0fpol72qs","time":1609666384,"event":{"mods":["AlwaysNeverKeys","BaseMod","Colored Map","Colored Powertips","Curses Come First","Highlight Path","Key Reminder","Minty Spire (QoL Compilation)","StSLib"],"gold_per_floor":[114,124,49,66,141,168,168,193,193,212,229,248,5,5,5,106,106,121,121,121,154,29,29,55,70,70,97,112,112,147,165,165,264,264,280,325,338,338,40,40,59,92,119,119,132,53,67,98,98,98],"floor_reached":51,"playtime":3794,"items_purged":["Strike_P","Defend_P","Defend_P","Strike_P"],"score":1349,"play_id":"fd9b5899-c3ae-45b4-b719-361b65902b26","local_time":"20210103013304","is_ascension_mode":true,"campfire_choices":[{"data":"Eruption","floor":7.0,"key":"SMITH"},{"floor":15.0,"key":"REST"},{"data":"Ragnarok","floor":29,"key":"SMITH"},{"data":"Sunder","floor":32,"key":"SMITH"},{"floor":40,"key":"REST"},{"floor":44,"key":"REST"},{"data":"Protect","floor":49,"key":"SMITH"}],"circlet_count":0,"master_deck":["AscendersBane","Defend_P","Eruption+1","Vigilance","Protect+1","Collect+1","CrushJoints","Ragnarok+1","Crescendo+1","Worship+1","Exhume+1","RitualDagger","Crippling Poison+1","Sunder+1","Acrobatics+1","Noxious Fumes+1","Alpha+1","Wireheading+1","Meditate+1","Disarm+1","Shockwave+1","DeusExMachina+1"],"relics":["PureWater","Toxic Egg 2","Odd Mushroom","Matryoshka","PrismaticShard","Snecko Eye","Red Mask","Regal Pillow","Meat on the Bone","Question Card","Pen Nib","Letter Opener","Bag of Preparation","Frozen Egg 2","Empty Cage","Mango","Happy Flower","Potion Belt","keyreminder:keyreminder","Bottled Flame"],"acts_visited":["Exordium","TheCity","TheBeyond"],"potions_floor_usage":[21,27,33,36,36,41,50],"damage_taken":[{"damage":10.0,"enemies":"2 Louse","floor":1.0,"turns":5.0},{"damage":3.0,"enemies":"Small Slimes","floor":2.0,"turns":3.0},{"damage":3.0,"enemies":"Jaw Worm","floor":4.0,"turns":8.0},{"damage":22.0,"enemies":"3 Sentries","floor":6.0,"turns":18.0},{"damage":9.0,"enemies":"The Mushroom Lair","floor":8.0,"turns":5.0},{"damage":0.0,"enemies":"3 Louse","floor":10.0,"turns":3.0},{"damage":0.0,"enemies":"Large Slime","floor":11.0,"turns":2.0},{"damage":1.0,"enemies":"Looter","floor":12.0,"turns":3.0},{"damage":22.0,"enemies":"Hexaghost","floor":16.0,"turns":9.0},{"damage":0.0,"enemies":"Chosen","floor":18.0,"turns":4.0},{"damage":0,"enemies":"Masked Bandits","floor":21,"turns":1},{"damage":12,"enemies":"Gremlin Leader","floor":24,"turns":4},{"damage":1,"enemies":"Shell Parasite","floor":25,"turns":3},{"damage":2,"enemies":"Slavers","floor":27,"turns":4},{"damage":1,"enemies":"Centurion and Healer","floor":28,"turns":4},{"damage":0,"enemies":"Gremlin Leader","floor":30,"turns":3},{"damage":0,"enemies":"Shelled Parasite and Fungi","floor":31,"turns":2},{"damage":1,"enemies":"Collector","floor":33,"turns":5},{"damage":6,"enemies":"Orb Walker","floor":35,"turns":3},{"damage":49,"enemies":"2 Orb Walkers","floor":36,"turns":4},{"damage":7,"enemies":"3 Shapes","floor":37,"turns":2},{"damage":2,"enemies":"3 Darklings","floor":41,"turns":3},{"damage":27,"enemies":"Nemesis","floor":42,"turns":3},{"damage":2,"enemies":"Transient","floor":45,"turns":5},{"damage":0,"enemies":"4 Shapes","floor":47,"turns":3},{"damage":15,"enemies":"Reptomancer","floor":48,"turns":4},{"damage":52,"enemies":"Awakened One","floor":50,"turns":7}],"seed_played":"4995410726424559811","potions_obtained":[{"floor":2.0,"key":"Swift Potion"},{"floor":6.0,"key":"EntropicBrew"},{"floor":8.0,"key":"StancePotion"},{"floor":10.0,"key":"DuplicationPotion"},{"floor":16.0,"key":"Block Potion"},{"floor":21,"key":"Dexterity Potion"},{"floor":27,"key":"CultistPotion"},{"floor":31,"key":"StancePotion"},{"floor":33,"key":"Energy Potion"},{"floor":36,"key":"Block Potion"},{"floor":42,"key":"Weak Potion"},{"floor":45,"key":"Swift Potion"},{"floor":48,"key":"BlessingOfTheForge"}],"is_trial":false,"path_per_floor":["M","M","$","M","?","E","R","?","T","M","M","M","$","?","R","B",null,"M","?","?","?","$","T","E","M","T","E","M","R","E","M","R","B",null,"M","?","M","?","$","R","M","E","T","R","M","$","M","E","R","B",null],"character_chosen":"WATCHER","items_purchased":["PrismaticShard","Happy Flower","Regen Potion"],"campfire_rested":3,"item_purchase_floors":[13,39,46],"current_hp_per_floor":[62,59,59,56,45,23,23,14,14,14,14,13,13,13,36,14,63,63,63,57,57,57,57,45,44,44,42,41,41,41,41,41,40,69,63,40,45,40,40,82,80,53,53,93,91,91,91,76,76,51],"gold":98,"neow_bonus":"TEN_PERCENT_HP_BONUS","is_daily":false,"chose_seed":false,"campfire_upgraded":4,"win_rate":0.0,"timestamp":1609666384,"path_taken":["M","M","$","M","?","E","R","?","T","?","M","M","$","?","R","BOSS","M","?","?","?","$","?","E","M","T","E","M","R","E","?","R","BOSS","M","?","M","?","?","R","M","E","T","R","M","$","M","E","R","BOSS"],"items_purchased_type":["Relic","Relic","Potion"],"build_version":"2020-12-22","purchased_purges":4,"victory":true,"max_hp_per_floor":[79,79,79,79,79,79,79,79,79,79,79,79,79,79,79,79,79,79,79,79,79,79,79,79,79,79,79,79,79,79,79,79,79,79,79,93,93,93,93,93,93,93,93,93,93,93,93,93,93,93],"card_choices":[{"not_picked":["Halt","Pray","Prostrate"],"picked":"SKIP","floor":1.0},{"not_picked":["FlurryOfBlows","SashWhip"],"picked":"Protect","floor":2.0},{"not_picked":["PathToVictory","MasterReality","SashWhip"],"picked":"SKIP","floor":4.0},{"not_picked":["JustLucky","Conclude"],"picked":"Collect+1","floor":6.0},{"not_picked":["FollowUp","Study"],"picked":"CrushJoints","floor":8.0},{"not_picked":["WindmillStrike","Prostrate+1"],"picked":"Ragnarok","floor":10.0},{"not_picked":["EmptyFist","PathToVictory+1"],"picked":"Crescendo+1","floor":11.0},{"not_picked":["Pray+1","Wallop"],"picked":"Worship+1","floor":12.0},{"not_picked":["Omniscience+1","Transmutation+1"],"picked":"Exhume+1","floor":16.0},{"not_picked":["Steam+1","SashWhip","Cloak And Dagger+1"],"picked":"SKIP","floor":18},{"not_picked":["Leg Sweep+1","Combust"],"picked":"Crippling Poison+1","floor":21},{"not_picked":["Halt+1","Capacitor","Evolve"],"picked":"SKIP","floor":24},{"not_picked":["Coolheaded+1","CutThroughFate","Terror+1"],"picked":"Sunder","floor":25},{"not_picked":["Slice","Burning Pact+1","Chill+1","Tactician+1"],"picked":"SKIP","floor":27},{"not_picked":["Crescendo+1","Metallicize","PiercingWail+1"],"picked":"Acrobatics+1","floor":28},{"not_picked":["Backflip+1","Adaptation+1","Rage+1"],"picked":"Noxious Fumes+1","floor":30},{"not_picked":["Infinite Blades+1","Tantrum","Beam Cell","Warcry+1"],"picked":"SKIP","floor":31},{"not_picked":["Limit Break+1","Scrawl+1","Reaper"],"picked":"Alpha+1","floor":33},{"not_picked":["Blade Dance+1","Aggregate+1","SignatureMove","Finesse+1"],"picked":"SKIP","floor":35},{"not_picked":["Warcry+1","Streamline","Burning Pact+1"],"picked":"Wireheading+1","floor":36},{"not_picked":["Rampage+1","Slice","FlurryOfBlows"],"picked":"Meditate+1","floor":37},{"not_picked":["Anger","Dark Shackles+1","Expertise+1","Steam Power+1"],"picked":"SKIP","floor":41},{"not_picked":["Masterful Stab+1","Steam+1","Bane+1","ThirdEye+1"],"picked":"SKIP","floor":42},{"not_picked":["Streamline","Prostrate+1","CutThroughFate+1"],"picked":"Disarm+1","floor":45},{"not_picked":["Acrobatics+1","Flex+1","Chrysalis+1"],"picked":"Shockwave+1","floor":47},{"not_picked":["Acrobatics+1","Burning Pact+1","Steam Power+1"],"picked":"DeusExMachina+1","floor":48}],"player_experience":784171,"relics_obtained":[{"floor":6.0,"key":"Toxic Egg 2"},{"floor":8.0,"key":"Odd Mushroom"},{"floor":9.0,"key":"Matryoshka"},{"floor":21,"key":"Red Mask"},{"floor":23,"key":"Regal Pillow"},{"floor":23,"key":"Meat on the Bone"},{"floor":24,"key":"Question Card"},{"floor":26,"key":"Pen Nib"},{"floor":26,"key":"Letter Opener"},{"floor":27,"key":"Bag of Preparation"},{"floor":30,"key":"Frozen Egg 2"},{"floor":36,"key":"Mango"},{"floor":42,"key":"Potion Belt"},{"floor":48,"key":"Bottled Flame"}],"event_choices":[{"damage_healed":0.0,"max_hp_gain":0.0,"max_hp_loss":0.0,"gold_gain":75.0,"event_name":"World of Goop","player_choice":"Gather Gold","floor":5.0,"gold_loss":0.0,"damage_taken":11.0},{"damage_healed":0.0,"max_hp_gain":0.0,"max_hp_loss":0.0,"gold_gain":0.0,"event_name":"Mushrooms","player_choice":"Fought Mushrooms","floor":8.0,"gold_loss":0.0,"damage_taken":0.0},{"cards_removed":["Strike_P"],"damage_healed":0.0,"max_hp_gain":0.0,"max_hp_loss":0.0,"gold_gain":0.0,"event_name":"Living Wall","player_choice":"Forget","floor":14.0,"gold_loss":0.0,"damage_taken":0.0},{"damage_healed":0,"gold_gain":0,"player_choice":"Ignored","damage_taken":0,"max_hp_gain":0,"max_hp_loss":0,"event_name":"Ghosts","floor":19,"gold_loss":0},{"damage_healed":0,"gold_gain":0,"player_choice":"Joined the Cult","damage_taken":6,"max_hp_gain":0,"max_hp_loss":0,"event_name":"Nest","floor":20,"gold_loss":0,"cards_obtained":["RitualDagger"]},{"damage_healed":0,"gold_gain":0,"player_choice":"Fought Bandits","damage_taken":0,"max_hp_gain":0,"max_hp_loss":0,"event_name":"Masked Bandits","floor":21,"gold_loss":0},{"damage_healed":0,"gold_gain":0,"player_choice":"Fight","damage_taken":0,"max_hp_gain":0,"max_hp_loss":0,"event_name":"Mysterious Sphere","floor":36,"gold_loss":0},{"damage_healed":0,"gold_gain":0,"player_choice":"Memory 2","damage_taken":5,"max_hp_gain":0,"max_hp_loss":0,"event_name":"SensoryStone","floor":38,"gold_loss":0}],"is_beta":false,"boss_relics":[{"not_picked":["Runic Dome","Black Star"],"picked":"Snecko Eye"},{"not_picked":["VioletLotus","Philosopher\u0027s Stone"],"picked":"Empty Cage"}],"items_purged_floors":[3,13,22,39],"is_endless":false,"potions_floor_spawned":[2,6,8,10,16,21,27,31,33,36,42,45,48],"ascension_level":12}}