{"host":"5jyeqch4fosnsiz2","time":1609639947,"event":{"mods":["BaseMod","Bestiary","Colored Map","Colored Powertips","Filter the Spire","Minty Spire (QoL Compilation)","Relic Stats","StSLib","Waifu the Spire","ojb\u0027s Better Paths Mod","ojb\u0027s Info Mod"],"gold_per_floor":[119,132,132,63,63,63,74,93,117,117,131,131,164,174,174,174,174],"floor_reached":16,"playtime":575,"items_purged":[],"score":127,"play_id":"29cb612a-2c99-4bf9-b807-36e9b5c6b219","local_time":"20210102211227","is_ascension_mode":false,"campfire_choices":[{"data":"Rage","floor":6,"key":"SMITH"},{"data":"Entrench","floor":12,"key":"SMITH"},{"data":"Spot Weakness","floor":15,"key":"SMITH"}],"circlet_count":0,"master_deck":["Strike_R","Strike_R","Strike_R","Strike_R","Defend_R","Defend_R","Defend_R","Bash","Entrench+1","Cleave","Shrug It Off","Rage+1","Flex","Flame Barrier","Seeing Red","Spot Weakness+1"],"relics":["Burning Blood","Boot","Vajra"],"acts_visited":["Exordium"],"potions_floor_usage":[2,13,14],"damage_taken":[{"damage":8,"enemies":"Small Slimes","floor":1,"turns":4},{"damage":1,"enemies":"2 Louse","floor":2,"turns":2},{"damage":0,"enemies":"Cultist","floor":7,"turns":3},{"damage":0,"enemies":"Blue Slaver","floor":8,"turns":4},{"damage":6,"enemies":"Red Slaver","floor":11,"turns":5},{"damage":71,"enemies":"Gremlin Nob","floor":13,"turns":8},{"damage":6,"enemies":"Gremlin Gang","floor":14,"turns":3},{"damage":34,"enemies":"Hexaghost","floor":16,"turns":9}],"seed_played":"-7471089448064018716","potions_obtained":[{"floor":1,"key":"AttackPotion"},{"floor":11,"key":"SpeedPotion"},{"floor":13,"key":"Explosive Potion"}],"is_trial":false,"path_per_floor":["M","M","?","$","?","R","M","M","T","?","M","R","E","M","R","B"],"character_chosen":"IRONCLAD","items_purchased":["Rage"],"campfire_rested":0,"item_purchase_floors":[4],"current_hp_per_floor":[70,75,75,75,75,75,81,87,87,96,96,96,31,31,31,0,0],"gold":174,"neow_bonus":"TWENTY_PERCENT_HP_BONUS","is_daily":false,"chose_seed":false,"campfire_upgraded":3,"win_rate":0.0,"timestamp":1609639947,"path_taken":["M","M","?","$","?","R","M","?","T","?","?","R","E","?","R","BOSS"],"items_purchased_type":["Card"],"build_version":"2020-12-22","purchased_purges":0,"victory":false,"max_hp_per_floor":[96,96,96,96,96,96,96,96,96,96,96,96,96,96,96,96,96],"relic_stats":{"counters":[8,38],"Boot":[0],"obtain_stats":[{"Vajra":13,"Boot":9,"Burning Blood":0},{"Vajra":6,"Boot":4,"Burning Blood":0},{"Vajra":26,"Boot":13,"Burning Blood":0}],"Burning Blood":42},"card_choices":[{"not_picked":["Clothesline","Dark Embrace"],"picked":"Entrench","floor":1},{"not_picked":["Clothesline","True Grit"],"picked":"Cleave","floor":2},{"not_picked":["Blood for Blood","Pummel"],"picked":"Rampage","floor":7},{"not_picked":["Blood for Blood","Perfected Strike"],"picked":"Flame Barrier","floor":8},{"not_picked":["Burning Pact","Whirlwind"],"picked":"Seeing Red","floor":11},{"not_picked":["Flame Barrier","Sword Boomerang","Thunderclap"],"picked":"SKIP","floor":13},{"not_picked":["Clash","Power Through"],"picked":"Spot Weakness","floor":14}],"player_experience":287543,"relics_obtained":[{"floor":9,"key":"Boot"},{"floor":13,"key":"Vajra"}],"event_choices":[{"damage_healed":0,"gold_gain":0,"cards_transformed":["Strike_R"],"player_choice":"Change","damage_taken":0,"max_hp_gain":0,"max_hp_loss":0,"event_name":"Living Wall","floor":3,"gold_loss":0,"cards_obtained":["Shrug It Off"]},{"damage_healed":0,"gold_gain":0,"cards_transformed":["Defend_R"],"player_choice":"Transformed","damage_taken":0,"max_hp_gain":0,"max_hp_loss":0,"event_name":"Transmorgrifier","floor":5,"gold_loss":0,"cards_obtained":["Flex"]},{"cards_removed":["Rampage"],"damage_healed":9,"gold_gain":0,"player_choice":"Offered Uncommon","damage_taken":0,"max_hp_gain":0,"max_hp_loss":0,"event_name":"Bonfire Elementals","floor":10,"gold_loss":0}],"is_beta":false,"boss_relics":[],"items_purged_floors":[],"is_endless":false,"potions_floor_spawned":[1,11,13],"killed_by":"Hexaghost","ascension_level":0}}