{"host":"w9yruvs4bqht6bhw","time":1609715981,"event":{"mods":["BaseMod","Colored Powertips","Minty Spire (QoL Compilation)"],"gold_per_floor":[114,129,143,158,2,30,30,59,59,59,91,141,153,153,153,253,253,270,270,283,18,18,18,18],"floor_reached":23,"playtime":1181,"items_purged":["Strike_P"],"score":248,"play_id":"e2e99855-9561-499b-ac5b-b09c32d7f147","local_time":"20210103181941","is_ascension_mode":true,"campfire_choices":[{"data":"ReachHeaven","floor":7,"key":"SMITH"},{"data":"JustLucky","floor":10,"key":"SMITH"},{"floor":15,"key":"REST"}],"circlet_count":0,"master_deck":["Strike_P","Strike_P","Strike_P","Defend_P","Defend_P","Defend_P","Defend_P","Eruption+1","Vigilance","DeusExMachina","CutThroughFate","Perseverance","JustLucky+1","ReachHeaven+1","Worship","DeceiveReality","InnerPeace","Brilliance","Evaluate+1","Brilliance"],"relics":["PureWater","PreservedInsect","Lizard Tail","Ancient Tea Set","Darkstone Periapt","Eternal Feather","VioletLotus","Pantograph"],"acts_visited":["Exordium","TheCity"],"potions_floor_usage":[6,13,14,23],"damage_taken":[{"damage":0,"enemies":"Small Slimes","floor":1,"turns":3},{"damage":0,"enemies":"Cultist","floor":2,"turns":4},{"damage":0,"enemies":"2 Louse","floor":3,"turns":1},{"damage":7,"enemies":"Looter","floor":4,"turns":4},{"damage":13,"enemies":"3 Sentries","floor":6,"turns":12},{"damage":0,"enemies":"Gremlin Nob","floor":8,"turns":2},{"damage":23,"enemies":"Lagavulin","floor":11,"turns":4},{"damage":0,"enemies":"2 Fungi Beasts","floor":13,"turns":2},{"damage":2,"enemies":"Lots of Slimes","floor":14,"turns":3},{"damage":19,"enemies":"The Guardian","floor":16,"turns":13},{"damage":0,"enemies":"Chosen","floor":18,"turns":4},{"damage":0,"enemies":"Shell Parasite","floor":20,"turns":3},{"damage":57,"enemies":"Book of Stabbing","floor":23,"turns":8}],"seed_played":"2245139413024049795","potions_obtained":[{"floor":3,"key":"Ambrosia"},{"floor":4,"key":"SmokeBomb"},{"floor":11,"key":"SkillPotion"},{"floor":18,"key":"SpeedPotion"}],"is_trial":false,"path_per_floor":["M","M","M","M","$","E","R","E","T","R","E","?","M","M","R","B",null,"M","?","M","$","T","E"],"character_chosen":"WATCHER","items_purchased":["PreservedInsect","Brilliance","Dexterity Potion"],"campfire_rested":1,"item_purchase_floors":[5,21,21],"current_hp_per_floor":[72,72,72,65,65,52,52,52,52,52,29,29,29,27,57,38,72,72,72,72,72,72,15,15],"gold":18,"neow_bonus":"ONE_RANDOM_RARE_CARD","is_daily":false,"chose_seed":false,"campfire_upgraded":2,"win_rate":0.0,"timestamp":1609715981,"path_taken":["M","M","M","M","$","E","R","E","T","R","E","?","M","M","R","BOSS","M","?","?","$","?","E"],"items_purchased_type":["Relic","Card","Potion"],"build_version":"2020-12-22","purchased_purges":1,"victory":false,"max_hp_per_floor":[72,72,72,72,72,72,72,72,72,72,72,72,72,72,72,72,72,72,72,72,72,72,72,72],"card_choices":[{"not_picked":["FollowUp","Nirvana"],"picked":"CutThroughFate","floor":1},{"not_picked":["WheelKick","CutThroughFate","Collect"],"picked":"SKIP","floor":2},{"not_picked":["Halt","FlurryOfBlows"],"picked":"Perseverance","floor":3},{"not_picked":["PathToVictory","EmptyBody"],"picked":"JustLucky","floor":4},{"not_picked":["Blasphemy","CutThroughFate"],"picked":"ReachHeaven","floor":6},{"not_picked":["Wallop","EmptyFist"],"picked":"Worship","floor":8},{"not_picked":["Wireheading","CrushJoints"],"picked":"DeceiveReality","floor":11},{"not_picked":["CrushJoints","ThirdEye"],"picked":"InnerPeace","floor":13},{"not_picked":["SpiritShield","ConjureBlade"],"picked":"Brilliance","floor":16},{"not_picked":["Meditate","CutThroughFate+1"],"picked":"Evaluate+1","floor":18},{"not_picked":["SashWhip","Crescendo","Tantrum"],"picked":"SKIP","floor":20}],"player_experience":304765,"relics_obtained":[{"floor":6,"key":"Lizard Tail"},{"floor":8,"key":"Ancient Tea Set"},{"floor":9,"key":"Darkstone Periapt"},{"floor":11,"key":"Eternal Feather"},{"floor":22,"key":"Pantograph"}],"event_choices":[{"damage_healed":0,"gold_gain":50,"player_choice":"Gained Gold","damage_taken":0,"max_hp_gain":0,"max_hp_loss":0,"event_name":"Golden Wing","floor":12,"gold_loss":0},{"damage_healed":0,"gold_gain":0,"player_choice":"Forge","damage_taken":0,"max_hp_gain":0,"max_hp_loss":0,"event_name":"Accursed Blacksmith","floor":19,"gold_loss":0,"cards_upgraded":["Eruption"]}],"is_beta":false,"boss_relics":[{"not_picked":["Pandora\u0027s Box","Fusion Hammer"],"picked":"VioletLotus"}],"items_purged_floors":[21],"is_endless":false,"potions_floor_spawned":[3,4,11,14,18],"killed_by":"Book of Stabbing","ascension_level":1}}