{"host":"9l4mw5jqza9qz9hr","time":1609669272,"event":{"mods":["AchievementEnabler","Always Whale","BaseMod","Colored Map","Minty Spire (QoL Compilation)","StSLib","SuperFastMode"],"gold_per_floor":[110,110,110,125,141,176,176,201,228,228,258,258,130,147,147,250,250,260,260,93,192,206,232,157,157,182,182,207,221,246,260,260,260,260],"floor_reached":33,"playtime":2208,"items_purged":["Strike_R","Strike_R"],"score":389,"play_id":"85b1a0f8-85b6-4ffe-a839-10d735a325fc","local_time":"20210103192112","is_ascension_mode":true,"campfire_choices":[{"data":"Armaments","floor":7.0,"key":"SMITH"},{"data":"Rampage","floor":10.0,"key":"SMITH"},{"data":"Blood for Blood","floor":12.0,"key":"SMITH"},{"data":"Body Slam","floor":15.0,"key":"SMITH"},{"data":"Exhume","floor":25,"key":"SMITH"},{"data":"Impervious","floor":32,"key":"SMITH"}],"circlet_count":0,"master_deck":["Defend_R","Defend_R","Defend_R","Defend_R","Bash","Cleave+1","Blood for Blood+1","Armaments+1","Rampage+1","Impervious+1","Body Slam+1","Shrug It Off","Exhume+1","Flame Barrier","Feel No Pain+1","Decay","True Grit","Sentinel+1","Power Through+1"],"relics":["Burning Blood","Turnip","Oddly Smooth Stone","Bag of Preparation","Orichalcum","Darkstone Periapt","Cursed Key","Paper Frog","Omamori","Gremlin Horn","Meat on the Bone","Ancient Tea Set"],"acts_visited":["Exordium","TheCity"],"potions_floor_usage":[23,28,30,33],"damage_taken":[{"damage":9.0,"enemies":"2 Louse","floor":1.0,"turns":3.0},{"damage":0.0,"enemies":"Small Slimes","floor":4.0,"turns":2.0},{"damage":0.0,"enemies":"Cultist","floor":5.0,"turns":3.0},{"damage":25.0,"enemies":"3 Sentries","floor":6.0,"turns":6.0},{"damage":19.0,"enemies":"Lagavulin","floor":8.0,"turns":7.0},{"damage":0.0,"enemies":"Looter","floor":14.0,"turns":1.0},{"damage":19.0,"enemies":"The Guardian","floor":16.0,"turns":11.0},{"damage":0,"enemies":"2 Thieves","floor":18,"turns":4},{"damage":0,"enemies":"Chosen","floor":22,"turns":4},{"damage":46,"enemies":"Book of Stabbing","floor":23,"turns":6},{"damage":33,"enemies":"Slavers","floor":28,"turns":6},{"damage":15,"enemies":"Snake Plant","floor":29,"turns":6},{"damage":18,"enemies":"Gremlin Leader","floor":30,"turns":7},{"damage":0,"enemies":"Centurion and Healer","floor":31,"turns":9},{"damage":55,"enemies":"Collector","floor":33,"turns":10}],"seed_played":"6046911921233361246","potions_obtained":[{"floor":1.0,"key":"Explosive Potion"},{"floor":6.0,"key":"BlessingOfTheForge"},{"floor":16.0,"key":"Regen Potion"},{"floor":29,"key":"SpeedPotion"},{"floor":30,"key":"Strength Potion"}],"is_trial":false,"path_per_floor":["M","?","?","M","M","E","R","E","T","R","?","R","$","M","R","B",null,"M","?","$","?","M","E","?","R","T","T","E","M","E","M","R","B"],"character_chosen":"IRONCLAD","items_purchased":["Body Slam","Flame Barrier"],"campfire_rested":0,"item_purchase_floors":[13,20],"current_hp_per_floor":[53,46,46,52,58,39,39,26,26,26,26,26,26,32,32,19,65,71,71,71,71,77,37,37,37,43,43,31,34,34,52,52,0,0],"gold":260,"neow_bonus":"ONE_RARE_RELIC","is_daily":false,"chose_seed":false,"campfire_upgraded":6,"win_rate":0.0,"timestamp":1609669272,"path_taken":["M","?","?","?","M","E","R","E","T","R","?","R","$","M","R","BOSS","M","?","?","?","M","E","?","R","T","?","E","M","E","M","R","BOSS"],"items_purchased_type":["Card","Card"],"build_version":"2020-12-22","purchased_purges":2,"victory":false,"max_hp_per_floor":[80,80,80,80,80,80,80,80,80,80,80,80,80,80,80,80,80,80,80,80,80,80,80,80,80,86,86,86,86,86,86,86,86,86],"card_choices":[{"not_picked":["Iron Wave","Warcry"],"picked":"Cleave","floor":1.0},{"not_picked":["Anger","Metallicize"],"picked":"Blood for Blood","floor":4.0},{"not_picked":["Shrug It Off","Seeing Red"],"picked":"Armaments","floor":5.0},{"not_picked":["Heavy Blade","Anger"],"picked":"Rampage","floor":6.0},{"not_picked":["Disarm","Headbutt"],"picked":"Impervious","floor":8.0},{"not_picked":["Pummel","Perfected Strike"],"picked":"Shrug It Off","floor":14.0},{"not_picked":["Fiend Fire","Berserk"],"picked":"Exhume","floor":16.0},{"not_picked":["Anger+1","Whirlwind+1","Sword Boomerang"],"picked":"SKIP","floor":18},{"not_picked":["Dropkick","Rage"],"picked":"Feel No Pain+1","floor":22},{"not_picked":["Rupture","Blood for Blood","Perfected Strike"],"picked":"SKIP","floor":23},{"not_picked":["Twin Strike","Combust+1"],"picked":"True Grit","floor":28},{"not_picked":["Rage+1","Heavy Blade+1","Clash"],"picked":"SKIP","floor":29},{"not_picked":["Twin Strike","Perfected Strike"],"picked":"Sentinel+1","floor":30},{"not_picked":["Iron Wave+1","Flex"],"picked":"Power Through+1","floor":31}],"player_experience":151277,"relics_obtained":[{"floor":6.0,"key":"Oddly Smooth Stone"},{"floor":8.0,"key":"Bag of Preparation"},{"floor":9.0,"key":"Orichalcum"},{"floor":23,"key":"Paper Frog"},{"floor":26,"key":"Omamori"},{"floor":27,"key":"Gremlin Horn"},{"floor":28,"key":"Meat on the Bone"},{"floor":30,"key":"Ancient Tea Set"}],"event_choices":[{"cards_removed":["Strike_R"],"damage_healed":0.0,"max_hp_gain":0.0,"max_hp_loss":0.0,"gold_gain":0.0,"event_name":"Golden Wing","player_choice":"Card Removal","floor":2.0,"gold_loss":0.0,"damage_taken":7.0},{"damage_healed":0.0,"max_hp_gain":0.0,"max_hp_loss":0.0,"gold_gain":0.0,"event_name":"Upgrade Shrine","player_choice":"Upgraded","floor":3.0,"gold_loss":0.0,"damage_taken":0.0,"cards_upgraded":["Cleave"]},{"damage_healed":0.0,"max_hp_gain":0.0,"max_hp_loss":0.0,"gold_gain":30.0,"event_name":"Dead Adventurer","player_choice":"Searched \u00272\u0027 times","floor":11.0,"gold_loss":0.0,"damage_taken":0.0,"relics_obtained":["Darkstone Periapt"]},{"cards_removed":["Strike_R"],"damage_healed":0,"gold_gain":0,"player_choice":"Elegance","damage_taken":0,"max_hp_gain":0,"max_hp_loss":0,"event_name":"Back to Basics","floor":19,"gold_loss":0},{"damage_healed":0,"gold_gain":99,"player_choice":"Stole From Cult","damage_taken":0,"max_hp_gain":0,"max_hp_loss":0,"event_name":"Nest","floor":21,"gold_loss":0},{"cards_removed":["Strike_R"],"damage_healed":0,"gold_gain":0,"player_choice":"Gave Gold","damage_taken":0,"max_hp_gain":0,"max_hp_loss":0,"event_name":"Beggar","floor":24,"gold_loss":75}],"is_beta":false,"boss_relics":[{"not_picked":["Black Blood","Snecko Eye"],"picked":"Cursed Key"}],"items_purged_floors":[13,20],"is_endless":false,"potions_floor_spawned":[1,6,16,29,30],"killed_by":"Collector","ascension_level":5}}