{"host":"ayh4nqhr0ddw4ozv","time":1609649482,"event":{"mods":["BaseMod","Minty Spire (QoL Compilation)","Relic Stats","Replay The Spire","Robot Space Explorer","StSLib"],"gold_per_floor":[109,127,142,142,157,157,171,205,231,231,231,231,249,249,284,296,296,370,420,436,158,172,172,42,42,74,74,151,180,194,244,244,244],"floor_reached":32,"playtime":1534,"items_purged":["RobotSpaceExplorer:Strike","RobotSpaceExplorer:Strike"],"score":522,"play_id":"86787b10-dd95-4f60-98df-5a16bf8b4d09","local_time":"20210102205122","is_ascension_mode":true,"campfire_choices":[{"data":"RobotSpaceExplorer:HighVoltage","floor":6,"key":"SMITH"},{"floor":12,"key":"REST"},{"data":"RobotSpaceExplorer:SurgingStrike","floor":14,"key":"SMITH"},{"floor":17,"key":"REST"},{"data":"RobotSpaceExplorer:ToxicBomb","floor":25,"key":"SMITH"},{"data":"RobotSpaceExplorer:Blaster","floor":27,"key":"SMITH"}],"circlet_count":0,"master_deck":["AscendersBane","RobotSpaceExplorer:Strike+1","RobotSpaceExplorer:Strike+1","RobotSpaceExplorer:Defend","RobotSpaceExplorer:Defend","RobotSpaceExplorer:Defend","RobotSpaceExplorer:Defend","RobotSpaceExplorer:Scan","RobotSpaceExplorer:MiniLasers","RobotSpaceExplorer:MiniLasers+1","RobotSpaceExplorer:Scan","RobotSpaceExplorer:HighVoltage+1","RobotSpaceExplorer:MiniDrones","RobotSpaceExplorer:SurgingStrike+1","RobotSpaceExplorer:SelfCleaning","RobotSpaceExplorer:TrailblazerForm","RobotSpaceExplorer:ShockMissile","RobotSpaceExplorer:Blaster+1","RobotSpaceExplorer:Fix","RobotSpaceExplorer:ScrapToss","RobotSpaceExplorer:ToxicBomb+1","RobotSpaceExplorer:FreezeRay","RobotSpaceExplorer:Smokescreen+1"],"relics":["RobotSpaceExplorer:RoboCore","Orichalcum","Boot","Whetstone","Tiny House","Blue Doll","Matryoshka","Lantern","Replay:Wax Seal","Mummified Hand","Happy Flower"],"acts_visited":["Exordium","TheCity"],"potions_floor_usage":[7,8,22,26,26,29],"damage_taken":[{"damage":0,"enemies":"2 Louse","floor":1,"turns":1},{"damage":4,"enemies":"Cultist","floor":2,"turns":4},{"damage":0,"enemies":"Jaw Worm","floor":3,"turns":3},{"damage":0,"enemies":"Exordium Wildlife","floor":5,"turns":2},{"damage":3,"enemies":"Lots of Slimes","floor":7,"turns":3},{"damage":41,"enemies":"Lagavulin","floor":8,"turns":8},{"damage":1,"enemies":"Blue Slaver","floor":13,"turns":2},{"damage":8,"enemies":"Gremlin Nob","floor":15,"turns":5},{"damage":6,"enemies":"Exordium Thugs","floor":16,"turns":2},{"damage":8,"enemies":"Fading Forest","floor":18,"turns":11},{"damage":19,"enemies":"Spheric Guardian","floor":20,"turns":4},{"damage":13,"enemies":"2 Thieves","floor":22,"turns":3},{"damage":20,"enemies":"Slavers","floor":26,"turns":4},{"damage":21,"enemies":"Book of Stabbing","floor":29,"turns":5},{"damage":3,"enemies":"Cultist and Chosen","floor":30,"turns":4},{"damage":4,"enemies":"3 Cultists","floor":32,"turns":2}],"seed_played":"-6876374109314573575","potions_obtained":[{"floor":1,"key":"Block Potion"},{"floor":2,"key":"Block Potion"},{"floor":7,"key":"Swift Potion"},{"floor":16,"key":"ColorlessPotion"},{"floor":19,"key":"RobotSpaceExplorer:LiquidFusion"},{"floor":22,"key":"Block Potion"},{"floor":26,"key":"ColorlessPotion"}],"is_trial":false,"path_per_floor":["M","M","M","?","M","R","M","E","T","PTL","PTL","R","M","R","E","M","R","B",null,"M","$","M","T","$","R","E","R","T","E","M","?","M"],"character_chosen":"RobotSpaceExplorer","items_purchased":["Blue Doll","RobotSpaceExplorer:ScrapToss","RobotSpaceExplorer:FreezeRay"],"campfire_rested":2,"item_purchase_floors":[21,21,24],"current_hp_per_floor":[64,60,60,60,60,60,57,16,16,16,16,37,36,36,28,22,43,35,67,52,52,39,39,39,39,23,23,23,6,3,3,0,0],"gold":244,"neow_bonus":"THREE_RARE_CARDS","is_daily":false,"chose_seed":false,"campfire_upgraded":4,"win_rate":0.0,"timestamp":1609649482,"path_taken":["M","M","M","?","M","R","M","E","T","PTL","PTL","R","M","R","E","M","R","BOSS","M","$","M","?","?","R","E","R","T","E","M","?","M"],"items_purchased_type":["Relic","Card","Card"],"build_version":"2020-12-22","purchased_purges":2,"victory":false,"max_hp_per_floor":[71,71,71,71,71,71,71,71,71,71,71,71,71,71,71,71,71,71,76,76,76,76,76,76,76,76,76,76,76,76,76,76,76],"relic_stats":{"Happy Flower":[2],"counters":[16,63],"Mummified Hand":[4],"Whetstone":["RobotSpaceExplorer:MiniLasers","RobotSpaceExplorer:Strike"],"Orichalcum":[66],"Boot":[192],"obtain_stats":[{"Lantern":26,"Tiny House":19,"Matryoshka":23,"Happy Flower":29,"Mummified Hand":28,"RobotSpaceExplorer:RoboCore":0,"Blue Doll":21,"Whetstone":15,"Orichalcum":8,"Replay:Wax Seal":28,"Boot":9},{"Lantern":13,"Tiny House":10,"Matryoshka":12,"Happy Flower":14,"Mummified Hand":13,"RobotSpaceExplorer:RoboCore":0,"Blue Doll":11,"Whetstone":8,"Orichalcum":6,"Replay:Wax Seal":13,"Boot":6},{"Lantern":52,"Tiny House":41,"Matryoshka":48,"Happy Flower":57,"Mummified Hand":52,"RobotSpaceExplorer:RoboCore":0,"Blue Doll":45,"Whetstone":28,"Orichalcum":21,"Replay:Wax Seal":52,"Boot":21}]},"card_choices":[{"not_picked":["RobotSpaceExplorer:ShockMissile","RobotSpaceExplorer:Scanner"],"picked":"RobotSpaceExplorer:HighVoltage","floor":0},{"not_picked":["RobotSpaceExplorer:MakeshiftVolley","RobotSpaceExplorer:Reload"],"picked":"RobotSpaceExplorer:MiniDrones","floor":1},{"not_picked":["RobotSpaceExplorer:GlueShot","RobotSpaceExplorer:SlimeMissile","RobotSpaceExplorer:MiniDrones"],"picked":"SKIP","floor":2},{"not_picked":["RobotSpaceExplorer:Calculate","RobotSpaceExplorer:Electroshield","RobotSpaceExplorer:GlueShot"],"picked":"SKIP","floor":3},{"not_picked":["RobotSpaceExplorer:SelfCleaning","RobotSpaceExplorer:StarDust"],"picked":"RobotSpaceExplorer:SurgingStrike","floor":5},{"not_picked":["RobotSpaceExplorer:Reload","RobotSpaceExplorer:Calculate","RobotSpaceExplorer:FrostMissile"],"picked":"SKIP","floor":7},{"not_picked":["RobotSpaceExplorer:Ammunition","RobotSpaceExplorer:MetalStrike"],"picked":"RobotSpaceExplorer:SelfCleaning","floor":8},{"not_picked":["RobotSpaceExplorer:GlueShot","RobotSpaceExplorer:SurgingShield"],"picked":"RobotSpaceExplorer:TrailblazerForm","floor":13},{"not_picked":["RobotSpaceExplorer:Ammunition","RobotSpaceExplorer:ImprovisedAttack"],"picked":"RobotSpaceExplorer:ShockMissile","floor":15},{"not_picked":["RobotSpaceExplorer:LuckyStrike","RobotSpaceExplorer:ScrapMissile","RobotSpaceExplorer:ExhaustFan"],"picked":"SKIP","floor":16},{"not_picked":["RobotSpaceExplorer:ShockMissile","RobotSpaceExplorer:ChargingLaser"],"picked":"RobotSpaceExplorer:Blaster","floor":18},{"not_picked":["RobotSpaceExplorer:ShockKick","RobotSpaceExplorer:SurgingShield"],"picked":"RobotSpaceExplorer:Fix","floor":19},{"not_picked":["RobotSpaceExplorer:SlimeMissile","RobotSpaceExplorer:ExhaustFan","RobotSpaceExplorer:DoubleBlock"],"picked":"SKIP","floor":20},{"not_picked":["RobotSpaceExplorer:Calculate","RobotSpaceExplorer:MetalStrike"],"picked":"RobotSpaceExplorer:ToxicBomb","floor":22},{"not_picked":["RobotSpaceExplorer:SwiftStep+1","RobotSpaceExplorer:ScrapMissile","RobotSpaceExplorer:ShovelStrike"],"picked":"SKIP","floor":26},{"not_picked":["RobotSpaceExplorer:JunkDive","RobotSpaceExplorer:MakeshiftVolley"],"picked":"RobotSpaceExplorer:Smokescreen+1","floor":29},{"not_picked":["RobotSpaceExplorer:Reload","RobotSpaceExplorer:ShovelStrike","RobotSpaceExplorer:Pulsar"],"picked":"SKIP","floor":30}],"player_experience":283453,"relics_obtained":[{"floor":8,"key":"Orichalcum"},{"floor":9,"key":"Boot"},{"floor":15,"key":"Whetstone"},{"floor":23,"key":"Matryoshka"},{"floor":26,"key":"Lantern"},{"floor":28,"key":"Replay:Wax Seal"},{"floor":28,"key":"Mummified Hand"},{"floor":29,"key":"Happy Flower"}],"event_choices":[{"damage_healed":0,"gold_gain":0,"player_choice":"Got Potions","damage_taken":0,"max_hp_gain":0,"max_hp_loss":0,"event_name":"Lab","floor":4,"gold_loss":0},{"damage_healed":0,"gold_gain":50,"player_choice":"Stole From Cult","damage_taken":0,"max_hp_gain":0,"max_hp_loss":0,"event_name":"Nest","floor":31,"gold_loss":0}],"is_beta":false,"boss_relics":[{"not_picked":["Replay:Drink Me","SlaversCollar"],"picked":"Tiny House"}],"items_purged_floors":[21,24],"is_endless":false,"potions_floor_spawned":[1,2,3,7,16,20,22,26],"killed_by":"3 Cultists","ascension_level":16}}