{"host":"5gusigds1c3jyr99","time":1609653942,"event":{"mods":["AchievementEnabler","Arknights The Spire","Astrologer","BaseMod","ChefMod","GungeonMod","Hermit","Marisa£¨Ùöéë¡¡Øª×âÞÞ£©","Minty Spire (QoL Compilation)","Permanent Neow","Replay The Spire","StSLib","The Bug Knight","The Cursed","The Death Knight","The Disciple","The Dragon Tamer","The Hierophant","The Jungle","The Poker Player","The Senshi","TheBandit"],"gold_per_floor":[111,186,206,16,34,34,65,84,84,84,84,84,84,95,95,190,190,201,235,261,261,261,261,296,296,346,346,346,28,28,88,88,211,211,245,279,55,90,121,157,197,228,251,289,373,385,41,69,69,69,69,69,23,48,48],"floor_reached":56,"playtime":7292,"items_purged":["Strike_MRS","Defend_MRS","Strike_MRS","Strike_MRS"],"score":1199,"play_id":"1c367b5d-6e84-4630-9632-bab3b22da638","local_time":"20210103150542","is_ascension_mode":false,"campfire_choices":[{"data":"EscapeVelocity","floor":6,"key":"SMITH"},{"data":"IllusionStar","floor":10,"key":"SMITH"},{"data":"StarDustReverie","floor":13,"key":"SMITH"},{"data":"EnergyFlow","floor":15,"key":"SMITH"},{"floor":23,"key":"REST"},{"floor":25,"key":"RECALL"},{"floor":32,"key":"REST"},{"floor":46,"key":"REST"},{"floor":49,"key":"REST"},{"floor":52,"key":"REST"}],"circlet_count":0,"master_deck":["Defend_MRS","Defend_MRS","Defend_MRS","MasterSpark","UpSweep","StarDustReverie+1","IllusionStar+1","StarBarrage","EscapeVelocity+1","SatelliteIllusion","EnergyFlow+1","MillisecondPulsars","WitchOfGreed","RitualDagger+1","DarkMatter","Necronomicurse","IllusionStar","Apotheosis","6A+1","BlazingStar","SporeBomb+1","ManaConvection+1","6A","EnergyFlow","EventHorizon","BinaryStars","PropBag+1","GalacticHalo","Pot Of Greed","Pot Of Greed","Pot Of Greed","MachineGunSpark+1","MysteriousBeam+1","IllusionStar"],"relics":["MiniHakkero","Mummified Hand","DemoMod:GnawedKey","DemoMod:NanoMachines","Incense Burner","Fusion Hammer","Necronomicon","FaceOfCleric","Pear","Black Star","CaptainsWheel","Snack Pack","MawBank","CatCart","Grinning Jar","DemoMod:BigBoy","StrikeDummy"],"acts_visited":["Exordium","TheCity","TheBeyond","TheEnding"],"potions_floor_usage":[20,24,24,33,33,38,55,55,55],"damage_taken":[{"damage":6.0,"enemies":"Cultist","floor":1.0,"turns":3.0},{"damage":0,"enemies":"Small Slimes","floor":3,"turns":2},{"damage":0,"enemies":"Jaw Worm","floor":5,"turns":4},{"damage":11,"enemies":"Gremlin Nob","floor":7,"turns":4},{"damage":0,"enemies":"Looter","floor":8,"turns":2},{"damage":5,"enemies":"Exordium Thugs","floor":14,"turns":4},{"damage":1,"enemies":"Hexaghost","floor":16,"turns":6},{"damage":4,"enemies":"Chosen","floor":18,"turns":3},{"damage":10,"enemies":"3 Byrds","floor":19,"turns":5},{"damage":3,"enemies":"Snecko","floor":20,"turns":3},{"damage":17,"enemies":"Cultist and Chosen","floor":24,"turns":6},{"damage":3,"enemies":"Gremlin Leader","floor":31,"turns":6},{"damage":37,"enemies":"Champ","floor":33,"turns":9},{"damage":16,"enemies":"3 Shapes","floor":35,"turns":4},{"damage":10,"enemies":"3 Darklings","floor":36,"turns":6},{"damage":0,"enemies":"Transient","floor":38,"turns":5},{"damage":0,"enemies":"4 Shapes","floor":39,"turns":3},{"damage":19,"enemies":"Sphere and 2 Shapes","floor":40,"turns":4},{"damage":3,"enemies":"HollowMod:StalkingDevout","floor":41,"turns":3},{"damage":0,"enemies":"Maw","floor":42,"turns":3},{"damage":4,"enemies":"4 Shapes","floor":44,"turns":5},{"damage":19,"enemies":"Orin","floor":45,"turns":6},{"damage":0,"enemies":"Sphere and 2 Shapes","floor":48,"turns":5},{"damage":49,"enemies":"Time Eater","floor":50,"turns":6},{"damage":21,"enemies":"Shield and Spear","floor":54,"turns":5},{"damage":38,"enemies":"The Heart","floor":55,"turns":5}],"seed_played":"-7116880900399570151","potions_obtained":[{"floor":1.0,"key":"PowerPotion"},{"floor":5,"key":"DistilledChaos"},{"floor":14,"key":"DistilledChaos"},{"floor":20,"key":"BottledSpark"},{"floor":24,"key":"Regen Potion"},{"floor":31,"key":"GamblersBrew"},{"floor":33,"key":"DemoMod:LeadSkinPotion"},{"floor":33,"key":"Reflective Coating"},{"floor":35,"key":"SkillPotion"},{"floor":38,"key":"SteroidPotion"},{"floor":38,"key":"Ancient Potion"},{"floor":42,"key":"Venom Potion"}],"is_trial":false,"path_per_floor":["M","T","M","$","M","R","E","M","T","R","?","$","R","M","R","B",null,"M","M","M","?","?","R","M","R","T","?","?","$","?","E","R","B",null,"M","M","$","M","M","M","E","M","T","M","?","R","$","M","R","B",null,"R","$","E","B",null],"character_chosen":"MARISA","items_purchased":["DemoMod:GnawedKey","IllusionStar","Apotheosis","6A","EnergyFlow","Grinning Jar","MachineGunSpark+1","IllusionStar"],"campfire_rested":5,"item_purchase_floors":[4,29,29,37,37,47,47,53],"current_hp_per_floor":[69,69,69,69,69,69,58,58,58,58,58,58,58,53,53,52,75,71,61,58,52,52,74,57,57,57,57,41,41,41,49,74,53,87,72,63,63,64,65,47,45,48,48,47,35,63,63,66,95,53,98,98,98,82,49],"gold":48,"neow_bonus":"ONE_RANDOM_RARE_CARD","is_daily":false,"chose_seed":false,"campfire_upgraded":4,"win_rate":0.0,"timestamp":1609653942,"path_taken":["M","?","M","$","M","R","E","M","T","R","?","$","R","M","R","BOSS","M","M","?","?","?","R","?","R","T","?","?","$","?","E","R","BOSS","M","M","$","M","M","?","E","?","T","M","?","R","$","M","R","BOSS","R","$","E","BOSS"],"items_purchased_type":["Relic","Card","Card","Card","Card","Relic","Card","Card"],"build_version":"2020-12-22","purchased_purges":4,"victory":true,"max_hp_per_floor":[75,75,75,75,75,75,75,75,75,75,75,75,75,75,75,75,75,75,75,75,75,75,75,75,75,75,75,75,75,75,86,86,87,87,88,89,89,90,91,92,93,94,94,95,96,96,96,97,97,98,98,98,98,99,100],"card_choices":[{"not_picked":["DoubleSpark","GravityBeat"],"picked":"IllusionStar","floor":1.0},{"not_picked":["IllusionStar","GalacticHalo"],"picked":"StarBarrage","floor":3},{"not_picked":["DoubleSpark","OneTimeOff"],"picked":"EscapeVelocity","floor":5},{"not_picked":["StarlightTyphoon","AbsoluteMagnitude"],"picked":"SatelliteIllusion","floor":7},{"not_picked":["Occultation","DC","RefractionSpark"],"picked":"SKIP","floor":8},{"not_picked":["NonDirectionalLaser","Occultation"],"picked":"EnergyFlow","floor":14},{"not_picked":["CasketOfStar","BinaryStars"],"picked":"MillisecondPulsars","floor":16},{"not_picked":["Acceleration+1","MagicAbsorber"],"picked":"WitchOfGreed","floor":18},{"not_picked":["Acceleration","Orbital","WitchLeyline"],"picked":"SKIP","floor":19},{"not_picked":["WitchLeyline","OneTimeOff","GrandCross"],"picked":"SKIP","floor":20},{"not_picked":["AlicesGift","SprinkleStarSeal"],"picked":"DarkMatter","floor":24},{"not_picked":["GrandCross","CollectingQuirk"],"picked":"6A+1","floor":31},{"not_picked":["MaximisePower","AbsoluteMagnitude"],"picked":"BlazingStar","floor":33},{"not_picked":["GrandCross","DoubleSpark+1"],"picked":"SporeBomb+1","floor":35},{"not_picked":["WitchLeyline","UnstableBomb"],"picked":"ManaConvection+1","floor":36},{"not_picked":["6A+1","OneTimeOff"],"picked":"EventHorizon","floor":38},{"not_picked":["Singularity","DeepEcoloBomb"],"picked":"BinaryStars","floor":39},{"not_picked":["WitchOfGreed","Acceleration+1","AsteroidBelt"],"picked":"SKIP","floor":40},{"not_picked":["StarlightTyphoon+1","SprinkleStarSeal+1"],"picked":"PropBag+1","floor":41},{"not_picked":["MagicChant","MysteriousBeam+1","Orbital"],"picked":"SKIP","floor":42},{"not_picked":["ShootingEcho+1","NonDirectionalLaser+1"],"picked":"GalacticHalo","floor":44},{"not_picked":["MillisecondPulsars","StarlightTyphoon+1"],"picked":"MysteriousBeam+1","floor":48},{"not_picked":["GravityBeat+1","UnstableBomb","StarlightTyphoon+1"],"picked":"SKIP","floor":54}],"player_experience":582783,"relics_obtained":[{"floor":2.0,"key":"Mummified Hand"},{"floor":7,"key":"DemoMod:NanoMachines"},{"floor":9,"key":"Incense Burner"},{"floor":28,"key":"Necronomicon"},{"floor":31,"key":"Pear"},{"floor":41,"key":"CaptainsWheel"},{"floor":41,"key":"Snack Pack"},{"floor":43,"key":"MawBank"},{"floor":45,"key":"CatCart"},{"floor":54,"key":"DemoMod:BigBoy"},{"floor":54,"key":"StrikeDummy"}],"event_choices":[{"cards_removed":["Strike_MRS"],"damage_healed":0,"gold_gain":0,"player_choice":"Offered Basic","damage_taken":0,"max_hp_gain":0,"max_hp_loss":0,"event_name":"Bonfire Elementals","floor":11,"gold_loss":0},{"damage_healed":0,"gold_gain":0,"player_choice":"Joined the Cult","damage_taken":6,"max_hp_gain":0,"max_hp_loss":0,"event_name":"Nest","floor":21,"gold_loss":0,"cards_obtained":["RitualDagger"]},{"damage_healed":0,"gold_gain":0,"player_choice":"Forge","damage_taken":0,"max_hp_gain":0,"max_hp_loss":0,"event_name":"Accursed Blacksmith","floor":22,"gold_loss":0,"cards_upgraded":["RitualDagger"]},{"damage_healed":0,"gold_gain":0,"player_choice":"Ignored","damage_taken":0,"max_hp_gain":0,"max_hp_loss":0,"event_name":"Vampires","floor":27,"gold_loss":0},{"damage_healed":0,"gold_gain":0,"player_choice":"Obtained Book","damage_taken":16,"max_hp_gain":0,"max_hp_loss":0,"event_name":"Cursed Tome","floor":28,"gold_loss":0},{"damage_healed":0,"gold_gain":0,"player_choice":"Trade","damage_taken":0,"relics_obtained":["FaceOfCleric"],"max_hp_gain":0,"max_hp_loss":0,"event_name":"FaceTrader","floor":30,"gold_loss":0},{"damage_healed":0,"gold_gain":0,"player_choice":"Fight","damage_taken":0,"max_hp_gain":0,"max_hp_loss":0,"event_name":"OrinTheCat","floor":45,"gold_loss":0}],"is_beta":false,"boss_relics":[{"not_picked":["ChewingGum","Busted Crown"],"picked":"Fusion Hammer"},{"not_picked":["Replay:Bronze Core","Sozu"],"picked":"Black Star"}],"items_purged_floors":[4,29,37,47],"is_endless":false,"potions_floor_spawned":[1,5,14,19,33,38,42,44],"ascension_level":0}}