{"host":"38maufg2dcy7va3m","time":1609633708,"event":{"mods":["Act Like it!","BaseMod","Downfall","Hubris","Infinite Spire","Minty Spire (QoL Compilation)","Replay The Spire","StSLib","The Bug Knight","The Cursed","The Hierophant"],"gold_per_floor":[119,119,35,45,0,18,18,18,18,56,56,75,103,124,124,238,238,242,15,15,50,50,50,83,108,108,142,142,165,165,24,24,144,144,173,14,45,73,73,102,102,132,155,155,175,175],"floor_reached":45,"playtime":2773,"items_purged":[],"score":454,"play_id":"1e01817f-d7d5-4dfc-b2ab-8bcc19406468","local_time":"20210102162828","is_ascension_mode":false,"campfire_choices":[{"data":"Crippling Poison","floor":8.0,"key":"SMITH"},{"floor":15.0,"key":"REST"},{"floor":23,"key":"REST"},{"floor":28,"key":"REST"},{"floor":30,"key":"REST"},{"floor":32,"key":"REST"},{"floor":41,"key":"REST"},{"floor":44,"key":"REST"}],"circlet_count":0,"master_deck":["Strike_G","Strike_G","Strike_G","Strike_G","Strike_G","Defend_G","Defend_G","Defend_G","Defend_G","Defend_G","Survivor+1","Neutralize+1","Crippling Poison+1","Backflip","Deadly Poison","Blade Dance","Bane","Cloak And Dagger","PiercingWail+1","Cloak And Dagger","Sucker Punch","Infinite Blades","Bullet Time","PiercingWail","Noxious Fumes","Leg Sweep","Predator","Neutralize+1","Deadly Poison","Dodge and Roll","ReplayTheSpireMod:Tripwire+1","Backflip","Sucker Punch+1","Caltrops","Poisoned Stab","Deflect","Corpse Explosion","Dagger Spray","Unload","Outmaneuver+1","Hidden Blade","Writhe","Skewer+1","Glass Knife"],"relics":["Ring of the Snake","Replay:Bandana","hubris:HollowSoul","War Paint","Iron Hammer","hubris:VirtuousBlindfold","MealTicket"],"acts_visited":["Exordium","TheCity","TheBeyond"],"potions_floor_usage":[18,24,25,35,42],"damage_taken":[{"damage":0.0,"enemies":"Jaw Worm","floor":1.0,"turns":6.0},{"damage":0.0,"enemies":"Cultist","floor":4.0,"turns":4.0},{"damage":0.0,"enemies":"2 Louse","floor":6.0,"turns":3.0},{"damage":0.0,"enemies":"Exordium Thugs","floor":10.0,"turns":5.0},{"damage":2.0,"enemies":"Exordium Wildlife","floor":12.0,"turns":6.0},{"damage":1.0,"enemies":"2 Fungi Beasts","floor":13.0,"turns":4.0},{"damage":7.0,"enemies":"Lots of Slimes","floor":14.0,"turns":4.0},{"damage":38.0,"enemies":"Slime Boss","floor":16.0,"turns":11.0},{"damage":0,"enemies":"2 Thieves","floor":18,"turns":1},{"damage":38,"enemies":"Spheric Guardian","floor":21,"turns":6},{"damage":26,"enemies":"Gremlin Leader","floor":24,"turns":7},{"damage":11,"enemies":"Snake Plant","floor":25,"turns":6},{"damage":2,"enemies":"Snecko","floor":27,"turns":5},{"damage":3,"enemies":"Shelled Parasite and Fungi","floor":29,"turns":8},{"damage":89,"enemies":"hubris:MusketHawk","floor":33,"turns":14},{"damage":0,"enemies":"3 Shapes","floor":35,"turns":3},{"damage":3,"enemies":"Orb Walker","floor":37,"turns":4},{"damage":9,"enemies":"3 Darklings","floor":38,"turns":4},{"damage":30,"enemies":"Writhing Mass","floor":40,"turns":8},{"damage":25,"enemies":"Jaw Worm Horde","floor":42,"turns":6},{"damage":15,"enemies":"Spire Growth","floor":45,"turns":2}],"seed_played":"-6288695197913877062","potions_obtained":[{"floor":4.0,"key":"Elixir"},{"floor":6.0,"key":"Energy Potion"},{"floor":7.0,"key":"FairyPotion"},{"floor":7.0,"key":"SneckoOil"},{"floor":12.0,"key":"SmokeBomb"},{"floor":13.0,"key":"Dexterity Potion"},{"floor":21,"key":"PowerPotion"},{"floor":24,"key":"Fire Potion"},{"floor":33,"key":"Poison Potion"},{"floor":40,"key":"SkillPotion"}],"is_trial":false,"path_per_floor":["M","?","$","M","$","M","?","R","T","M","?","M","M","M","R","B",null,"M","$","?","M","$","R","E","M","T","M","R","M","R","$","R","B",null,"M","$","M","M","?","M","R","M","T","R","M"],"character_chosen":"THE_SILENT","items_purchased":["Crippling Poison","Backflip","Blade Dance","PiercingWail","Noxious Fumes","Leg Sweep","Predator","Caltrops","Poisoned Stab","Deflect","Unload"],"campfire_rested":7,"item_purchase_floors":[3,3,5,19,19,19,19,31,31,31,36],"current_hp_per_floor":[70,70,70,70,70,70,70,70,70,70,70,68,67,60,70,32,70,70,70,70,32,32,53,27,16,16,14,35,32,53,53,70,21,70,70,70,67,58,70,40,61,36,36,57,0,0],"gold":175,"neow_bonus":"UPGRADE_CARD","is_daily":false,"chose_seed":false,"campfire_upgraded":1,"win_rate":0.0,"timestamp":1609633708,"path_taken":["M","?","$","M","?","M","?","R","T","?","?","M","M","M","R","BOSS","M","$","?","M","$","R","E","?","T","M","R","M","R","?","R","BOSS","M","$","M","M","?","M","R","M","T","R","M"],"items_purchased_type":["Card","Card","Card","Card","Card","Card","Card","Card","Card","Card","Card"],"build_version":"2020-12-22","purchased_purges":0,"victory":false,"max_hp_per_floor":[70,70,70,70,70,70,70,70,70,70,70,70,70,70,70,70,70,70,70,70,70,70,70,70,70,70,70,70,70,70,70,70,70,70,70,70,70,70,70,70,70,70,70,70,70,70],"card_choices":[{"not_picked":["Finisher","Terror"],"picked":"Sucker Punch","floor":1.0},{"not_picked":["Quick Slash","Dodge and Roll"],"picked":"Deadly Poison","floor":4.0},{"not_picked":["Quick Slash","Outmaneuver"],"picked":"Bane","floor":6.0},{"not_picked":["Night Terror","Deflect"],"picked":"Cloak And Dagger","floor":10.0},{"not_picked":["Deflect","Terror"],"picked":"Cloak And Dagger","floor":12.0},{"not_picked":["A Thousand Cuts","Concentrate"],"picked":"Sucker Punch","floor":13.0},{"not_picked":["Crippling Poison","Deadly Poison"],"picked":"Infinite Blades","floor":14.0},{"not_picked":["Glass Knife","Unload"],"picked":"Bullet Time","floor":16.0},{"not_picked":["Sucker Punch+1","Masterful Stab+1"],"picked":"Deadly Poison","floor":21},{"not_picked":["Escape Plan","Poisoned Stab+1"],"picked":"Dodge and Roll","floor":24},{"not_picked":["Bane","Infinite Blades"],"picked":"ReplayTheSpireMod:Tripwire+1","floor":25},{"not_picked":["Acrobatics+1","Replay:Bag of Tricks"],"picked":"Backflip","floor":27},{"not_picked":["Sneak Up","Concentrate"],"picked":"Sucker Punch+1","floor":29},{"not_picked":["Grand Finale","infinitespire:Neurotoxin"],"picked":"Corpse Explosion","floor":33},{"not_picked":["Sneak Up+1","Cloak And Dagger"],"picked":"Dagger Spray","floor":35},{"not_picked":["Backflip+1","Masterful Stab"],"picked":"Outmaneuver+1","floor":37},{"not_picked":["Backflip+1","Underhanded Strike+1"],"picked":"Hidden Blade","floor":38},{"not_picked":["Choke+1","Dagger Spray"],"picked":"Skewer+1","floor":40},{"not_picked":["Underhanded Strike+1","PiercingWail"],"picked":"Glass Knife","floor":42}],"player_experience":220748,"relics_obtained":[{"floor":9.0,"key":"Replay:Bandana"},{"floor":24,"key":"War Paint"},{"floor":26,"key":"Iron Hammer"},{"floor":43,"key":"MealTicket"}],"event_choices":[{"cards_removed":["Sucker Punch"],"damage_healed":5.0,"max_hp_gain":0.0,"max_hp_loss":0.0,"gold_gain":0.0,"event_name":"Bonfire Elementals","player_choice":"Offered Common","floor":2.0,"gold_loss":0.0,"damage_taken":0.0},{"cards_removed":["Sucker Punch"],"damage_healed":5.0,"max_hp_gain":0.0,"max_hp_loss":0.0,"gold_gain":0.0,"event_name":"Bonfire Elementals","player_choice":"Offered Special","floor":2.0,"gold_loss":0.0,"damage_taken":0.0},{"damage_healed":0.0,"max_hp_gain":0.0,"max_hp_loss":0.0,"gold_gain":0.0,"event_name":"Lab","player_choice":"Got Potions","floor":7.0,"gold_loss":0.0,"damage_taken":0.0},{"damage_healed":0,"gold_gain":0,"player_choice":"Copied","damage_taken":0,"max_hp_gain":0,"max_hp_loss":0,"event_name":"Duplicator","floor":20,"gold_loss":0,"cards_obtained":["Neutralize"]},{"damage_healed":18,"gold_gain":0,"player_choice":"Writhe","damage_taken":0,"max_hp_gain":0,"max_hp_loss":0,"event_name":"Winding Halls","floor":39,"gold_loss":0,"cards_obtained":["Writhe"]}],"is_beta":false,"boss_relics":[{"not_picked":["hubris:RunicObelisk","Ring of the Serpent"],"picked":"hubris:HollowSoul"},{"not_picked":["Replay:Ancient Bell","Black Star"],"picked":"hubris:VirtuousBlindfold"}],"items_purged_floors":[],"is_endless":false,"potions_floor_spawned":[4,6,12,13,21,24,33,40],"killed_by":"Spire Growth","ascension_level":0}}