{"host":"6pgtslebjnyv5xmi","time":1609687371,"event":{"mods":["AchievementEnabler","BaseMod","Colored Map","Minty Spire (QoL Compilation)","Rare Cards Sparkle","StSLib","SuperFastMode","everything is the same but u backflip on backflip"],"gold_per_floor":[114,129,79,79,94,94,109,209,209,224,239,254,254,269,269,369,369,384,384,399,399,399,399,249,249,274,289,254,269,284,284,284,384,384,399,399,414,429,429,429,429,444,444,444,444,444,459,0,0,0,0],"floor_reached":50,"playtime":2013,"items_purged":[],"score":513,"play_id":"36828b0e-7096-465c-b6e1-2839961cb00c","local_time":"20210104002251","daily_mods":["Allstar","Hoarder","Terminal"],"is_ascension_mode":false,"campfire_choices":[{"data":"The Bomb","floor":6.0,"key":"SMITH"},{"data":"The Bomb","floor":13.0,"key":"SMITH"},{"data":"The Bomb","floor":15.0,"key":"SMITH"},{"data":"Second Wind","floor":23.0,"key":"SMITH"},{"data":"Second Wind","floor":25.0,"key":"SMITH"},{"data":"Second Wind","floor":32.0,"key":"SMITH"},{"data":"Body Slam","floor":40.0,"key":"SMITH"},{"floor":46.0,"key":"REST"},{"floor":49.0,"key":"REST"}],"circlet_count":0,"master_deck":["Strike_R+1","Defend_R+1","Defend_R+1","Defend_R+1","Defend_R+1","Bash+1","Thinking Ahead+1","Thinking Ahead+1","Thinking Ahead+1","The Bomb+1","The Bomb+1","The Bomb+1","PanicButton+1","PanicButton+1","PanicButton+1","Secret Weapon+1","Secret Weapon+1","Secret Weapon+1","Good Instincts+1","Good Instincts+1","Good Instincts+1","Flame Barrier+1","Flame Barrier+1","Flame Barrier+1","Corruption+1","Corruption+1","Corruption+1","Body Slam+1","Body Slam+1","Sentinel+1","Sentinel+1","Sentinel+1","Metallicize+1","Metallicize+1","Metallicize+1","Second Wind+1","Second Wind+1","Second Wind+1","Feel No Pain+1","Feel No Pain+1","Feel No Pain+1","Reckless Charge+1","Reckless Charge+1","Reckless Charge+1"],"relics":["Burning Blood","Anchor","Busted Crown","Membership Card","Omamori","Black Star","Mark of the Bloom","Thread and Needle","Red Mask"],"acts_visited":["Exordium","TheCity","TheBeyond"],"potions_floor_usage":[],"damage_taken":[{"damage":0.0,"enemies":"Small Slimes","floor":1.0,"turns":3.0},{"damage":0.0,"enemies":"2 Louse","floor":2.0,"turns":3.0},{"damage":0.0,"enemies":"Cultist","floor":5.0,"turns":3.0},{"damage":13.0,"enemies":"Gremlin Gang","floor":7.0,"turns":3.0},{"damage":0.0,"enemies":"2 Fungi Beasts","floor":10.0,"turns":3.0},{"damage":0.0,"enemies":"Exordium Wildlife","floor":11.0,"turns":4.0},{"damage":3.0,"enemies":"3 Louse","floor":12.0,"turns":3.0},{"damage":0.0,"enemies":"Red Slaver","floor":14.0,"turns":4.0},{"damage":41.0,"enemies":"Hexaghost","floor":16.0,"turns":10.0},{"damage":0.0,"enemies":"3 Byrds","floor":18.0,"turns":1.0},{"damage":5.0,"enemies":"Spheric Guardian","floor":20.0,"turns":5.0},{"damage":0.0,"enemies":"Shelled Parasite and Fungi","floor":27.0,"turns":4.0},{"damage":0.0,"enemies":"3 Cultists","floor":29.0,"turns":5.0},{"damage":0.0,"enemies":"Snecko","floor":30.0,"turns":7.0},{"damage":0.0,"enemies":"Collector","floor":33.0,"turns":10.0},{"damage":3.0,"enemies":"3 Shapes","floor":35.0,"turns":4.0},{"damage":0.0,"enemies":"Orb Walker","floor":37.0,"turns":4.0},{"damage":0.0,"enemies":"Spire Growth","floor":38.0,"turns":5.0},{"damage":0.0,"enemies":"Sphere and 2 Shapes","floor":42.0,"turns":9.0},{"damage":0.0,"enemies":"Transient","floor":44.0,"turns":1.0},{"damage":0.0,"enemies":"Spire Growth","floor":47.0,"turns":8.0},{"damage":40,"enemies":"Donu and Deca","floor":50,"turns":16}],"seed_played":"4251252283042701915","potions_obtained":[{"floor":1.0,"key":"GamblersBrew"},{"floor":5.0,"key":"DistilledChaos"},{"floor":7.0,"key":"SkillPotion"},{"floor":12.0,"key":"Explosive Potion"},{"floor":18.0,"key":"Strength Potion"},{"floor":20.0,"key":"AttackPotion"},{"floor":30.0,"key":"BlessingOfTheForge"},{"floor":35.0,"key":"Block Potion"},{"floor":42.0,"key":"SmokeBomb"}],"is_trial":false,"path_per_floor":["M","M","?","$","M","R","M","?","T","M","M","M","R","M","R","B",null,"M","?","M","$","?","R","$","R","T","M","$","M","M","?","R","B",null,"M","?","M","M","?","R","?","M","T","M","?","R","M","?","R","B"],"character_chosen":"IRONCLAD","items_purchased":["Membership Card","Feel No Pain"],"campfire_rested":2,"item_purchase_floors":[24,28],"current_hp_per_floor":[78,77,76,75,74,73,66,66,66,69,68,67,66,65,64,29,62,61,60,59,58,57,56,55,54,53,52,51,50,49,48,47,46,45,44,43,42,41,40,39,38,37,36,35,32,31,30,29,28,0,0],"gold":0,"neow_bonus":"","is_daily":true,"chose_seed":false,"campfire_upgraded":7,"win_rate":0.0,"timestamp":1609687371,"path_taken":["M","M","?","$","M","R","M","?","T","?","M","?","R","M","R","BOSS","M","?","M","$","?","R","?","R","T","M","$","M","M","?","R","BOSS","M","?","M","M","?","R","?","M","T","M","?","R","?","?","R","BOSS"],"items_purchased_type":["Relic","Card"],"build_version":"2020-12-22","purchased_purges":0,"victory":false,"max_hp_per_floor":[78,77,76,75,74,73,72,71,70,69,68,67,66,65,64,63,62,61,60,59,58,57,56,55,54,53,52,51,50,49,48,47,46,45,44,43,42,41,40,39,38,37,36,35,32,31,30,29,28,28,28],"card_choices":[{"not_picked":["Hemokinesis","Iron Wave","Twin Strike"],"picked":"SKIP","floor":1.0},{"not_picked":["Armaments","Perfected Strike","Anger"],"picked":"SKIP","floor":2.0},{"not_picked":["Clothesline","Rage","Burning Pact"],"picked":"SKIP","floor":5.0},{"not_picked":["Clash","Perfected Strike","Warcry"],"picked":"SKIP","floor":7.0},{"not_picked":["Flex","Wild Strike","Cleave"],"picked":"SKIP","floor":10.0},{"not_picked":["Twin Strike","Pommel Strike"],"picked":"Flame Barrier","floor":11.0},{"not_picked":["Havoc","Sever Soul","Whirlwind"],"picked":"SKIP","floor":12.0},{"not_picked":["Warcry","Sword Boomerang","Rupture"],"picked":"SKIP","floor":14.0},{"not_picked":["Limit Break","Demon Form"],"picked":"Corruption","floor":16.0},{"not_picked":["Wild Strike"],"picked":"SKIP","floor":18.0},{"not_picked":[],"picked":"Metallicize+1","floor":20.0},{"not_picked":["Intimidate"],"picked":"SKIP","floor":27.0},{"not_picked":["Clash"],"picked":"SKIP","floor":29.0},{"not_picked":["Twin Strike"],"picked":"SKIP","floor":30.0},{"not_picked":["Battle Trance"],"picked":"SKIP","floor":35.0},{"not_picked":["Dropkick"],"picked":"SKIP","floor":37.0},{"not_picked":["Iron Wave+1"],"picked":"SKIP","floor":38.0},{"not_picked":["Sword Boomerang+1"],"picked":"SKIP","floor":42.0},{"not_picked":["Sword Boomerang"],"picked":"SKIP","floor":47.0}],"player_experience":681501,"relics_obtained":[{"floor":9.0,"key":"Anchor"},{"floor":26.0,"key":"Omamori"},{"floor":43.0,"key":"Thread and Needle"}],"event_choices":[{"cards_removed":["Strike_R"],"damage_healed":0.0,"max_hp_gain":0.0,"max_hp_loss":0.0,"gold_gain":0.0,"event_name":"The Cleric","player_choice":"Card Removal","floor":3.0,"gold_loss":50.0,"damage_taken":0.0},{"damage_healed":0.0,"max_hp_gain":0.0,"max_hp_loss":0.0,"gold_gain":100.0,"event_name":"Golden Shrine","player_choice":"Pray","floor":8.0,"gold_loss":0.0,"damage_taken":0.0},{"damage_healed":0.0,"max_hp_gain":0.0,"max_hp_loss":0.0,"gold_gain":0.0,"cards_transformed":["Strike_R","Strike_R"],"event_name":"Drug Dealer","player_choice":"Became Test Subject","floor":19.0,"gold_loss":0.0,"damage_taken":0.0,"cards_obtained":["Body Slam","Sentinel"]},{"damage_healed":0.0,"max_hp_gain":0.0,"max_hp_loss":0.0,"gold_gain":0.0,"event_name":"The Library","player_choice":"Read","floor":22.0,"gold_loss":0.0,"damage_taken":0.0,"cards_obtained":["Second Wind"]},{"damage_healed":0.0,"max_hp_gain":0.0,"max_hp_loss":0.0,"gold_gain":0.0,"cards_transformed":["Strike_R"],"event_name":"Transmorgrifier","player_choice":"Transformed","floor":31.0,"gold_loss":0.0,"damage_taken":0.0,"cards_obtained":["Reckless Charge"]},{"damage_healed":0.0,"max_hp_gain":0.0,"max_hp_loss":0.0,"gold_gain":0.0,"event_name":"SensoryStone","player_choice":"Memory 1","floor":36.0,"gold_loss":0.0,"damage_taken":0.0},{"cards_removed":["Body Slam"],"damage_healed":0.0,"max_hp_gain":0.0,"max_hp_loss":0.0,"gold_gain":0.0,"event_name":"Falling","player_choice":"Removed Attack","floor":39.0,"gold_loss":0.0,"damage_taken":0.0},{"damage_healed":0.0,"max_hp_gain":0.0,"max_hp_loss":0.0,"gold_gain":0.0,"event_name":"MindBloom","player_choice":"Upgrade","floor":41.0,"gold_loss":0.0,"damage_taken":0.0,"cards_upgraded":["Strike_R","Defend_R","Defend_R","Defend_R","Defend_R","Bash","Thinking Ahead","Thinking Ahead","Thinking Ahead","PanicButton","PanicButton","PanicButton","Secret Weapon","Secret Weapon","Secret Weapon","Good Instincts","Good Instincts","Good Instincts","Flame Barrier","Flame Barrier","Flame Barrier","Corruption","Corruption","Corruption","Body Slam","Sentinel","Sentinel","Sentinel","Feel No Pain","Feel No Pain","Feel No Pain","Reckless Charge","Reckless Charge","Reckless Charge"],"relics_obtained":["Mark of the Bloom"]},{"damage_healed":0.0,"max_hp_gain":0.0,"max_hp_loss":2.0,"gold_gain":0.0,"event_name":"Winding Halls","player_choice":"Max HP","floor":45.0,"gold_loss":0.0,"damage_taken":0.0},{"damage_healed":0.0,"max_hp_gain":0.0,"max_hp_loss":0.0,"gold_gain":0.0,"event_name":"Tomb of Lord Red Mask","player_choice":"Paid","floor":48.0,"gold_loss":459.0,"damage_taken":0.0,"relics_obtained":["Red Mask"]}],"is_beta":false,"boss_relics":[{"not_picked":["Fusion Hammer","SacredBark"],"picked":"Busted Crown"},{"not_picked":["Sozu","Tiny House"],"picked":"Black Star"}],"items_purged_floors":[],"is_endless":false,"potions_floor_spawned":[1,5,7,12,18,20,30,35,42],"killed_by":"Donu and Deca","ascension_level":0}}