{"host":"gt33m9bhmcfydaop","time":1609699206,"event":{"mods":["2.2 Compatiblity","AchievementEnabler","BaseMod","Colored Map","DeckTracker","Highlight Path","Minty Spire (QoL Compilation)","Random Character Button","Rare Cards Sparkle"],"gold_per_floor":[19,19,19,32,52,52,87,97,97,97,97,97,111,131,131,252,252,271,251,269,16,32,32,47,47,116,156,156,174,174,174],"floor_reached":30,"playtime":1338,"items_purged":[],"score":252,"play_id":"22a00874-a0d5-42e5-8d99-59ca0ca283c5","local_time":"20210103194006","is_ascension_mode":false,"campfire_choices":[{"floor":6,"key":"RECALL"},{"data":"EmptyFist","floor":10,"key":"SMITH"},{"floor":15,"key":"REST"},{"data":"LessonLearned","floor":23,"key":"SMITH"},{"floor":25,"key":"REST"},{"floor":28,"key":"REST"}],"circlet_count":0,"master_deck":["Strike_P+1","Strike_P","Strike_P","Strike_P","Defend_P+1","Defend_P","Defend_P","Defend_P","Eruption","Vigilance","Judgement+1","EmptyFist+1","EmptyBody","CarveReality","ReachHeaven+1","ReachHeaven","Injury","Consecrate","SignatureMove","LessonLearned+1","EmptyFist+1","PathToVictory","Flash of Steel","Brilliance","LessonLearned","WindmillStrike+1","FollowUp+1","Conclude"],"relics":["PureWater","Question Card","Golden Idol","VioletLotus","Pear","Shuriken"],"acts_visited":["Exordium","TheCity"],"potions_floor_usage":[16,16,20,24,27],"damage_taken":[{"damage":1,"enemies":"Jaw Worm","floor":1,"turns":2},{"damage":0,"enemies":"Small Slimes","floor":4,"turns":2},{"damage":0,"enemies":"Cultist","floor":5,"turns":2},{"damage":5,"enemies":"3 Sentries","floor":7,"turns":5},{"damage":2,"enemies":"Looter","floor":8,"turns":3},{"damage":13,"enemies":"Lots of Slimes","floor":13,"turns":4},{"damage":0,"enemies":"Blue Slaver","floor":14,"turns":1},{"damage":36,"enemies":"Hexaghost","floor":16,"turns":11},{"damage":5,"enemies":"Shell Parasite","floor":18,"turns":2},{"damage":2,"enemies":"Chosen","floor":20,"turns":4},{"damage":16,"enemies":"Snake Plant","floor":22,"turns":3},{"damage":8,"enemies":"Snecko","floor":24,"turns":3},{"damage":60,"enemies":"Slavers","floor":27,"turns":7},{"damage":12,"enemies":"Cultist and Chosen","floor":29,"turns":4},{"damage":52,"enemies":"Shelled Parasite and Fungi","floor":30,"turns":4}],"seed_played":"678162079315560329","potions_obtained":[{"floor":7,"key":"FairyPotion"},{"floor":8,"key":"DistilledChaos"},{"floor":13,"key":"Weak Potion"},{"floor":18,"key":"Block Potion"},{"floor":19,"key":"GamblersBrew"},{"floor":24,"key":"Swift Potion"},{"floor":29,"key":"Ancient Potion"}],"is_trial":false,"path_per_floor":["M","$","?","M","M","R","E","M","T","R","?","?","M","M","R","B",null,"M","?","M","$","M","R","M","R","T","E","R","M","M"],"character_chosen":"WATCHER","items_purchased":["Flash of Steel","Brilliance"],"campfire_rested":3,"item_purchase_floors":[21,21],"current_hp_per_floor":[71,71,71,71,71,71,66,64,64,64,64,50,37,37,58,22,72,67,67,65,65,49,49,41,62,72,12,36,24,0,0],"gold":174,"neow_bonus":"THREE_RARE_CARDS","is_daily":false,"chose_seed":false,"campfire_upgraded":2,"win_rate":0.0,"timestamp":1609699206,"path_taken":["M","$","?","M","M","R","E","M","T","R","?","?","?","M","R","BOSS","M","?","?","$","M","R","M","R","T","E","R","M","M"],"items_purchased_type":["Card","Card"],"build_version":"2020-12-22","purchased_purges":0,"victory":false,"max_hp_per_floor":[72,72,72,72,72,72,72,72,72,72,72,72,72,72,72,72,72,72,72,72,72,72,72,72,72,82,82,82,82,82,82],"card_choices":[{"not_picked":["Scrawl","ConjureBlade"],"picked":"Judgement","floor":0},{"not_picked":["Evaluate","ThirdEye"],"picked":"EmptyFist","floor":1},{"not_picked":["Meditate","Swivel"],"picked":"EmptyBody","floor":4},{"not_picked":["EmptyBody","CutThroughFate"],"picked":"CarveReality","floor":5},{"not_picked":["Halt","WindmillStrike"],"picked":"ReachHeaven","floor":7},{"not_picked":["Pray","MasterReality","SashWhip"],"picked":"ReachHeaven","floor":8},{"not_picked":["CutThroughFate","EmptyBody","ClearTheMind"],"picked":"Consecrate","floor":13},{"not_picked":["Sanctity","FlurryOfBlows","Perseverance"],"picked":"SignatureMove","floor":14},{"not_picked":["Establishment","Omniscience","Scrawl"],"picked":"LessonLearned","floor":16},{"not_picked":["Evaluate+1","BattleHymn","SandsOfTime"],"picked":"EmptyFist+1","floor":18},{"not_picked":["ClearTheMind+1","CutThroughFate+1","EmptyFist"],"picked":"PathToVictory","floor":20},{"not_picked":["ThirdEye+1","PathToVictory","CrushJoints"],"picked":"LessonLearned","floor":22},{"not_picked":["JustLucky","ThirdEye+1","Protect+1"],"picked":"WindmillStrike+1","floor":24},{"not_picked":["FlyingSleeves","Establishment","ClearTheMind"],"picked":"FollowUp+1","floor":27},{"not_picked":["Crescendo","Nirvana+1","EmptyBody"],"picked":"Conclude","floor":29}],"player_experience":29410,"relics_obtained":[{"floor":7,"key":"Question Card"},{"floor":26,"key":"Pear"},{"floor":27,"key":"Shuriken"}],"event_choices":[{"damage_healed":0,"gold_gain":0,"player_choice":"Grow","damage_taken":0,"max_hp_gain":0,"max_hp_loss":0,"event_name":"Living Wall","floor":3,"gold_loss":0,"cards_upgraded":["Judgement"]},{"damage_healed":0,"gold_gain":0,"player_choice":"Take Wound","damage_taken":0,"relics_obtained":["Golden Idol"],"max_hp_gain":0,"max_hp_loss":0,"event_name":"Golden Idol","floor":11,"gold_loss":0,"cards_obtained":["Injury"]},{"damage_healed":0,"gold_gain":0,"player_choice":"Entered Light","damage_taken":14,"max_hp_gain":0,"max_hp_loss":0,"event_name":"Shining Light","floor":12,"gold_loss":0,"cards_upgraded":["Strike_P","Defend_P"]},{"damage_healed":0,"gold_gain":0,"player_choice":"Bought 1 Potion","damage_taken":0,"max_hp_gain":0,"max_hp_loss":0,"event_name":"The Woman in Blue","floor":19,"gold_loss":0}],"is_beta":false,"boss_relics":[{"not_picked":["Black Star","Philosopher\u0027s Stone"],"picked":"VioletLotus"}],"items_purged_floors":[],"is_endless":false,"potions_floor_spawned":[7,8,13,14,18,24,29],"killed_by":"Shelled Parasite and Fungi","ascension_level":0}}