{"host":"xwqwvmlzre68xjvm","time":1609675208,"event":{"mods":["AchievementEnabler","BaseMod","Colored Map","Colored Powertips","Hermit","Marisa£¨Ùöéë¡¡Øª×âÞÞ£©","Minty Spire (QoL Compilation)","Replay The Spire","StSLib","SuperFastMode","The Bug Knight","The Cursed","The Hierophant","The Runesmith"],"gold_per_floor":[117,136,136,189,201,235,246,280,304,9,9,44,61,70,70,168,168,184,197,212,212,212],"floor_reached":21,"playtime":880,"items_purged":["Parasite"],"score":246,"play_id":"c1830761-ea96-4147-82b8-885b8317c883","local_time":"20210103210008","is_ascension_mode":true,"campfire_choices":[{"floor":11.0,"key":"REST"},{"floor":15.0,"key":"REST"}],"circlet_count":0,"master_deck":["Strike_B+1","Strike_B","Strike_B+1","Strike_B","Defend_B","Defend_B","Defend_B+1","Defend_B+1","Zap","Dualcast","White Noise","Storm","All For One","Gash","FTL","Defragment","Crystallizer","Gash","Doubt","Sickly","hermit:ImpendingDoom","Scrape","Skim+1","Streamline"],"relics":["Cracked Core","NeowsBlessing","Pear","Happy Flower","Membership Card","StoneCalendar","Simple Rune","ReplayTheSpireMod:CursedCoin","Vajra","Replay:Ancient Bell","Replay:Antivirus Software","Darkstone Periapt","Counterbalance"],"acts_visited":["Exordium","TheCity"],"potions_floor_usage":[21,21,21],"damage_taken":[{"damage":0.0,"enemies":"Small Slimes","floor":1.0,"turns":1.0},{"damage":0.0,"enemies":"2 Louse","floor":2.0,"turns":1.0},{"damage":0.0,"enemies":"Cultist","floor":5.0,"turns":1.0},{"damage":33.0,"enemies":"3 Sentries","floor":6.0,"turns":8.0},{"damage":4.0,"enemies":"Red Slaver","floor":7.0,"turns":4.0},{"damage":14.0,"enemies":"Gremlin Nob","floor":8.0,"turns":3.0},{"damage":19.0,"enemies":"3 Sentries","floor":12.0,"turns":3.0},{"damage":7.0,"enemies":"2 Fungi Beasts","floor":13.0,"turns":3.0},{"damage":46.0,"enemies":"Fading Forest","floor":16.0,"turns":11.0},{"damage":7.0,"enemies":"Chosen","floor":18.0,"turns":4.0},{"damage":16.0,"enemies":"Spheric Guardian","floor":19.0,"turns":3.0},{"damage":61.0,"enemies":"Snecko","floor":20.0,"turns":6.0},{"damage":22,"enemies":"Snake Plant","floor":21,"turns":3}],"seed_played":"-3965978304586116993","potions_obtained":[{"floor":4.0,"key":"Elixir"},{"floor":4.0,"key":"Adrenaline Potion"},{"floor":4.0,"key":"GamblersBrew"},{"floor":5.0,"key":"FocusPotion"},{"floor":6.0,"key":"Fire Potion"},{"floor":12.0,"key":"SpeedPotion"},{"floor":13.0,"key":"BlessingOfTheForge"},{"floor":20.0,"key":"SpeedPotion"}],"is_trial":false,"path_per_floor":["M","M","?","?","M","E","M","E","T","$","R","E","M","$","R","B",null,"M","M","M","M"],"character_chosen":"DEFECT","items_purchased":["Membership Card","StoneCalendar","ReplayTheSpireMod:CursedCoin","Gash","Vajra"],"campfire_rested":2,"item_purchase_floors":[10,10,14,14,14],"current_hp_per_floor":[75,75,60,60,60,37,33,19,19,19,44,25,18,18,42,14,100,93,77,16,0,0],"gold":212,"neow_bonus":"THREE_ENEMY_KILL","is_daily":false,"chose_seed":false,"campfire_upgraded":0,"win_rate":0.0,"timestamp":1609675208,"path_taken":["M","M","?","?","?","E","M","E","T","$","R","E","M","?","R","BOSS","M","M","M","M"],"items_purchased_type":["Relic","Relic","Relic","Card","Relic"],"build_version":"2020-12-22","purchased_purges":1,"victory":false,"max_hp_per_floor":[75,75,75,75,75,85,85,85,85,85,85,85,85,82,82,82,100,100,100,100,100,100],"card_choices":[{"not_picked":["Rebound","Steam"],"picked":"White Noise","floor":1.0},{"not_picked":["Blizzard","Sweeping Beam"],"picked":"Storm","floor":2.0},{"not_picked":["Compile Driver","Conserve Battery"],"picked":"All For One","floor":4.0},{"not_picked":["ReplayTheSpireMod:System Scan","Stack","ReplaySort"],"picked":"SKIP","floor":5.0},{"not_picked":["Leap","ReplaySort","Rip and Tear"],"picked":"SKIP","floor":6.0},{"not_picked":["Panic Button","Rip and Tear"],"picked":"Gash","floor":7.0},{"not_picked":["Hello World","Beam Cell"],"picked":"FTL","floor":8.0},{"not_picked":["Biased Cognition","Sweeping Beam"],"picked":"Defragment","floor":12.0},{"not_picked":["Conserve Battery","Ball Lightning"],"picked":"Crystallizer","floor":13.0},{"not_picked":["ReplayTheSpireMod:Faulty Equipment","ReplayTheSpireMod:Restless Dread"],"picked":"Doubt","floor":17.0},{"not_picked":["Spreading Infection","ReplayTheSpireMod:Faulty Equipment"],"picked":"Sickly","floor":17.0},{"not_picked":["Writhe","Regret"],"picked":"hermit:ImpendingDoom","floor":17.0},{"not_picked":["Chaos","Streamline"],"picked":"Scrape","floor":18.0},{"not_picked":["BasicCrystalCard","Compile Driver"],"picked":"Skim+1","floor":19.0},{"not_picked":["Barrage+1","Blizzard"],"picked":"Streamline","floor":20.0}],"player_experience":57366,"relics_obtained":[{"floor":6.0,"key":"Pear"},{"floor":8.0,"key":"Happy Flower"},{"floor":12.0,"key":"Simple Rune"}],"event_choices":[{"damage_healed":0.0,"max_hp_gain":0.0,"max_hp_loss":0.0,"gold_gain":0.0,"event_name":"Shining Light","player_choice":"Entered Light","floor":3.0,"gold_loss":0.0,"damage_taken":15.0,"cards_upgraded":["Defend_B","Defend_B"]}],"is_beta":false,"boss_relics":[{"not_picked":["Fusion Hammer","Inserter"],"picked":"Replay:Ancient Bell"},{"not_picked":["ReplayFunnel","Regal Pillow"],"picked":"Replay:Antivirus Software"},{"not_picked":["Carrot","InkBottle"],"picked":"Darkstone Periapt"},{"not_picked":["WingedGreaves","Unceasing Top"],"picked":"Counterbalance"}],"items_purged_floors":[14],"is_endless":false,"potions_floor_spawned":[5,6,12,13,20],"killed_by":"Snake Plant","ascension_level":2}}