{"host":"sav7uxregyirlf69","time":1609665666,"event":{"mods":["AchievementEnabler","BaseMod","Colored Map","DeckTracker","Keyboard Shortcuts","Minty Spire (QoL Compilation)","READ ME - Guardian Mod","StSLib","SuperFastMode"],"gold_per_floor":[109,122,140,65,65,65,78,107,134,161,179,195,213,213,213,288,288,299,316,316,328,185,185,185,185],"floor_reached":24,"playtime":389,"items_purged":["Shame","Pain"],"score":420,"play_id":"d23b1e0e-5a8c-4ee9-9dbf-2cd1cd6d9361","local_time":"20210103182106","is_ascension_mode":true,"campfire_choices":[{"data":"Bludgeon","floor":6,"key":"SMITH"},{"floor":15,"key":"REST"},{"data":"Corruption","floor":23,"key":"SMITH"}],"circlet_count":0,"master_deck":["AscendersBane","Strike_R","Strike_R","Strike_R","Strike_R","Strike_R","Defend_R","Defend_R","Defend_R","Defend_R","Bash+1","Bludgeon+1","Carnage+1","Perfected Strike","Warcry","Double Tap","Armaments","Uppercut","Corruption+1","Wild Strike","Shockwave","Bloodletting","Evolve"],"relics":["Burning Blood","Potion Belt","Ancient Tea Set","Oddly Smooth Stone","Cursed Key","WarpedTongs"],"acts_visited":["Exordium","TheCity"],"potions_floor_usage":[7,10,12,24,24],"damage_taken":[{"damage":6,"enemies":"Cultist","floor":1,"turns":3},{"damage":12,"enemies":"Jaw Worm","floor":2,"turns":2},{"damage":7,"enemies":"2 Louse","floor":3,"turns":2},{"damage":15,"enemies":"Lots of Slimes","floor":7,"turns":5},{"damage":8,"enemies":"Gremlin Nob","floor":8,"turns":3},{"damage":50,"enemies":"3 Sentries","floor":10,"turns":10},{"damage":2,"enemies":"Large Slime","floor":11,"turns":5},{"damage":9,"enemies":"Exordium Thugs","floor":12,"turns":3},{"damage":0,"enemies":"Blue Slaver","floor":13,"turns":2},{"damage":14,"enemies":"Slime Boss","floor":16,"turns":7},{"damage":27,"enemies":"Shell Parasite","floor":18,"turns":4},{"damage":0,"enemies":"Chosen","floor":19,"turns":3},{"damage":18,"enemies":"Snake Plant","floor":21,"turns":2},{"damage":60,"enemies":"Gremlin Leader","floor":24,"turns":4}],"seed_played":"-1476679429624897364","potions_obtained":[{"floor":2,"key":"FairyPotion"},{"floor":3,"key":"SkillPotion"},{"floor":7,"key":"SpeedPotion"},{"floor":11,"key":"EssenceOfSteel"},{"floor":12,"key":"DistilledChaos"},{"floor":21,"key":"BloodPotion"}],"is_trial":false,"path_per_floor":["M","M","M","$","?","R","M","E","T","E","M","M","M","?","R","B",null,"M","M","?","M","$","R","E"],"character_chosen":"IRONCLAD","items_purchased":["Evolve"],"campfire_rested":1,"item_purchase_floors":[22],"current_hp_per_floor":[68,62,61,61,38,38,29,27,27,8,12,9,15,15,37,29,64,43,49,49,37,37,37,0,0],"gold":185,"neow_bonus":"THREE_RARE_CARDS","is_daily":false,"chose_seed":false,"campfire_upgraded":2,"win_rate":0.0,"timestamp":1609665666,"path_taken":["M","M","M","$","?","R","M","E","T","E","M","M","M","?","R","BOSS","M","M","?","?","$","R","E"],"items_purchased_type":["Card"],"build_version":"2020-12-22","purchased_purges":2,"victory":false,"max_hp_per_floor":[75,75,75,75,75,75,75,75,75,75,75,75,75,75,75,75,75,75,75,75,75,75,75,75,75],"card_choices":[{"not_picked":["Corruption","Reaper"],"picked":"Bludgeon","floor":0},{"not_picked":["Searing Blow","Dropkick","Feel No Pain"],"picked":"SKIP","floor":1},{"not_picked":["Cleave","Dropkick"],"picked":"Carnage","floor":2},{"not_picked":["Iron Wave","Intimidate"],"picked":"Perfected Strike","floor":3},{"not_picked":["Body Slam","Anger","Clash"],"picked":"SKIP","floor":7},{"not_picked":["Sentinel","Clothesline"],"picked":"Warcry","floor":8},{"not_picked":["Clash","Sever Soul"],"picked":"Double Tap","floor":10},{"not_picked":["Feel No Pain","Thunderclap"],"picked":"Armaments","floor":11},{"not_picked":["Sword Boomerang","Pommel Strike"],"picked":"Uppercut","floor":12},{"not_picked":["Flex","Havoc","Headbutt"],"picked":"SKIP","floor":13},{"not_picked":["Offering","Bludgeon"],"picked":"Corruption","floor":16},{"not_picked":["Wild Strike","Iron Wave","Havoc"],"picked":"SKIP","floor":18},{"not_picked":["Iron Wave","Havoc"],"picked":"Wild Strike","floor":18},{"not_picked":["Clothesline","Carnage"],"picked":"Shockwave","floor":19},{"not_picked":["Thunderclap","Headbutt"],"picked":"Bloodletting","floor":21}],"player_experience":1117802,"relics_obtained":[{"floor":8,"key":"Potion Belt"},{"floor":9,"key":"Ancient Tea Set"},{"floor":10,"key":"Oddly Smooth Stone"}],"event_choices":[{"damage_healed":0,"gold_gain":0,"player_choice":"Entered Light","damage_taken":23,"max_hp_gain":0,"max_hp_loss":0,"event_name":"Shining Light","floor":5,"gold_loss":0,"cards_upgraded":["Bash","Carnage"]},{"damage_healed":0,"gold_gain":0,"player_choice":"Searched \u00270\u0027 times","damage_taken":0,"max_hp_gain":0,"max_hp_loss":0,"event_name":"Dead Adventurer","floor":14,"gold_loss":0},{"damage_healed":0,"gold_gain":0,"player_choice":"Rummage","damage_taken":0,"relics_obtained":["WarpedTongs"],"max_hp_gain":0,"max_hp_loss":0,"event_name":"Accursed Blacksmith","floor":20,"gold_loss":0,"cards_obtained":["Pain"]}],"is_beta":false,"boss_relics":[{"not_picked":["Runic Pyramid","SlaversCollar"],"picked":"Cursed Key"}],"items_purged_floors":[4,22],"is_endless":false,"potions_floor_spawned":[2,3,7,11,12,21],"killed_by":"Gremlin Leader","ascension_level":20}}