{"host":"enfgzo6yn4zdbao9","time":1609658402,"event":{"mods":["AchievementEnabler","BaseMod","Colored Powertips","Minty Spire (QoL Compilation)","Relic Stats","StSLib","slay the spire mod where everything is the same but ironclad has a cowboy hat"],"gold_per_floor":[114,64,64,64,64,92,104,104,104,104,138,181,75,135,135,235,235,255,255,255,289,303,303,328,328],"floor_reached":24,"playtime":1277,"items_purged":[],"score":315,"play_id":"443b8123-1de6-4a72-8b74-b45ac4a33f41","local_time":"20210102232002","is_ascension_mode":true,"campfire_choices":[{"floor":8.0,"key":"REST"},{"data":"FollowUp","floor":15.0,"key":"SMITH"},{"floor":23,"key":"REST"}],"circlet_count":0,"master_deck":["AscendersBane","Strike_P","Strike_P","Strike_P","Strike_P","Defend_P","Defend_P","Defend_P","Eruption","Vigilance","EmptyFist","EmptyBody","Wish","Worship","SashWhip","LikeWater","FollowUp+1","Brilliance","RitualDagger","Swivel","LikeWater"],"relics":["Busted Crown","Singing Bowl","Ornamental Fan","Happy Flower","The Courier","GoldenEye","Bottled Tornado","Runic Pyramid","Red Mask"],"acts_visited":["Exordium","TheCity"],"potions_floor_usage":[21,21,21],"damage_taken":[{"damage":0.0,"enemies":"2 Louse","floor":1.0,"turns":2.0},{"damage":20.0,"enemies":"3 Sentries","floor":6.0,"turns":11.0},{"damage":1.0,"enemies":"Jaw Worm","floor":7.0,"turns":3.0},{"damage":13.0,"enemies":"Gremlin Nob","floor":11.0,"turns":5.0},{"damage":0.0,"enemies":"Small Slimes","floor":12.0,"turns":5.0},{"damage":17.0,"enemies":"3 Sentries","floor":14.0,"turns":7.0},{"damage":31.0,"enemies":"The Guardian","floor":16.0,"turns":9.0},{"damage":13,"enemies":"Shell Parasite","floor":18,"turns":6},{"damage":10,"enemies":"Masked Bandits","floor":21,"turns":3},{"damage":0,"enemies":"Spheric Guardian","floor":22,"turns":3},{"damage":61,"enemies":"Slavers","floor":24,"turns":5}],"seed_played":"1337968123457298349","potions_obtained":[{"floor":6.0,"key":"DistilledChaos"},{"floor":12.0,"key":"EntropicBrew"},{"floor":14.0,"key":"BlessingOfTheForge"},{"floor":16.0,"key":"AttackPotion"}],"is_trial":false,"path_per_floor":["M","?","?","T","?","E","M","R","T","?","E","M","$","E","R","B",null,"M","?","?","?","M","R","E"],"character_chosen":"WATCHER","items_purchased":["LikeWater","FollowUp"],"campfire_rested":2,"item_purchase_floors":[13,13],"current_hp_per_floor":[65,65,65,65,58,38,39,61,61,61,48,50,50,44,44,13,62,51,45,45,35,35,59,0,0],"gold":328,"neow_bonus":"BOSS_RELIC","is_daily":false,"chose_seed":false,"campfire_upgraded":1,"win_rate":0.0,"timestamp":1609658402,"path_taken":["M","?","?","?","?","E","M","R","T","?","E","?","$","E","R","BOSS","M","?","?","?","M","R","E"],"items_purchased_type":["Card","Card"],"build_version":"2020-12-22","purchased_purges":0,"victory":false,"max_hp_per_floor":[72,72,72,72,72,72,74,74,74,74,74,76,76,78,78,78,78,80,80,80,80,80,80,80,80],"relic_stats":{"Busted Crown":20,"Singing Bowl":8,"Happy Flower":[15],"counters":[11,59],"Ornamental Fan":[72],"GoldenEye":[0],"obtain_stats":[{"Busted Crown":0,"Singing Bowl":4,"Happy Flower":6,"Ornamental Fan":5,"The Courier":9,"Red Mask":21,"PureWater":0,"Bottled Tornado":14,"GoldenEye":11,"Runic Pyramid":17},{"Busted Crown":0,"Singing Bowl":1,"Happy Flower":2,"Ornamental Fan":1,"The Courier":3,"Red Mask":9,"PureWater":0,"Bottled Tornado":6,"GoldenEye":4,"Runic Pyramid":7},{"Busted Crown":0,"Singing Bowl":2,"Happy Flower":13,"Ornamental Fan":2,"The Courier":16,"Red Mask":51,"PureWater":0,"Bottled Tornado":33,"GoldenEye":21,"Runic Pyramid":42}]},"card_choices":[{"not_picked":[],"picked":"EmptyFist","floor":1.0},{"not_picked":[],"picked":"EmptyBody","floor":6.0},{"not_picked":["EmptyFist"],"picked":"Singing Bowl","floor":7.0},{"not_picked":[],"picked":"SashWhip","floor":11.0},{"not_picked":["Consecrate"],"picked":"Singing Bowl","floor":12.0},{"not_picked":["Establishment"],"picked":"Singing Bowl","floor":14.0},{"not_picked":[],"picked":"Brilliance","floor":16.0},{"not_picked":["EmptyBody"],"picked":"Singing Bowl","floor":18},{"not_picked":[],"picked":"Swivel","floor":21},{"not_picked":[],"picked":"LikeWater","floor":22}],"player_experience":428810,"relics_obtained":[{"floor":4.0,"key":"Singing Bowl"},{"floor":6.0,"key":"Happy Flower"},{"floor":9.0,"key":"The Courier"},{"floor":11.0,"key":"GoldenEye"},{"floor":14.0,"key":"Bottled Tornado"},{"floor":21,"key":"Red Mask"}],"event_choices":[{"cards_removed":["Defend_P"],"damage_healed":0.0,"max_hp_gain":0.0,"max_hp_loss":0.0,"gold_gain":0.0,"event_name":"The Cleric","player_choice":"Card Removal","floor":2.0,"gold_loss":50.0,"damage_taken":0.0},{"damage_healed":0.0,"max_hp_gain":0.0,"max_hp_loss":0.0,"gold_gain":0.0,"event_name":"Shining Light","player_choice":"Ignored","floor":3.0,"gold_loss":0.0,"damage_taken":0.0},{"damage_healed":0.0,"max_hp_gain":0.0,"max_hp_loss":0.0,"gold_gain":0.0,"event_name":"Scrap Ooze","player_choice":"Success","floor":5.0,"gold_loss":0.0,"damage_taken":7.0,"relics_obtained":["Ornamental Fan"]},{"damage_healed":0.0,"max_hp_gain":0.0,"max_hp_loss":0.0,"gold_gain":0.0,"event_name":"Match and Keep!","player_choice":"2 cards matched","floor":10.0,"gold_loss":0.0,"damage_taken":0.0,"cards_obtained":["Wish","Worship"]},{"damage_healed":0,"gold_gain":0,"player_choice":"Joined the Cult","damage_taken":6,"max_hp_gain":0,"max_hp_loss":0,"event_name":"Nest","floor":19,"gold_loss":0,"cards_obtained":["RitualDagger"]},{"damage_healed":0,"gold_gain":0,"player_choice":"Ignored","damage_taken":0,"max_hp_gain":0,"max_hp_loss":0,"event_name":"Vampires","floor":20,"gold_loss":0},{"damage_healed":0,"gold_gain":0,"player_choice":"Fought Bandits","damage_taken":0,"max_hp_gain":0,"max_hp_loss":0,"event_name":"Masked Bandits","floor":21,"gold_loss":0}],"is_beta":false,"boss_relics":[{"not_picked":["Black Star","Ectoplasm"],"picked":"Runic Pyramid"}],"items_purged_floors":[],"is_endless":false,"potions_floor_spawned":[6,12,14,16],"killed_by":"Slavers","ascension_level":10}}