{"host":"2se5dq1do2gp0x9k","time":1609709182,"event":{"mods":["AchievementEnabler","BaseMod","Block Reminder","Colored Map","Colored Powertips","Minty Spire (QoL Compilation)","Relic Stats","StSLib","SuperFastMode"],"gold_per_floor":[11,28,28,47,13,53,53,78,78,78,91,91,91,106,106,225,225,241,241,166,187,187,228,244,244,244,244,259,259,272,308,308,308,308],"floor_reached":33,"playtime":1374,"items_purged":["Defend_P"],"score":477,"play_id":"7f5c1eba-8c4e-41ea-b305-23c95b7c840c","local_time":"20210103132622","is_ascension_mode":true,"campfire_choices":[{"data":"Metamorphosis","floor":10.0,"key":"SMITH"},{"data":"Meditate","floor":12.0,"key":"SMITH"},{"data":"Study","floor":15.0,"key":"SMITH"},{"floor":25.0,"key":"REST"},{"data":"Evaluate","floor":27.0,"key":"SMITH"},{"floor":32,"key":"REST"}],"circlet_count":0,"master_deck":["Strike_P","Strike_P","Strike_P","Strike_P","Defend_P","Defend_P","Defend_P","Eruption","Vigilance","Metamorphosis+1","Evaluate","Protect","Evaluate+1","Study+1","Meditate+1","Protect","Evaluate","DeusExMachina","Evaluate+1","SignatureMove+1","JustLucky+1","Meditate"],"relics":["HolyWater","Golden Idol","Meat on the Bone","Letter Opener","Enchiridion","CultistMask","Eternal Feather","Molten Egg 2","StrikeDummy"],"acts_visited":["Exordium","TheCity"],"potions_floor_usage":[31,33],"damage_taken":[{"damage":7.0,"enemies":"Jaw Worm","floor":1.0,"turns":3.0},{"damage":4.0,"enemies":"2 Louse","floor":2.0,"turns":3.0},{"damage":0.0,"enemies":"Small Slimes","floor":4.0,"turns":3.0},{"damage":33.0,"enemies":"3 Sentries","floor":6.0,"turns":8.0},{"damage":6.0,"enemies":"Looter","floor":8.0,"turns":4.0},{"damage":4.0,"enemies":"Red Slaver","floor":11.0,"turns":3.0},{"damage":8.0,"enemies":"Exordium Wildlife","floor":14.0,"turns":4.0},{"damage":14.0,"enemies":"Slime Boss","floor":16.0,"turns":8.0},{"damage":7.0,"enemies":"Chosen","floor":18.0,"turns":3.0},{"damage":2.0,"enemies":"Shell Parasite","floor":21.0,"turns":6.0},{"damage":9.0,"enemies":"Gremlin Leader","floor":23.0,"turns":6.0},{"damage":31.0,"enemies":"Snake Plant","floor":24.0,"turns":5.0},{"damage":10,"enemies":"Centurion and Healer","floor":28,"turns":4},{"damage":33,"enemies":"Snecko","floor":30,"turns":7},{"damage":0,"enemies":"Book of Stabbing","floor":31,"turns":4},{"damage":68,"enemies":"Automaton","floor":33,"turns":8}],"seed_played":"6985847323846678980","potions_obtained":[{"floor":1.0,"key":"Energy Potion"},{"floor":4.0,"key":"Regen Potion"},{"floor":8.0,"key":"Dexterity Potion"},{"floor":14.0,"key":"Explosive Potion"},{"floor":28,"key":"DuplicationPotion"},{"floor":30,"key":"Fire Potion"}],"is_trial":false,"path_per_floor":["M","M","?","M","$","E","?","M","T","R","M","R","$","M","R","B",null,"M","?","$","M","?","E","M","R","T","R","M","?","M","E","R","B"],"character_chosen":"WATCHER","items_purchased":["Study"],"campfire_rested":2,"item_purchase_floors":[5],"current_hp_per_floor":[58,54,54,54,54,33,55,49,49,49,45,45,45,37,37,35,59,52,36,36,34,34,37,18,50,50,62,52,46,25,37,67,0,0],"gold":308,"neow_bonus":"RANDOM_COLORLESS_2","is_daily":false,"chose_seed":false,"campfire_upgraded":4,"win_rate":0.0,"timestamp":1609709182,"path_taken":["M","M","?","M","$","E","?","M","T","R","M","R","$","M","R","BOSS","M","?","$","M","?","E","?","R","T","R","M","?","M","E","R","BOSS"],"items_purchased_type":["Card"],"build_version":"2020-12-22","purchased_purges":1,"victory":false,"max_hp_per_floor":[72,72,67,67,67,67,67,67,67,67,67,67,67,67,67,67,67,67,67,67,67,67,67,67,67,67,67,67,67,67,67,67,67,67],"relic_stats":{"counters":[16,79],"Golden Idol":78,"Eternal Feather":36,"Letter Opener":[247],"obtain_stats":[{"Golden Idol":3,"HolyWater":17,"Enchiridion":19,"Eternal Feather":23,"Molten Egg 2":26,"CultistMask":22,"Letter Opener":9,"PureWater":0,"StrikeDummy":31,"Meat on the Bone":6},{"Golden Idol":2,"HolyWater":8,"Enchiridion":9,"Eternal Feather":11,"Molten Egg 2":12,"CultistMask":10,"Letter Opener":5,"PureWater":0,"StrikeDummy":15,"Meat on the Bone":4},{"Golden Idol":6,"HolyWater":36,"Enchiridion":39,"Eternal Feather":51,"Molten Egg 2":56,"CultistMask":45,"Letter Opener":21,"PureWater":0,"StrikeDummy":71,"Meat on the Bone":17}],"Meat on the Bone":60},"card_choices":[{"not_picked":["Chrysalis","Mayhem"],"picked":"Metamorphosis","floor":0.0},{"not_picked":["InnerPeace","FollowUp"],"picked":"Evaluate","floor":1.0},{"not_picked":["FlurryOfBlows","PathToVictory"],"picked":"Protect","floor":2.0},{"not_picked":["Sanctity","SashWhip"],"picked":"Evaluate","floor":4.0},{"not_picked":["BowlingBash","Perseverance"],"picked":"Meditate","floor":6.0},{"not_picked":["FlurryOfBlows","Halt"],"picked":"Protect","floor":8.0},{"not_picked":["Halt","FlyingSleeves","Prostrate"],"picked":"SKIP","floor":11.0},{"not_picked":["FollowUp","Devotion"],"picked":"Evaluate","floor":14.0},{"not_picked":["DevaForm","Brilliance"],"picked":"DeusExMachina","floor":16.0},{"not_picked":["MentalFortress","Halt"],"picked":"Evaluate+1","floor":18.0},{"not_picked":["Sanctity","Consecrate"],"picked":"SignatureMove+1","floor":21.0},{"not_picked":["FollowUp","EmptyFist","Nirvana"],"picked":"SKIP","floor":23.0},{"not_picked":["EmptyBody","BowlingBash"],"picked":"JustLucky+1","floor":24.0},{"not_picked":["ClearTheMind","Halt","ThirdEye"],"picked":"SKIP","floor":28},{"not_picked":["EmptyBody","BowlingBash+1","SashWhip+1"],"picked":"SKIP","floor":30},{"not_picked":["FlurryOfBlows+1","Study"],"picked":"Meditate","floor":31}],"player_experience":3740820,"relics_obtained":[{"floor":6.0,"key":"Meat on the Bone"},{"floor":9.0,"key":"Letter Opener"},{"floor":19.0,"key":"Enchiridion"},{"floor":23.0,"key":"Eternal Feather"},{"floor":26.0,"key":"Molten Egg 2"},{"floor":31,"key":"StrikeDummy"}],"event_choices":[{"damage_healed":0.0,"max_hp_gain":0.0,"max_hp_loss":5.0,"gold_gain":0.0,"event_name":"Golden Idol","player_choice":"Lose Max HP","floor":3.0,"gold_loss":0.0,"damage_taken":0.0,"relics_obtained":["Golden Idol"]},{"damage_healed":22.0,"max_hp_gain":0.0,"max_hp_loss":0.0,"gold_gain":0.0,"event_name":"Big Fish","player_choice":"Banana","floor":7.0,"gold_loss":0.0,"damage_taken":0.0},{"damage_healed":0.0,"max_hp_gain":0.0,"max_hp_loss":0.0,"gold_gain":0.0,"event_name":"Cursed Tome","player_choice":"Obtained Book","floor":19.0,"gold_loss":0.0,"damage_taken":16.0},{"damage_healed":0.0,"max_hp_gain":0.0,"max_hp_loss":0.0,"gold_gain":0.0,"event_name":"FaceTrader","player_choice":"Trade","floor":22.0,"gold_loss":0.0,"damage_taken":0.0,"relics_obtained":["CultistMask"]},{"damage_healed":0,"gold_gain":0,"player_choice":"","damage_taken":6,"max_hp_gain":0,"max_hp_loss":0,"event_name":"Knowing Skull","floor":29,"potions_obtained":[],"gold_loss":0,"cards_obtained":[]}],"is_beta":false,"boss_relics":[{"not_picked":["VioletLotus","Black Star"],"picked":"HolyWater"}],"items_purged_floors":[20],"is_endless":false,"potions_floor_spawned":[1,4,8,14,28,30],"killed_by":"Automaton","ascension_level":9}}