{"host":"0lnx88jdgcrh6gmr","time":1609697996,"event":{"mods":["2.2 Compatiblity","AchievementEnabler","BaseMod","Beaked The Cultist","Better Note","Better Skull","Better Third Choice","Block Reminder","Colored Map","Displayed Cursed Tome","Glutton Mod","Googly Eyes","Hermit","Highlight Path","Minty Spire (QoL Compilation)","Rare Cards Sparkle","Relic Stats","Shade Mod","Spicy Shops","StSLib","The Construct","The Cursed","The Disciple","The Mystic","The Servant 0.9.4","Unceasing Turn Reminder","everything is the same but u backflip on backflip","slay the spire mod where everything is the same but ironclad has a cowboy hat"],"gold_per_floor":[117,77,90,100,120,120,30,30,30,30,47,47,27,2,2,103,103,118,118,131,131,149,149,163,177,200,217,234,95,95,95],"floor_reached":30,"playtime":1163,"items_purged":[],"score":226,"play_id":"00c2984d-4269-44a5-9481-1954c2658057","local_time":"20210103111956","is_ascension_mode":false,"campfire_choices":[{"data":"Caltrops","floor":8,"key":"SMITH"},{"floor":10,"key":"RECALL"},{"floor":15,"key":"REST"},{"floor":23,"key":"REST"}],"circlet_count":0,"master_deck":["Strike_G","Strike_G","Strike_G","Strike_G","Strike_G","Defend_G","Defend_G","Defend_G","Defend_G","Defend_G","Survivor","Neutralize","Deadly Poison","Prepared","Sucker Punch","Bouncing Flask","Poisoned Stab","Caltrops+1","Leg Sweep","Backflip","Deadly Poison","Caltrops+1","Noxious Fumes","Backstab","Backstab","Bane","Escape Plan","Bane+1","Dash","Leg Sweep"],"relics":["Ring of the Serpent","Orichalcum","Shuriken","Boot"],"acts_visited":["Exordium","TheCity"],"potions_floor_usage":[28,28,28,28,28,30],"damage_taken":[{"damage":0,"enemies":"2 Louse","floor":1,"turns":3},{"damage":0,"enemies":"Cultist","floor":3,"turns":3},{"damage":10,"enemies":"Jaw Worm","floor":4,"turns":5},{"damage":5,"enemies":"Looter","floor":5,"turns":3},{"damage":3,"enemies":"Large Slime","floor":11,"turns":4},{"damage":13,"enemies":"Exordium Thugs","floor":13,"turns":4},{"damage":37,"enemies":"Hexaghost","floor":16,"turns":11},{"damage":5,"enemies":"Shell Parasite","floor":18,"turns":5},{"damage":24,"enemies":"3 Byrds","floor":20,"turns":5},{"damage":48,"enemies":"3 Cultists","floor":22,"turns":5},{"damage":16,"enemies":"Centurion and Healer","floor":24,"turns":7},{"damage":8,"enemies":"Snecko","floor":25,"turns":5},{"damage":15,"enemies":"Shelled Parasite and Fungi","floor":27,"turns":5},{"damage":0,"enemies":"3 Cultists","floor":28,"turns":6},{"damage":5,"enemies":"Snake Plant","floor":30,"turns":2}],"seed_played":"-1571378128733628597","potions_obtained":[{"floor":2,"key":"Dexterity Potion"},{"floor":2,"key":"SpeedPotion"},{"floor":2,"key":"EntropicBrew"},{"floor":3,"key":"Fruit Juice"},{"floor":11,"key":"Strength Potion"},{"floor":20,"key":"FairyPotion"},{"floor":25,"key":"CunningPotion"}],"is_trial":false,"path_per_floor":["M","?","M","M","M","?","$","R","T","R","M","T","M","$","R","B",null,"M","?","M","$","M","R","M","M","T","M","M","$","M"],"character_chosen":"THE_SILENT","items_purchased":["Poisoned Stab","Caltrops","Backflip","Dash","Leg Sweep"],"campfire_rested":2,"item_purchase_floors":[7,7,14,29,29],"current_hp_per_floor":[70,70,70,60,55,55,55,55,55,55,52,52,39,39,60,23,70,65,65,41,41,21,42,26,18,18,3,3,3,0,0],"gold":95,"neow_bonus":"RANDOM_COMMON_RELIC","is_daily":false,"chose_seed":false,"campfire_upgraded":1,"win_rate":0.0,"timestamp":1609697996,"path_taken":["M","?","M","?","M","?","$","R","T","R","M","?","M","$","R","BOSS","M","?","M","?","M","R","M","M","T","M","M","$","M"],"items_purchased_type":["Card","Card","Card","Card","Card"],"build_version":"2020-12-22","purchased_purges":0,"victory":false,"max_hp_per_floor":[70,70,70,70,70,70,70,70,70,70,70,70,70,70,70,70,70,70,70,70,70,70,70,70,70,70,70,70,70,70,70],"relic_stats":{"counters":[15,73],"Shuriken":[13],"Orichalcum":[144],"Boot":[4],"obtain_stats":[{"Shuriken":12,"Orichalcum":0,"Boot":26,"Ring of the Serpent":17,"Ring of the Snake":0},{"Shuriken":5,"Orichalcum":0,"Boot":12,"Ring of the Serpent":7,"Ring of the Snake":0},{"Shuriken":18,"Orichalcum":0,"Boot":60,"Ring of the Serpent":33,"Ring of the Snake":0}]},"card_choices":[{"not_picked":["Quick Slash","Dagger Throw"],"picked":"Deadly Poison","floor":1},{"not_picked":["Acrobatics","Underhanded Strike"],"picked":"Prepared","floor":3},{"not_picked":["Outmaneuver","Calculated Gamble"],"picked":"Sucker Punch","floor":4},{"not_picked":["Calculated Gamble","Dagger Throw"],"picked":"Bouncing Flask","floor":5},{"not_picked":["Infinite Blades","Acrobatics","Well Laid Plans"],"picked":"SKIP","floor":11},{"not_picked":["Flechettes","Bane"],"picked":"Leg Sweep","floor":13},{"not_picked":["Underhanded Strike","Slice"],"picked":"Deadly Poison","floor":18},{"not_picked":["Slice","Blade Dance"],"picked":"Noxious Fumes","floor":20},{"not_picked":["Concentrate+1","Slice"],"picked":"Backstab","floor":22},{"not_picked":["Prepared","Tactician"],"picked":"Backstab","floor":24},{"not_picked":["Cloak And Dagger","PiercingWail"],"picked":"Bane","floor":25},{"not_picked":["Bane","Prepared"],"picked":"Escape Plan","floor":27},{"not_picked":["Cloak And Dagger","Escape Plan+1"],"picked":"Bane+1","floor":28}],"player_experience":240842,"relics_obtained":[{"floor":12,"key":"Shuriken"},{"floor":26,"key":"Boot"}],"event_choices":[{"damage_healed":0,"gold_gain":0,"player_choice":"Bought 3 Potions","damage_taken":0,"max_hp_gain":0,"max_hp_loss":0,"event_name":"The Woman in Blue","floor":2,"gold_loss":0},{"damage_healed":0,"gold_gain":0,"player_choice":"Ignored","damage_taken":120,"max_hp_gain":0,"max_hp_loss":0,"event_name":"betterThird:BetterSerpent","floor":6,"gold_loss":0},{"damage_healed":0,"gold_gain":0,"player_choice":"Copied","damage_taken":0,"max_hp_gain":0,"max_hp_loss":0,"event_name":"Duplicator","floor":19,"gold_loss":0,"cards_obtained":["Caltrops"]}],"is_beta":false,"boss_relics":[{"not_picked":["Runic Dome","beaked:SacredDeck"],"picked":"Ring of the Serpent"}],"items_purged_floors":[],"is_endless":false,"potions_floor_spawned":[3,11,13,16,20,25,27],"killed_by":"Snake Plant","ascension_level":0}}