{"host":"p7j7o00jacnw7qzt","time":1609710063,"event":{"mods":["BaseMod","Colored Map","Colored Powertips","DeckTracker","Highlight Path","Minty Spire (QoL Compilation)","Relic Stats"],"gold_per_floor":[118,132,132,132,57,89,89,122,122,150,170,170,198,211,211,282,282,293,343,343,33,33,60,76,76,76,76,101,101,101,118,118,192,192,207,50,66,76,76,103,103,132,213,213,238,254,254,287,287,287,287,287,287,106,131,131],"floor_reached":57,"playtime":2978,"items_purged":["Strike_R","Perfected Strike","Bash+1"],"score":3079,"play_id":"a38a0e00-de3f-4cad-b3d0-edf8fd06cc29","local_time":"20210103164103","is_ascension_mode":true,"campfire_choices":[{"data":"Rampage","floor":7.0,"key":"SMITH"},{"data":"Berserk","floor":12.0,"key":"SMITH"},{"data":"Rupture","floor":15.0,"key":"SMITH"},{"data":"Apotheosis","floor":25.0,"key":"SMITH"},{"floor":30.0,"key":"REST"},{"data":"Battle Trance","floor":32.0,"key":"SMITH"},{"data":"Feel No Pain","floor":47.0,"key":"SMITH"},{"floor":49.0,"key":"RECALL"},{"floor":53,"key":"REST"}],"circlet_count":0,"master_deck":["AscendersBane","Rupture+1","Berserk+1","Brutality","Warcry","Bloodletting","Heavy Blade","Entrench","Ghostly Armor","Armaments","Apotheosis+1","Second Wind","Burning Pact+1","Rupture+1","Juggernaut+1","Juggernaut+1","Warcry+1","Shockwave+1","Evolve+1","Offering+1","Feel No Pain+1","Shrug It Off+1","Shrug It Off+1"],"relics":["Burning Blood","NeowsBlessing","Mummified Hand","Dream Catcher","Pantograph","Matryoshka","Torii","Pandora\u0027s Box","Enchiridion","StrikeDummy","Nunchaku","Ice Cream","Red Skull","Toxic Egg 2","HornCleat","Astrolabe","Bag of Preparation","Sundial","FossilizedHelix","CaptainsWheel","Kunai"],"acts_visited":["Exordium","TheCity","TheBeyond","TheEnding"],"potions_floor_usage":[],"damage_taken":[{"damage":0.0,"enemies":"Cultist","floor":1.0,"turns":1.0},{"damage":0.0,"enemies":"Jaw Worm","floor":2.0,"turns":1.0},{"damage":0.0,"enemies":"Lagavulin","floor":6.0,"turns":1.0},{"damage":45.0,"enemies":"3 Sentries","floor":8.0,"turns":11.0},{"damage":8.0,"enemies":"Gremlin Nob","floor":10.0,"turns":3.0},{"damage":0.0,"enemies":"Small Slimes","floor":11.0,"turns":4.0},{"damage":38.0,"enemies":"3 Sentries","floor":13.0,"turns":9.0},{"damage":8.0,"enemies":"Exordium Wildlife","floor":14.0,"turns":6.0},{"damage":32.0,"enemies":"Hexaghost","floor":16.0,"turns":8.0},{"damage":5.0,"enemies":"Spheric Guardian","floor":18.0,"turns":3.0},{"damage":15.0,"enemies":"Gremlin Leader","floor":23.0,"turns":4.0},{"damage":9.0,"enemies":"3 Byrds","floor":24.0,"turns":5.0},{"damage":43.0,"enemies":"Slavers","floor":28.0,"turns":5.0},{"damage":7.0,"enemies":"Cultist and Chosen","floor":31.0,"turns":3.0},{"damage":27.0,"enemies":"Collector","floor":33.0,"turns":4.0},{"damage":4.0,"enemies":"Orb Walker","floor":35.0,"turns":2.0},{"damage":4.0,"enemies":"3 Shapes","floor":37.0,"turns":3.0},{"damage":19.0,"enemies":"Spire Growth","floor":38.0,"turns":3.0},{"damage":8.0,"enemies":"Giant Head","floor":40.0,"turns":3.0},{"damage":13.0,"enemies":"Nemesis","floor":42.0,"turns":3.0},{"damage":8.0,"enemies":"Mind Bloom Boss Battle","floor":45.0,"turns":4.0},{"damage":11.0,"enemies":"4 Shapes","floor":46.0,"turns":3.0},{"damage":5.0,"enemies":"Giant Head","floor":48.0,"turns":4.0},{"damage":20,"enemies":"Time Eater","floor":50,"turns":4},{"damage":19,"enemies":"Donu and Deca","floor":51,"turns":4},{"damage":11,"enemies":"Shield and Spear","floor":55,"turns":2},{"damage":28,"enemies":"The Heart","floor":56,"turns":5}],"seed_played":"-446435926343970482","potions_obtained":[{"floor":2.0,"key":"FairyPotion"},{"floor":8.0,"key":"Explosive Potion"},{"floor":13.0,"key":"SpeedPotion"},{"floor":14.0,"key":"Fruit Juice"},{"floor":16.0,"key":"BloodPotion"},{"floor":18.0,"key":"DistilledChaos"},{"floor":33.0,"key":"Fire Potion"},{"floor":35.0,"key":"GamblersBrew"},{"floor":48.0,"key":"LiquidMemories"}],"is_trial":false,"path_per_floor":["M","M","?","?","$","E","R","E","T","E","M","R","E","M","R","B",null,"M","?","?","$","$","E","M","R","T","T","E","?","R","M","R","B",null,"M","$","M","M","$","E","?","E","T","?","?","M","R","E","R","B","B",null,"R","$","E","B",null],"character_chosen":"IRONCLAD","items_purchased":["Apotheosis","Bag of Preparation","Shrug It Off+1"],"campfire_rested":2,"item_purchase_floors":[21,36,54],"current_hp_per_floor":[74,75,52,52,52,58,58,19,19,17,23,23,13,11,11,15,64,80,80,59,59,59,50,47,47,47,47,10,10,34,33,33,37,69,71,71,73,60,60,58,58,51,51,51,74,69,69,70,70,66,67,77,80,80,75,58],"gold":131,"neow_bonus":"THREE_ENEMY_KILL","is_daily":false,"chose_seed":false,"campfire_upgraded":6,"win_rate":0.0,"timestamp":1609710063,"path_taken":["M","M","?","?","$","E","R","E","T","E","M","R","E","?","R","BOSS","M","?","?","?","$","E","?","R","T","?","E","?","R","M","R","BOSS","M","?","M","?","$","E","?","E","T","?","?","M","R","E","R","BOSS","BOSS","R","$","E","BOSS"],"items_purchased_type":["Card","Relic","Card"],"build_version":"2020-12-22","purchased_purges":3,"victory":true,"max_hp_per_floor":[75,75,75,75,75,75,75,75,75,75,75,75,75,75,75,80,80,80,80,80,80,80,80,80,80,80,80,80,80,80,80,80,80,80,80,80,80,80,80,80,80,80,80,80,80,80,80,80,80,80,80,80,80,80,80,80],"relic_stats":{"Torii":17,"counters":[27,108],"Astrolabe":["Juggernaut","Juggernaut","Warcry"],"Bag of Preparation":[22],"Burning Blood":157,"Dream Catcher":2,"Nunchaku":[7],"Mummified Hand":[143],"Sundial":[28],"Pantograph":104,"Pandora\u0027s Box":["Warcry","Bloodletting","Heavy Blade","Perfected Strike","Sever Soul","Entrench","Ghostly Armor","Armaments"],"Kunai":[0],"obtain_stats":[{"Ice Cream":26,"NeowsBlessing":0,"Torii":13,"Astrolabe":34,"Enchiridion":20,"Bag of Preparation":36,"Burning Blood":0,"Dream Catcher":8,"Nunchaku":26,"CaptainsWheel":45,"Matryoshka":10,"HornCleat":28,"Mummified Hand":6,"Sundial":40,"Pantograph":9,"Pandora\u0027s Box":17,"Kunai":55,"Toxic Egg 2":27,"StrikeDummy":23,"Red Skull":27,"FossilizedHelix":42},{"Ice Cream":12,"NeowsBlessing":0,"Torii":7,"Astrolabe":15,"Enchiridion":10,"Bag of Preparation":16,"Burning Blood":0,"Dream Catcher":4,"Nunchaku":12,"CaptainsWheel":21,"Matryoshka":5,"HornCleat":13,"Mummified Hand":3,"Sundial":19,"Pantograph":4,"Pandora\u0027s Box":9,"Kunai":26,"Toxic Egg 2":12,"StrikeDummy":11,"Red Skull":12,"FossilizedHelix":20},{"Ice Cream":56,"NeowsBlessing":0,"Torii":30,"Astrolabe":68,"Enchiridion":47,"Bag of Preparation":70,"Burning Blood":0,"Dream Catcher":14,"Nunchaku":56,"CaptainsWheel":86,"Matryoshka":17,"HornCleat":61,"Mummified Hand":3,"Sundial":79,"Pantograph":14,"Pandora\u0027s Box":44,"Kunai":103,"Toxic Egg 2":56,"StrikeDummy":51,"Red Skull":56,"FossilizedHelix":82}]},"card_choices":[{"not_picked":["Clash","Clothesline","Anger"],"picked":"SKIP","floor":1.0},{"not_picked":["Heavy Blade","Pommel Strike"],"picked":"Rampage","floor":2.0},{"not_picked":["Clash","Anger","Entrench"],"picked":"SKIP","floor":6.0},{"not_picked":["Anger","Havoc"],"picked":"True Grit","floor":8.0},{"not_picked":["Fire Breathing","Twin Strike"],"picked":"Rupture","floor":10.0},{"not_picked":["Flex","Ghostly Armor"],"picked":"Berserk","floor":11.0},{"not_picked":["Warcry","Twin Strike","True Grit"],"picked":"SKIP","floor":13.0},{"not_picked":["Entrench","Anger"],"picked":"Battle Trance","floor":14.0},{"not_picked":["Limit Break","Impervious"],"picked":"Brutality","floor":16.0},{"not_picked":["Iron Wave","Anger","Infernal Blade"],"picked":"SKIP","floor":18.0},{"not_picked":["Armaments","Body Slam","Cleave+1"],"picked":"SKIP","floor":23.0},{"not_picked":["Armaments","Body Slam","Cleave+1"],"picked":"SKIP","floor":23.0},{"not_picked":["Clothesline","Combust"],"picked":"Second Wind","floor":24.0},{"not_picked":["Sword Boomerang","Ghostly Armor+1"],"picked":"Burning Pact+1","floor":28.0},{"not_picked":["Disarm+1","Hemokinesis","Armaments+1"],"picked":"SKIP","floor":31.0},{"not_picked":["Reckless Charge","Heavy Blade","True Grit+1"],"picked":"SKIP","floor":35.0},{"not_picked":["Sentinel+1","Entrench+1"],"picked":"Shockwave+1","floor":37.0},{"not_picked":["Clothesline","Perfected Strike","Heavy Blade+1"],"picked":"SKIP","floor":38.0},{"not_picked":["Clothesline","Perfected Strike","Heavy Blade+1"],"picked":"SKIP","floor":38.0},{"not_picked":["Shrug It Off+1","Dual Wield+1"],"picked":"Evolve+1","floor":40.0},{"not_picked":["Armaments+1","Ghostly Armor+1","Clothesline"],"picked":"SKIP","floor":42.0},{"not_picked":["Pommel Strike+1","True Grit+1"],"picked":"Offering+1","floor":45.0},{"not_picked":["Thunderclap","Clash"],"picked":"Feel No Pain","floor":46.0},{"not_picked":["Flex+1","Perfected Strike+1","Armaments+1"],"picked":"SKIP","floor":48.0},{"not_picked":["Pummel","Heavy Blade"],"picked":"Shrug It Off+1","floor":53},{"not_picked":["Blood for Blood","Bludgeon","Sword Boomerang"],"picked":"SKIP","floor":55}],"player_experience":968540,"relics_obtained":[{"floor":6.0,"key":"Mummified Hand"},{"floor":8.0,"key":"Dream Catcher"},{"floor":9.0,"key":"Pantograph"},{"floor":10.0,"key":"Matryoshka"},{"floor":13.0,"key":"Torii"},{"floor":20.0,"key":"Enchiridion"},{"floor":23.0,"key":"StrikeDummy"},{"floor":26.0,"key":"Nunchaku"},{"floor":26.0,"key":"Ice Cream"},{"floor":27.0,"key":"Red Skull"},{"floor":27.0,"key":"Toxic Egg 2"},{"floor":28.0,"key":"HornCleat"},{"floor":40.0,"key":"Sundial"},{"floor":42.0,"key":"FossilizedHelix"},{"floor":45.0,"key":"CaptainsWheel"},{"floor":55,"key":"Kunai"}],"event_choices":[{"damage_healed":0.0,"max_hp_gain":0.0,"max_hp_loss":0.0,"gold_gain":0.0,"event_name":"Shining Light","player_choice":"Entered Light","floor":3.0,"gold_loss":0.0,"damage_taken":23.0,"cards_upgraded":["Bash","Strike_R"]},{"damage_healed":0.0,"max_hp_gain":0.0,"max_hp_loss":0.0,"gold_gain":0.0,"event_name":"Match and Keep!","player_choice":"0 cards matched","floor":4.0,"gold_loss":0.0,"damage_taken":0.0,"cards_obtained":[]},{"damage_healed":0.0,"max_hp_gain":0.0,"max_hp_loss":0.0,"gold_gain":50.0,"event_name":"Nest","player_choice":"Stole From Cult","floor":19.0,"gold_loss":0.0,"damage_taken":0.0},{"damage_healed":0.0,"max_hp_gain":0.0,"max_hp_loss":0.0,"gold_gain":0.0,"event_name":"Cursed Tome","player_choice":"Obtained Book","floor":20.0,"gold_loss":0.0,"damage_taken":21.0},{"damage_healed":0.0,"max_hp_gain":0.0,"max_hp_loss":0.0,"gold_gain":0.0,"event_name":"Duplicator","player_choice":"Copied","floor":29.0,"gold_loss":0.0,"damage_taken":0.0,"cards_obtained":["Rupture"]},{"damage_healed":0.0,"max_hp_gain":0.0,"max_hp_loss":0.0,"gold_gain":0.0,"event_name":"Tomb of Lord Red Mask","player_choice":"Ignored","floor":41.0,"gold_loss":0.0,"damage_taken":0.0},{"cards_removed":["Battle Trance"],"damage_healed":0.0,"max_hp_gain":0.0,"max_hp_loss":0.0,"gold_gain":0.0,"event_name":"Falling","player_choice":"Removed Skill","floor":44.0,"gold_loss":0.0,"damage_taken":0.0},{"damage_healed":0.0,"max_hp_gain":0.0,"max_hp_loss":0.0,"gold_gain":0.0,"event_name":"MindBloom","player_choice":"Fight","floor":45.0,"gold_loss":0.0,"damage_taken":0.0}],"is_beta":false,"boss_relics":[{"not_picked":["Sozu","SacredBark"],"picked":"Pandora\u0027s Box"},{"not_picked":["Mark of Pain","Calling Bell"],"picked":"Astrolabe"}],"items_purged_floors":[5,21,54],"is_endless":false,"potions_floor_spawned":[2,8,11,13,14,16,18,33,35,37,48],"ascension_level":20}}