{"host":"jm9833yuloeli2yd","time":1609697759,"event":{"mods":["AchievementEnabler","BaseMod","Better Altar","Better Match","Better Note","Better Sensory Stone","Better Skull","Better Third Choice","Better Vampires","BetterRewards","Colored Map","Colored Powertips","DeckTracker","Marked Mod","Minty Spire (QoL Compilation)","Permanent Neow","Quick Restart","StSLib","SuperFastMode"],"gold_per_floor":[109,109,121,121,121,162,162,206,206,241,241,280,280,316,316,406,406,425,425,425,425],"floor_reached":20,"playtime":691,"items_purged":["Defend_R"],"score":536,"play_id":"f55cc349-ed1a-4fb4-b1fb-ca85463e31c2","local_time":"20210103131559","is_ascension_mode":true,"campfire_choices":[{"data":"Pommel Strike","floor":7,"key":"SMITH"},{"data":"1","floor":11,"key":"LIFT"},{"floor":13,"key":"REST"},{"data":"2","floor":15,"key":"LIFT"}],"circlet_count":0,"master_deck":["AscendersBane","Strike_R","Strike_R","Strike_R","Strike_R","Defend_R","Defend_R","Defend_R","Bash","Battle Trance","Combust","Inflame","Pommel Strike+1","Dropkick","True Grit","Barricade+1","Reaper"],"relics":["Burning Blood","Prayer Wheel","WarpedTongs","Golden Idol","Turnip","Bag of Marbles","Pocketwatch","Girya","Frozen Egg 2","Centennial Puzzle","Snecko Eye"],"acts_visited":["Exordium","TheCity"],"potions_floor_usage":[8,8,16,20],"damage_taken":[{"damage":3,"enemies":"Small Slimes","floor":1,"turns":4},{"damage":10,"enemies":"Cultist","floor":3,"turns":3},{"damage":17,"enemies":"Lagavulin","floor":6,"turns":7},{"damage":10,"enemies":"3 Sentries","floor":8,"turns":4},{"damage":15,"enemies":"Lagavulin","floor":10,"turns":5},{"damage":8,"enemies":"Gremlin Nob","floor":12,"turns":3},{"damage":20,"enemies":"3 Sentries","floor":14,"turns":5},{"damage":37,"enemies":"Hexaghost","floor":16,"turns":13},{"damage":14,"enemies":"Shell Parasite","floor":18,"turns":3},{"damage":70,"enemies":"Masked Bandits","floor":20,"turns":3}],"seed_played":"-6387817590393600149","potions_obtained":[{"floor":1,"key":"Explosive Potion"},{"floor":8,"key":"SpeedPotion"},{"floor":16,"key":"Fruit Juice"}],"is_trial":false,"path_per_floor":["M","?","M","?","?","E","R","E","T","E","R","E","R","E","R","B",null,"M","?","?"],"character_chosen":"IRONCLAD","items_purchased":["AttackPotion"],"campfire_rested":1,"item_purchase_floors":[0],"current_hp_per_floor":[63,63,59,59,59,48,48,44,44,35,35,33,53,39,39,8,53,45,45,0,0],"gold":425,"neow_bonus":"","is_daily":false,"chose_seed":false,"campfire_upgraded":1,"win_rate":0.0,"timestamp":1609697759,"path_taken":["M","?","?","?","?","E","R","E","T","E","R","E","R","E","R","BOSS","M","?","?"],"items_purchased_type":["Potion"],"build_version":"2020-12-22","purchased_purges":1,"victory":false,"max_hp_per_floor":[75,75,75,75,68,68,68,68,68,68,68,68,68,68,68,68,68,68,68,73,73],"card_choices":[{"not_picked":["Sever Soul","Shrug It Off"],"picked":"Battle Trance","floor":1},{"not_picked":["Warcry","Sword Boomerang"],"picked":"Combust","floor":1},{"not_picked":["Anger","Twin Strike"],"picked":"Inflame","floor":3},{"not_picked":["Havoc","Body Slam","Flex"],"picked":"SKIP","floor":3},{"not_picked":["Second Wind","Entrench"],"picked":"Pommel Strike","floor":6},{"not_picked":["Shrug It Off","Wild Strike"],"picked":"Dropkick","floor":8},{"not_picked":["Anger","Shrug It Off"],"picked":"True Grit","floor":10},{"not_picked":["Headbutt","Pommel Strike","Clash"],"picked":"SKIP","floor":12},{"not_picked":["Seeing Red","Combust+1"],"picked":"Barricade+1","floor":14},{"not_picked":["Corruption+1","Demon Form+1"],"picked":"Reaper","floor":16},{"not_picked":["Pummel","Wild Strike+1","Clash"],"picked":"SKIP","floor":18},{"not_picked":["Warcry","Cleave","Anger"],"picked":"SKIP","floor":18}],"player_experience":1249823,"relics_obtained":[{"floor":6,"key":"Turnip"},{"floor":8,"key":"Bag of Marbles"},{"floor":9,"key":"Pocketwatch"},{"floor":10,"key":"Girya"},{"floor":12,"key":"Frozen Egg 2"},{"floor":14,"key":"Centennial Puzzle"}],"event_choices":[{"damage_healed":0,"gold_gain":0,"player_choice":"Rummage","damage_taken":0,"relics_obtained":["WarpedTongs"],"max_hp_gain":0,"max_hp_loss":0,"event_name":"Accursed Blacksmith","floor":2,"gold_loss":0,"cards_obtained":["Pain"]},{"cards_removed":["Pain"],"damage_healed":0,"gold_gain":0,"player_choice":"Forget","damage_taken":0,"max_hp_gain":0,"max_hp_loss":0,"event_name":"Living Wall","floor":4,"gold_loss":0},{"damage_healed":0,"gold_gain":0,"player_choice":"Lose Max HP","damage_taken":0,"relics_obtained":["Golden Idol"],"max_hp_gain":0,"max_hp_loss":7,"event_name":"Golden Idol","floor":5,"gold_loss":0},{"cards_removed":["Strike_R"],"damage_healed":0,"gold_gain":0,"player_choice":"Elegance","damage_taken":0,"max_hp_gain":0,"max_hp_loss":0,"event_name":"betterThird:BetterWriting","floor":19,"gold_loss":0},{"damage_healed":0,"gold_gain":0,"player_choice":"Fought Bandits","damage_taken":0,"max_hp_gain":0,"max_hp_loss":0,"event_name":"Masked Bandits","floor":20,"gold_loss":0}],"is_beta":false,"boss_relics":[{"not_picked":["Ectoplasm","Fusion Hammer"],"picked":"Snecko Eye"}],"items_purged_floors":[0],"is_endless":false,"potions_floor_spawned":[1,3,6,8,16],"killed_by":"Masked Bandits","ascension_level":15}}