{"host":"akjsb4vg7478j4ls","time":1609643908,"event":{"mods":["BaseMod","Colored Powertips","Minty Spire (QoL Compilation)","Rare Cards Sparkle"],"gold_per_floor":[115,128,128,128,203,203,233,253,253,253,253,101,101,117,117,117,117],"floor_reached":16,"playtime":687,"items_purged":[],"score":129,"play_id":"ab18accd-3850-4b3d-914e-dca39823aba2","local_time":"20210103011828","is_ascension_mode":true,"campfire_choices":[{"floor":6,"key":"REST"},{"data":"After Image","floor":10,"key":"SMITH"},{"floor":15,"key":"REST"}],"circlet_count":0,"master_deck":["Strike_G","Strike_G","Strike_G","Strike_G","Strike_G","Defend_G","Defend_G","Defend_G","Defend_G","Defend_G","Survivor","Neutralize","Cloak And Dagger","Cloak And Dagger","After Image+1","Backflip","Underhanded Strike"],"relics":["Ring of the Snake","NeowsBlessing","Peace Pipe","Juzu Bracelet","Ice Cream","Golden Idol","Chemical X"],"acts_visited":["Exordium"],"potions_floor_usage":[],"damage_taken":[{"damage":0,"enemies":"2 Louse","floor":1,"turns":1},{"damage":0,"enemies":"Small Slimes","floor":2,"turns":1},{"damage":0,"enemies":"Gremlin Nob","floor":7,"turns":1},{"damage":0,"enemies":"Cultist","floor":8,"turns":5},{"damage":2,"enemies":"Large Slime","floor":14,"turns":8},{"damage":57,"enemies":"Hexaghost","floor":16,"turns":16}],"seed_played":"3936795693263996598","potions_obtained":[{"floor":2,"key":"Block Potion"},{"floor":14,"key":"Energy Potion"}],"is_trial":false,"path_per_floor":["M","M","$","?","?","R","E","M","T","R","?","$","?","M","R","B"],"character_chosen":"THE_SILENT","items_purchased":["Chemical X"],"campfire_rested":2,"item_purchase_floors":[12],"current_hp_per_floor":[70,70,70,52,41,62,62,62,62,62,45,45,38,36,57,0,0],"gold":117,"neow_bonus":"THREE_ENEMY_KILL","is_daily":false,"chose_seed":false,"campfire_upgraded":1,"win_rate":0.0,"timestamp":1609643908,"path_taken":["M","M","$","?","?","R","E","M","T","R","?","$","?","M","R","BOSS"],"items_purchased_type":["Relic"],"build_version":"2020-12-22","purchased_purges":0,"victory":false,"max_hp_per_floor":[70,70,70,70,70,70,70,70,70,70,70,70,70,70,70,70,70],"card_choices":[{"not_picked":["Deflect","Sucker Punch"],"picked":"Cloak And Dagger","floor":1},{"not_picked":["Expertise","Slice"],"picked":"Cloak And Dagger","floor":2},{"not_picked":["Tactician","Backflip"],"picked":"After Image","floor":7},{"not_picked":["Dodge and Roll","Tactician"],"picked":"Backflip","floor":8},{"not_picked":["Sucker Punch","Outmaneuver"],"picked":"Underhanded Strike","floor":14}],"player_experience":86193,"relics_obtained":[{"floor":7,"key":"Juzu Bracelet"},{"floor":9,"key":"Ice Cream"}],"event_choices":[{"damage_healed":0,"gold_gain":0,"player_choice":"Success","damage_taken":18,"relics_obtained":["Peace Pipe"],"max_hp_gain":0,"max_hp_loss":0,"event_name":"Scrap Ooze","floor":4,"gold_loss":0},{"damage_healed":0,"gold_gain":75,"player_choice":"Gather Gold","damage_taken":11,"max_hp_gain":0,"max_hp_loss":0,"event_name":"World of Goop","floor":5,"gold_loss":0},{"damage_healed":0,"gold_gain":0,"player_choice":"Take Damage","damage_taken":17,"relics_obtained":["Golden Idol"],"max_hp_gain":0,"max_hp_loss":0,"event_name":"Golden Idol","floor":11,"gold_loss":0},{"damage_healed":0,"gold_gain":0,"player_choice":"Damaged","damage_taken":7,"max_hp_gain":0,"max_hp_loss":0,"event_name":"Wheel of Change","floor":13,"gold_loss":0}],"is_beta":false,"boss_relics":[],"items_purged_floors":[],"is_endless":false,"potions_floor_spawned":[2,14],"killed_by":"Hexaghost","ascension_level":1}}