{"host":"t7mx8yfj1no5p62f","time":1609649735,"event":{"mods":["BaseMod","Colored Map","Colored Powertips","Minty Spire (QoL Compilation)","Relic Stats","StSLib"],"gold_per_floor":[117,117,133,145,162,197,197,214,214,245,245,262,262,280,280,351,351,368,368,368,387,397,428,428,428],"floor_reached":24,"playtime":965,"items_purged":[],"score":460,"play_id":"d257fdf9-770b-4a81-b37d-9cedc4f713ec","local_time":"20210102235535","is_ascension_mode":true,"campfire_choices":[{"data":"Uppercut","floor":7,"key":"SMITH"},{"data":"Fire Breathing","floor":11,"key":"SMITH"},{"data":"Pommel Strike","floor":13,"key":"SMITH"},{"data":"Disarm","floor":15,"key":"SMITH"}],"circlet_count":0,"master_deck":["AscendersBane","Strike_R","Strike_R","Defend_R","Defend_R","Defend_R","Defend_R","Bash","Uppercut+1","Pommel Strike+1","Intimidate","Anger","Fire Breathing+1","Armaments","Power Through","Disarm+1","Exhume","Disarm","Exhume","Seeing Red","RitualDagger","Shrug It Off+1"],"relics":["Burning Blood","White Beast Statue","Eternal Feather","SacredBark","Singing Bowl"],"acts_visited":["Exordium","TheCity"],"potions_floor_usage":[6,16,18,21,22,24],"damage_taken":[{"damage":14,"enemies":"Small Slimes","floor":1,"turns":6},{"damage":4,"enemies":"Cultist","floor":3,"turns":3},{"damage":0,"enemies":"2 Louse","floor":4,"turns":2},{"damage":7,"enemies":"2 Fungi Beasts","floor":5,"turns":4},{"damage":6,"enemies":"Gremlin Nob","floor":6,"turns":3},{"damage":27,"enemies":"Lots of Slimes","floor":8,"turns":7},{"damage":20,"enemies":"Lagavulin","floor":10,"turns":6},{"damage":3,"enemies":"Looter","floor":12,"turns":3},{"damage":3,"enemies":"2 Fungi Beasts","floor":14,"turns":4},{"damage":27,"enemies":"Hexaghost","floor":16,"turns":9},{"damage":4,"enemies":"Shell Parasite","floor":18,"turns":8},{"damage":0,"enemies":"3 Byrds","floor":21,"turns":12},{"damage":12,"enemies":"Centurion and Healer","floor":22,"turns":6},{"damage":24,"enemies":"Book of Stabbing","floor":23,"turns":8},{"damage":56,"enemies":"3 Cultists","floor":24,"turns":6}],"seed_played":"-3865349914229617783","potions_obtained":[{"floor":5,"key":"Fire Potion"},{"floor":8,"key":"EssenceOfSteel"},{"floor":10,"key":"SkillPotion"},{"floor":16,"key":"SteroidPotion"},{"floor":18,"key":"Dexterity Potion"},{"floor":21,"key":"AttackPotion"},{"floor":22,"key":"FearPotion"},{"floor":23,"key":"SpeedPotion"}],"is_trial":false,"path_per_floor":["M","?","M","M","M","E","R","M","T","E","R","M","R","M","R","B",null,"M","?","?","M","M","E","M"],"character_chosen":"IRONCLAD","items_purchased":[],"campfire_rested":0,"item_purchase_floors":[],"current_hp_per_floor":[67,67,69,75,74,74,74,53,53,39,48,51,60,63,72,51,74,76,76,70,76,70,52,0,0],"gold":428,"neow_bonus":"TEN_PERCENT_HP_BONUS","is_daily":false,"chose_seed":false,"campfire_upgraded":4,"win_rate":0.0,"timestamp":1609649735,"path_taken":["M","?","M","M","?","E","R","M","T","E","R","M","R","M","R","BOSS","M","?","?","M","M","E","M"],"items_purchased_type":[],"build_version":"2020-12-22","purchased_purges":0,"victory":false,"max_hp_per_floor":[82,82,82,82,82,82,82,82,82,82,82,82,82,82,82,82,82,82,82,82,82,82,82,82,82],"relic_stats":{"Singing Bowl":0,"counters":[15,87],"Eternal Feather":27,"obtain_stats":[{"Singing Bowl":23,"SacredBark":17,"Eternal Feather":10,"Burning Blood":0,"White Beast Statue":6},{"Singing Bowl":14,"SacredBark":10,"Eternal Feather":7,"Burning Blood":0,"White Beast Statue":5},{"Singing Bowl":81,"SacredBark":47,"Eternal Feather":31,"Burning Blood":0,"White Beast Statue":18}],"Burning Blood":84},"card_choices":[{"not_picked":["Shrug It Off","Wild Strike"],"picked":"Uppercut","floor":1},{"not_picked":["Flame Barrier","Sentinel"],"picked":"Pommel Strike","floor":3},{"not_picked":["Clothesline","Heavy Blade"],"picked":"Intimidate","floor":4},{"not_picked":["Heavy Blade","Sever Soul"],"picked":"Anger","floor":5},{"not_picked":["Cleave","Infernal Blade"],"picked":"Fire Breathing","floor":6},{"not_picked":["Clash","Iron Wave"],"picked":"Armaments","floor":8},{"not_picked":["Impervious","Exhume"],"picked":"Power Through","floor":10},{"not_picked":["Rupture","Flex","Heavy Blade"],"picked":"SKIP","floor":12},{"not_picked":["Havoc","Headbutt"],"picked":"Disarm","floor":14},{"not_picked":["Double Tap","Demon Form"],"picked":"Exhume","floor":16},{"not_picked":["Heavy Blade+1","Perfected Strike"],"picked":"Disarm","floor":18},{"not_picked":["Havoc","Intimidate","Armaments"],"picked":"SKIP","floor":21},{"not_picked":["Pommel Strike+1","Heavy Blade","True Grit"],"picked":"SKIP","floor":22},{"not_picked":["Reaper","Bludgeon"],"picked":"Shrug It Off+1","floor":23}],"player_experience":1642702,"relics_obtained":[{"floor":6,"key":"White Beast Statue"},{"floor":10,"key":"Eternal Feather"},{"floor":23,"key":"Singing Bowl"}],"event_choices":[{"cards_removed":["Strike_R"],"damage_healed":0,"gold_gain":0,"player_choice":"Offered Basic","damage_taken":0,"max_hp_gain":0,"max_hp_loss":0,"event_name":"Bonfire Elementals","floor":2,"gold_loss":0},{"damage_healed":0,"gold_gain":0,"cards_transformed":["Strike_R","Strike_R"],"player_choice":"Became Test Subject","damage_taken":0,"max_hp_gain":0,"max_hp_loss":0,"event_name":"Drug Dealer","floor":19,"gold_loss":0,"cards_obtained":["Exhume","Seeing Red"]},{"damage_healed":0,"gold_gain":0,"player_choice":"Joined the Cult","damage_taken":6,"max_hp_gain":0,"max_hp_loss":0,"event_name":"Nest","floor":20,"gold_loss":0,"cards_obtained":["RitualDagger"]}],"is_beta":false,"boss_relics":[{"not_picked":["Runic Pyramid","Calling Bell"],"picked":"SacredBark"}],"items_purged_floors":[],"is_endless":false,"potions_floor_spawned":[5,8,10,12,14,16,18,21,22,23],"killed_by":"3 Cultists","ascension_level":20}}