{"host":"wonp23fsqqcu31ie","time":1609660177,"event":{"mods":["2.2 Compatiblity","AchievementEnabler","Aspiration","BaseMod","Bestiary","Better Altar","Better Match","Better Sensory Stone","Better Skull","Better Third Choice","BetterRewards","Block Reminder","Colored Map","Colored Powertips","Conspire","Curses Come First","DeckTracker","Displayed Cursed Tome","Downfall","Hermit","Highlight Path","Hubris","Marisa????????","Minty Spire (QoL Compilation)","Permanent Neow","Quick Restart","Rare Cards Sparkle","Relic Stats","Replay The Spire","Robot Space Explorer","Shade Mod","Shop Mod","StSLib","SuperFastMode","The Animator","The Cursed","The Gatherer","The Marked","The Necromancer","The Runesmith","The Servant 0.9.4"],"gold_per_floor":[99,112,112,112,124,124,124,33,33,33,67,242,242,254,265,370,370,145,156,256,274,285,285,308,418,428,439,458,458,488,508,521,621,621,621,639,639,639,656,669,694,792,823,823,295,322,341,341,356,356],"floor_reached":51,"playtime":2025,"items_purged":["Doubt"],"score":897,"play_id":"c422aeb9-2d31-4636-9927-d95777208185","local_time":"20210103184937","is_ascension_mode":true,"campfire_choices":[{"floor":1,"key":"RECALL"},{"data":"Guardian:PrismaticBeam","floor":9,"key":"SMITH"},{"data":"Guardian:Harden","floor":18,"key":"SMITH"},{"data":"Guardian:TwinSlam","floor":23,"key":"SMITH"},{"data":"Guardian:TimeSifter","floor":35,"key":"SMITH"},{"data":"Guardian:FastForward","floor":44,"key":"SMITH"}],"circlet_count":0,"master_deck":["Guardian:Strike_Guardian","Guardian:Strike_Guardian","Guardian:Strike_Guardian","Guardian:Defend_Guardian","Guardian:Defend_Guardian","Guardian:Defend_Guardian","Guardian:Defend_Guardian","Guardian:CurlUp","Guardian:TwinSlam+1","Guardian:ConstructionForm","Guardian:SphericShield+1","Guardian:GuardianWhirl+1","Guardian:PolyBeam","Guardian:PrismaticBeam+1","Guardian:ChargeCore","Guardian:Harden+1","Guardian:ChargeCore","Guardian:GatlingBeam","CurseOfTheBell","Guardian:ChargeUp","Guardian:DonusPower","Guardian:BronzeArmor","Guardian:WalkerClaw","Guardian:Reroute+1","Guardian:BronzeOrb","Guardian:PrismaticBeam","Guardian:TimeSifter+1","Guardian:Harden+1","Parasite","Guardian:FastForward+1","Guardian:ShieldSpikes","Guardian:CrystalBeam","Guardian:Emergency+1","Guardian:PrismaticBeam+1","Guardian:ShieldCharger+1","Guardian:TimeCapacitor+1","Guardian:TemporalStrike+1"],"relics":["Guardian:ModeShifter","Shuriken","InkBottle","hubris:SphereOfDissonance","aspiration:HatOfInfinitePower","downfall:HeartBlessingRed","downfall:HeartBlessingGreen","downfall:HeartBlessingBlue","Toy Ornithopter","Happy Flower","ReplayTheSpireMod:TigerMarble","Replay:Rubber Ducky","Guardian:StasisSlotReductionRelic","hubris:Icosahedron","Smiling Mask","hexamod:BolsterEngine","Replay:WaspNest","MerchantsRug","conspire:TopHat","Replay:Wax Seal"],"acts_visited":["Exordium","TheCity","TheBeyond"],"potions_floor_usage":[16,16,20,20,28,31,33,33,33,46,46,50],"damage_taken":[{"damage":13,"enemies":"Jaw Worm","floor":2,"turns":5},{"damage":0,"enemies":"Cultist","floor":5,"turns":5},{"damage":0,"enemies":"downfall:FleeingMerchant","floor":8,"turns":4},{"damage":11,"enemies":"Lagavulin","floor":11,"turns":5},{"damage":0,"enemies":"conspire:RoseBush","floor":14,"turns":3},{"damage":8,"enemies":"Exordium Thugs","floor":15,"turns":6},{"damage":11,"enemies":"downfall:Watcher","floor":16,"turns":8},{"damage":2,"enemies":"Shell Parasite","floor":19,"turns":4},{"damage":0,"enemies":"downfall:LadyInBlue","floor":20,"turns":4},{"damage":3,"enemies":"Cultist and Chosen","floor":21,"turns":5},{"damage":3,"enemies":"Snake Plant","floor":22,"turns":3},{"damage":0,"enemies":"Centurion and Healer","floor":26,"turns":3},{"damage":6,"enemies":"Cultist and Chosen","floor":27,"turns":3},{"damage":8,"enemies":"Shelled Parasite and Fungi","floor":28,"turns":2},{"damage":1,"enemies":"conspire:SneckoGhost","floor":30,"turns":8},{"damage":0,"enemies":"Snake Plant","floor":31,"turns":2},{"damage":0,"enemies":"Cultist and Chosen","floor":32,"turns":3},{"damage":21,"enemies":"downfall:Silent","floor":33,"turns":5},{"damage":0,"enemies":"3 Shapes","floor":36,"turns":2},{"damage":0,"enemies":"3 Darklings","floor":39,"turns":3},{"damage":6,"enemies":"Writhing Mass","floor":40,"turns":5},{"damage":11,"enemies":"R_Hoarder","floor":43,"turns":6},{"damage":5,"enemies":"downfall:FleeingMerchant","floor":45,"turns":4},{"damage":9,"enemies":"Reptomancer","floor":46,"turns":5},{"damage":0,"enemies":"4 Shapes","floor":47,"turns":5},{"damage":0,"enemies":"Transient","floor":49,"turns":5},{"damage":37,"enemies":"downfall:Ironclad","floor":50,"turns":9}],"seed_played":"-7996250273601575381","potions_obtained":[{"floor":2,"key":"Milkshake"},{"floor":11,"key":"SpeedPotion"},{"floor":13,"key":"downfall:CursedFountainPotion"},{"floor":14,"key":"champ:CounterPotion"},{"floor":15,"key":"Ancient Potion"},{"floor":19,"key":"Reflective Coating"},{"floor":20,"key":"Dexterity Potion"},{"floor":20,"key":"Block Potion"},{"floor":20,"key":"Fire Potion"},{"floor":30,"key":"Elixir"},{"floor":32,"key":"ColorlessPotion"},{"floor":33,"key":"Weak Potion"},{"floor":39,"key":"LiquidMemories"},{"floor":40,"key":"PowerPotion"},{"floor":49,"key":"sneckomod:MuddlingPotion"}],"is_trial":false,"path_per_floor":["R","M","?","?","M","?","T","$","R","T","E","?","?","M","M","B",null,"R","M","?","M","M","R","T","?","M","M","M","?","E","M","M","B",null,"R","M","?","?","M","M","T","?","E","R","$","E","M","?","M","B",null],"character_chosen":"GUARDIAN","items_purchased":["Guardian:PrismaticBeam","Replay:WaspNest","MerchantsRug","conspire:TopHat"],"campfire_rested":0,"item_purchase_floors":[8,45,45,45],"current_hp_per_floor":[80,67,67,67,67,67,67,67,67,67,56,56,56,56,48,37,87,97,95,95,92,89,89,89,45,45,39,36,36,35,40,40,34,97,97,97,97,97,97,91,91,91,80,80,75,76,76,86,86,54],"gold":356,"neow_bonus":"ONE_RANDOM_RARE_CARD","is_daily":false,"chose_seed":false,"campfire_upgraded":5,"win_rate":0.0,"timestamp":1609660177,"path_taken":["R","M","?","?","?","?","T","$","R","?","E","?","?","?","M","BOSS","R","M","?","M","?","R","T","?","M","M","?","?","E","?","M","BOSS","R","M","?","?","M","M","T","?","E","R","$","E","M","?","M","BOSS"],"items_purchased_type":["Card","Relic","Relic","Relic"],"build_version":"2020-12-22","purchased_purges":1,"victory":true,"max_hp_per_floor":[80,80,80,80,80,80,80,80,80,80,80,80,80,80,80,80,87,97,97,97,97,97,97,97,97,97,97,97,97,97,97,97,97,97,97,97,97,97,97,97,97,97,97,97,97,97,97,97,97,97],"relic_stats":{"Happy Flower":[23],"counters":[27,120],"Shuriken":[54],"Smiling Mask":25,"obtain_stats":[{"MerchantsRug":45,"Guardian:StasisSlotReductionRelic":34,"downfall:HeartBlessingRed":18,"Happy Flower":24,"Guardian:ModeShifter":0,"hubris:SphereOfDissonance":17,"downfall:HeartBlessingGreen":18,"Replay:WaspNest":45,"Smiling Mask":41,"conspire:TopHat":45,"Replay:Rubber Ducky":30,"Calling Bell":17,"hubris:Icosahedron":38,"Shuriken":10,"downfall:HeartBlessingBlue":18,"Strawberry":17,"ReplayTheSpireMod:TigerMarble":25,"hexamod:BolsterEngine":43,"Replay:Wax Seal":46,"aspiration:HatOfInfinitePower":17,"InkBottle":11,"Toy Ornithopter":20},{"MerchantsRug":23,"Guardian:StasisSlotReductionRelic":18,"downfall:HeartBlessingRed":7,"Happy Flower":11,"Guardian:ModeShifter":0,"hubris:SphereOfDissonance":7,"downfall:HeartBlessingGreen":7,"Replay:WaspNest":23,"Smiling Mask":21,"conspire:TopHat":23,"Replay:Rubber Ducky":15,"Calling Bell":7,"hubris:Icosahedron":19,"Shuriken":3,"downfall:HeartBlessingBlue":7,"Strawberry":7,"ReplayTheSpireMod:TigerMarble":11,"hexamod:BolsterEngine":22,"Replay:Wax Seal":24,"aspiration:HatOfInfinitePower":7,"InkBottle":4,"Toy Ornithopter":9},{"MerchantsRug":96,"Guardian:StasisSlotReductionRelic":77,"downfall:HeartBlessingRed":36,"Happy Flower":52,"Guardian:ModeShifter":0,"hubris:SphereOfDissonance":36,"downfall:HeartBlessingGreen":36,"Replay:WaspNest":96,"Smiling Mask":86,"conspire:TopHat":96,"Replay:Rubber Ducky":67,"Calling Bell":36,"hubris:Icosahedron":79,"Shuriken":14,"downfall:HeartBlessingBlue":36,"Strawberry":36,"ReplayTheSpireMod:TigerMarble":52,"hexamod:BolsterEngine":92,"Replay:Wax Seal":101,"aspiration:HatOfInfinitePower":36,"InkBottle":19,"Toy Ornithopter":44}],"InkBottle":[46],"Toy Ornithopter":40},"card_choices":[{"not_picked":["Guardian:Emergency","Guardian:Reroute"],"picked":"Guardian:Gem_Fragmented","floor":2},{"not_picked":["Guardian:TimeSifter+1","Guardian:ExploitGems+1"],"picked":"Guardian:SphericShield+1","floor":3},{"not_picked":["Guardian:Gem_Fragmented","Guardian:VentSteam"],"picked":"Guardian:GuardianWhirl","floor":5},{"not_picked":["Guardian:Reroute","Guardian:GemFire"],"picked":"Guardian:PolyBeam","floor":8},{"not_picked":["Guardian:Reroute","Guardian:Incinerate"],"picked":"Guardian:ChargeCore","floor":11},{"not_picked":["Guardian:RollAttack","Guardian:PiercingHide"],"picked":"Guardian:Harden","floor":14},{"not_picked":["Guardian:Gem_Green","Guardian:Gem_Red"],"picked":"Guardian:ChargeCore","floor":15},{"not_picked":["Guardian:RevengeProtocol","Guardian:FastForward"],"picked":"Guardian:GatlingBeam","floor":16},{"not_picked":["Guardian:PrimingBeam+1","Guardian:TimeCapacitor"],"picked":"Guardian:ChargeUp","floor":19},{"not_picked":["Guardian:Preprogram+1","Guardian:DecasProtection"],"picked":"Guardian:Gem_Purple","floor":20},{"not_picked":["Guardian:Suspension+1","Guardian:Gem_Cyan"],"picked":"Guardian:DonusPower","floor":21},{"not_picked":["Guardian:TemporalShield","Guardian:DonusPower"],"picked":"Guardian:BronzeArmor","floor":22},{"not_picked":["Guardian:Incinerate","Guardian:TimeCapacitor"],"picked":"Guardian:WalkerClaw","floor":26},{"not_picked":["Guardian:PrimingBeam","Guardian:RevengeProtocol"],"picked":"Guardian:Reroute+1","floor":27},{"not_picked":["Guardian:VentSteam","Guardian:TemporalShield"],"picked":"Guardian:Gem_Yellow","floor":28},{"not_picked":["Guardian:ChargeCore","Guardian:BronzeArmor+1"],"picked":"Guardian:BronzeOrb","floor":30},{"not_picked":["Guardian:TimeBomb","Guardian:PrismaticBarrier"],"picked":"Guardian:Gem_Red","floor":31},{"not_picked":["Guardian:Recover+1","Guardian:Preprogram"],"picked":"Guardian:PrismaticBeam","floor":32},{"not_picked":["Guardian:HyperBeam_Guardian","Guardian:RevengeProtocol"],"picked":"Guardian:TimeSifter","floor":33},{"not_picked":["Guardian:Incinerate","Guardian:Gem_Red"],"picked":"Guardian:Harden+1","floor":36},{"not_picked":["Guardian:Gem_Red","Guardian:Suspension+1"],"picked":"Guardian:Gem_Cyan","floor":39},{"not_picked":["Guardian:FloatingOrbs","Guardian:ShieldCharger"],"picked":"Guardian:FastForward","floor":40},{"not_picked":["Guardian:ShieldCharger","Guardian:ChargeUp"],"picked":"Guardian:ShieldSpikes","floor":42},{"not_picked":["Guardian:Suspension","Guardian:ShieldCharger"],"picked":"Guardian:CrystalBeam","floor":42},{"not_picked":["Guardian:BronzeOrb","Guardian:SentryBeam"],"picked":"Guardian:Emergency+1","floor":42},{"not_picked":["Guardian:RollAttack+1","Guardian:DonusPower"],"picked":"Guardian:PrismaticBeam+1","floor":43},{"not_picked":["Guardian:BronzeOrb+1","Guardian:HyperBeam_Guardian"],"picked":"Guardian:ShieldCharger+1","floor":45},{"not_picked":["Guardian:Orbwalk+1","Guardian:Gem_Fragmented"],"picked":"Guardian:TimeCapacitor+1","floor":46},{"not_picked":["Guardian:Gem_Red","Guardian:RefractedBeam","Guardian:Planning+1"],"picked":"SKIP","floor":47},{"not_picked":["Guardian:PiercingHide+1","Guardian:VentSteam+1"],"picked":"Guardian:TemporalStrike+1","floor":49}],"player_experience":440872,"relics_obtained":[{"floor":10,"key":"Shuriken"},{"floor":11,"key":"InkBottle"},{"floor":17,"key":"Strawberry"},{"floor":17,"key":"hubris:SphereOfDissonance"},{"floor":17,"key":"aspiration:HatOfInfinitePower"},{"floor":20,"key":"Toy Ornithopter"},{"floor":24,"key":"Happy Flower"},{"floor":30,"key":"Replay:Rubber Ducky"},{"floor":41,"key":"Smiling Mask"},{"floor":43,"key":"hexamod:BolsterEngine"},{"floor":46,"key":"Replay:Wax Seal"}],"event_choices":[{"damage_healed":0,"gold_gain":0,"player_choice":"2","damage_taken":0,"max_hp_gain":0,"max_hp_loss":0,"event_name":"betterMatch:BetterMatch","floor":3,"gold_loss":0,"cards_obtained":["betterMatch:RareCard"]},{"damage_healed":0,"gold_gain":110,"player_choice":"RE UP GO ","damage_taken":49,"relics_obtained":["ReplayTheSpireMod:TigerMarble"],"max_hp_gain":0,"max_hp_loss":0,"event_name":"betterSkull:BetterSkull","floor":25,"gold_loss":0,"cards_upgraded":["Guardian:GuardianWhirl"]}],"is_beta":false,"boss_relics":[{"not_picked":["downfall:Hecktoplasm","Guardian:ModeShifterPlus"],"picked":"Calling Bell"},{"not_picked":["aspiration:DefectSkillbook","Abe\u0027s Treasure"],"picked":"Guardian:StasisSlotReductionRelic"}],"items_purged_floors":[45],"is_endless":false,"potions_floor_spawned":[2,11,14,15,19,21,30,32,33,39,40,49],"ascension_level":2}}