{"host":"rmsq46plbpwfbxcc","time":1609658799,"event":{"mods":["AchievementEnabler","BaseMod","Colored Map","Colored Powertips","DeckTracker","KOR Keyword Fix","Minty Spire (QoL Compilation)","Permanent Neow","Quick Restart","SuperFastMode"],"gold_per_floor":[111,123,139,155,80,80,107,107,157,157,157,157,192,202,202,303,303,314,331,75,86,86,117,117,147,196,196,96,110,110,121,121,218,218,236,247,122,136,82,114,160,173,173,173,173,198,198,217,217,217,217,217,15,43,43],"floor_reached":56,"playtime":1522,"items_purged":["Strike_G","Strike_G","Defend_G","Defend_G"],"score":1405,"play_id":"2f0df210-cd77-4b66-9e84-230381c69ae9","local_time":"20210103162639","is_ascension_mode":false,"campfire_choices":[{"data":"Cloak And Dagger","floor":6.0,"key":"SMITH"},{"data":"Envenom","floor":8.0,"key":"SMITH"},{"data":"Neutralize","floor":10.0,"key":"SMITH"},{"data":"Backstab","floor":12.0,"key":"SMITH"},{"data":"Accuracy","floor":15.0,"key":"SMITH"},{"data":"After Image","floor":24.0,"key":"SMITH"},{"data":"Blade Dance","floor":27.0,"key":"SMITH"},{"data":"Terror","floor":32.0,"key":"SMITH"},{"floor":44,"key":"REST"},{"data":"Acrobatics","floor":47,"key":"SMITH"},{"floor":49,"key":"RECALL"},{"data":"Survivor","floor":52,"key":"SMITH"}],"circlet_count":0,"master_deck":["Strike_G","Strike_G","Defend_G","Defend_G","Defend_G","Survivor+1","Neutralize+1","Backstab+1","Cloak And Dagger+1","Envenom+1","Accuracy+1","After Image+1","Blade Dance+1","Well Laid Plans+1","Terror+1","Acrobatics+1","Backflip+1","PiercingWail","Night Terror"],"relics":["WristBlade","StrikeDummy","Omamori","Nunchaku","Shuriken","Snake Skull","Bag of Marbles","Anchor","Philosopher\u0027s Stone","Strawberry","Lizard Tail","Regal Pillow","HornCleat"],"acts_visited":["Exordium","TheCity","TheBeyond","TheEnding"],"potions_floor_usage":[50,54,55],"damage_taken":[{"damage":3.0,"enemies":"Small Slimes","floor":1.0,"turns":3.0},{"damage":0.0,"enemies":"Jaw Worm","floor":2.0,"turns":6.0},{"damage":0.0,"enemies":"2 Louse","floor":3.0,"turns":2.0},{"damage":8.0,"enemies":"Red Slaver","floor":4.0,"turns":3.0},{"damage":0.0,"enemies":"Lagavulin","floor":7.0,"turns":5.0},{"damage":8.0,"enemies":"3 Sentries","floor":13.0,"turns":6.0},{"damage":0.0,"enemies":"Blue Slaver","floor":14.0,"turns":2.0},{"damage":16.0,"enemies":"The Guardian","floor":16.0,"turns":10.0},{"damage":7.0,"enemies":"Shell Parasite","floor":18.0,"turns":5.0},{"damage":0.0,"enemies":"3 Byrds","floor":19.0,"turns":4.0},{"damage":12.0,"enemies":"Snake Plant","floor":21.0,"turns":5.0},{"damage":2.0,"enemies":"Gremlin Leader","floor":23.0,"turns":4.0},{"damage":13.0,"enemies":"Book of Stabbing","floor":25.0,"turns":5.0},{"damage":0.0,"enemies":"Centurion and Healer","floor":29.0,"turns":4.0},{"damage":1.0,"enemies":"3 Cultists","floor":31.0,"turns":4.0},{"damage":10.0,"enemies":"Collector","floor":33.0,"turns":5.0},{"damage":0.0,"enemies":"Orb Walker","floor":35.0,"turns":1.0},{"damage":16.0,"enemies":"3 Darklings","floor":36.0,"turns":4.0},{"damage":29.0,"enemies":"Spire Growth","floor":38.0,"turns":4.0},{"damage":0.0,"enemies":"Giant Head","floor":40.0,"turns":5.0},{"damage":24,"enemies":"2 Orb Walkers","floor":41,"turns":4},{"damage":7,"enemies":"Jaw Worm Horde","floor":42,"turns":3},{"damage":0,"enemies":"Nemesis","floor":46,"turns":3},{"damage":2,"enemies":"Maw","floor":48,"turns":4},{"damage":12,"enemies":"Donu and Deca","floor":50,"turns":7},{"damage":20,"enemies":"Shield and Spear","floor":54,"turns":4},{"damage":145,"enemies":"The Heart","floor":55,"turns":9}],"seed_played":"4358008382071715358","potions_obtained":[{"floor":3.0,"key":"SkillPotion"},{"floor":7.0,"key":"PowerPotion"},{"floor":13.0,"key":"CunningPotion"},{"floor":16.0,"key":"DistilledChaos"},{"floor":21.0,"key":"FairyPotion"},{"floor":23.0,"key":"ColorlessPotion"},{"floor":29.0,"key":"EssenceOfSteel"},{"floor":33.0,"key":"Explosive Potion"},{"floor":40.0,"key":"SteroidPotion"},{"floor":46,"key":"LiquidBronze"},{"floor":48,"key":"CunningPotion"},{"floor":54,"key":"Block Potion"}],"is_trial":false,"path_per_floor":["M","M","M","M","$","R","E","R","T","R","?","R","E","M","R","B",null,"M","M","$","M","?","E","R","E","T","R","$","M","?","M","R","B",null,"M","M","$","M","$","E","?","M","T","R","?","E","R","M","R","B",null,"R","$","E","B",null],"character_chosen":"THE_SILENT","items_purchased":["Shuriken","Acrobatics","PiercingWail"],"campfire_rested":1,"item_purchase_floors":[20,39,53],"current_hp_per_floor":[67,67,67,59,59,59,59,59,59,59,59,59,51,51,51,35,70,63,63,63,51,51,49,49,36,36,36,36,36,29,28,28,18,70,70,54,54,25,25,32,8,1,1,24,24,24,24,22,22,10,77,77,77,57,11],"gold":43,"neow_bonus":"BOSS_RELIC","is_daily":false,"chose_seed":false,"campfire_upgraded":10,"win_rate":0.0,"timestamp":1609658799,"path_taken":["M","M","M","M","$","R","E","R","T","R","?","R","E","M","R","BOSS","M","M","$","M","?","E","R","E","T","R","$","M","?","M","R","BOSS","M","M","$","M","$","E","?","M","T","R","?","E","R","?","R","BOSS","R","$","E","BOSS"],"items_purchased_type":["Relic","Card","Card"],"build_version":"2020-12-22","purchased_purges":4,"victory":true,"max_hp_per_floor":[70,70,70,70,70,70,70,70,70,70,70,70,70,70,70,70,70,70,70,70,70,70,70,70,70,70,70,70,70,70,70,70,70,70,70,70,70,70,70,77,77,77,77,77,77,77,77,77,77,77,77,77,77,77,77],"card_choices":[{"not_picked":["Underhanded Strike","Outmaneuver","Deflect"],"picked":"SKIP","floor":1.0},{"not_picked":["Acrobatics","Quick Slash"],"picked":"Backstab","floor":2.0},{"not_picked":["Flying Knee","Bane","Deflect"],"picked":"SKIP","floor":3.0},{"not_picked":["Backflip","Deflect"],"picked":"Cloak And Dagger","floor":4.0},{"not_picked":["Quick Slash","Deflect"],"picked":"Envenom","floor":7.0},{"not_picked":["Poisoned Stab","Caltrops","Prepared"],"picked":"SKIP","floor":13.0},{"not_picked":["Outmaneuver","Distraction"],"picked":"Accuracy","floor":14.0},{"not_picked":["Grand Finale","Doppelganger"],"picked":"After Image","floor":16.0},{"not_picked":["Backflip","Bane","Dagger Spray"],"picked":"SKIP","floor":18.0},{"not_picked":["Outmaneuver","Poisoned Stab","Concentrate"],"picked":"SKIP","floor":19.0},{"not_picked":["Bane","Leg Sweep+1","Blur"],"picked":"SKIP","floor":21.0},{"not_picked":["Slice","Backflip+1"],"picked":"Well Laid Plans+1","floor":23.0},{"not_picked":["Prepared","Calculated Gamble","Outmaneuver"],"picked":"SKIP","floor":25.0},{"not_picked":["Dagger Throw+1","Expertise+1","Eviscerate"],"picked":"SKIP","floor":29.0},{"not_picked":["Burst","Quick Slash"],"picked":"Terror","floor":31.0},{"not_picked":["Quick Slash+1","Skewer+1","Outmaneuver+1"],"picked":"SKIP","floor":35.0},{"not_picked":["Crippling Poison+1","Dodge and Roll","Flying Knee"],"picked":"SKIP","floor":36.0},{"not_picked":["Poisoned Stab+1","Deflect","Dagger Spray+1"],"picked":"SKIP","floor":38.0},{"not_picked":["Dagger Throw","Expertise+1"],"picked":"Backflip+1","floor":40.0},{"not_picked":["Cloak And Dagger+1","Reflex+1","Catalyst"],"picked":"SKIP","floor":42},{"not_picked":["Expertise+1","Backflip+1","Underhanded Strike+1"],"picked":"SKIP","floor":46},{"not_picked":["Cloak And Dagger","Prepared","Eviscerate"],"picked":"SKIP","floor":48},{"not_picked":["Slice","Poisoned Stab+1"],"picked":"Night Terror","floor":54}],"player_experience":629861,"relics_obtained":[{"floor":7.0,"key":"StrikeDummy"},{"floor":9.0,"key":"Omamori"},{"floor":13.0,"key":"Nunchaku"},{"floor":23.0,"key":"Snake Skull"},{"floor":25.0,"key":"Bag of Marbles"},{"floor":26.0,"key":"Anchor"},{"floor":40.0,"key":"Strawberry"},{"floor":41,"key":"Lizard Tail"},{"floor":46,"key":"Regal Pillow"},{"floor":54,"key":"HornCleat"}],"event_choices":[{"damage_healed":0.0,"max_hp_gain":0.0,"max_hp_loss":0.0,"gold_gain":0.0,"event_name":"Liars Game","player_choice":"Ignored","floor":11.0,"gold_loss":0.0,"damage_taken":0.0},{"damage_healed":0.0,"max_hp_gain":0.0,"max_hp_loss":0.0,"gold_gain":0.0,"event_name":"The Library","player_choice":"Read","floor":22.0,"gold_loss":0.0,"damage_taken":0.0,"cards_obtained":["Blade Dance"]},{"damage_healed":0.0,"max_hp_gain":0.0,"max_hp_loss":0.0,"gold_gain":0.0,"event_name":"Wheel of Change","player_choice":"Damaged","floor":30.0,"gold_loss":0.0,"damage_taken":7.0},{"damage_healed":0,"gold_gain":0,"player_choice":"Fight","damage_taken":0,"max_hp_gain":0,"max_hp_loss":0,"event_name":"Mysterious Sphere","floor":41,"gold_loss":0},{"cards_removed":["Strike_G"],"damage_healed":0,"gold_gain":0,"player_choice":"Removed Attack","damage_taken":0,"max_hp_gain":0,"max_hp_loss":0,"event_name":"Falling","floor":45,"gold_loss":0}],"is_beta":false,"boss_relics":[{"not_picked":["Runic Pyramid","Fusion Hammer","Runic Dome"]},{"not_picked":["Snecko Eye","Velvet Choker"],"picked":"Philosopher\u0027s Stone"}],"items_purged_floors":[5,28,37,53],"is_endless":false,"potions_floor_spawned":[3,7,13,16,21,23,29,33,40,46,48,54],"ascension_level":0}}