{"host":"a4s27ghlnr83kbqz","time":1609644935,"event":{"mods":["AchievementEnabler","BaseMod","Colored Map","Minty Spire (QoL Compilation)","Permanent Neow","SuperFastMode"],"gold_per_floor":[115,115,134,134,147,147,147,147,172,207,260,292,304,334,346,358,358],"floor_reached":16,"playtime":282,"items_purged":[],"score":204,"play_id":"5b44c20d-d350-42d6-b754-b8468ccaedcd","local_time":"20210103113535","is_ascension_mode":true,"campfire_choices":[{"data":"Juggernaut","floor":6,"key":"SMITH"},{"data":"Carnage","floor":8,"key":"SMITH"},{"data":"Blood for Blood","floor":13,"key":"SMITH"},{"data":"Rage","floor":15,"key":"SMITH"}],"circlet_count":0,"master_deck":["AscendersBane","Strike_R","Strike_R","Strike_R","Defend_R","Defend_R","Defend_R","Defend_R","Bash","Juggernaut+1","Carnage+1","Rage+1","Anger","Blood for Blood+1","Shrug It Off"],"relics":["Burning Blood","Golden Idol","MawBank","Juzu Bracelet"],"acts_visited":["Exordium"],"potions_floor_usage":[16,16],"damage_taken":[{"damage":11,"enemies":"Small Slimes","floor":1,"turns":4},{"damage":6,"enemies":"2 Louse","floor":3,"turns":4},{"damage":7,"enemies":"Cultist","floor":5,"turns":4},{"damage":24,"enemies":"3 Louse","floor":10,"turns":3},{"damage":19,"enemies":"3 Sentries","floor":11,"turns":7},{"damage":14,"enemies":"Looter","floor":12,"turns":3},{"damage":1,"enemies":"Exordium Wildlife","floor":14,"turns":3},{"damage":31,"enemies":"Hexaghost","floor":16,"turns":9}],"seed_played":"5589203379453522647","potions_obtained":[{"floor":1,"key":"LiquidMemories"},{"floor":12,"key":"Weak Potion"}],"is_trial":false,"path_per_floor":["M","?","M","?","M","R","?","R","T","M","E","M","R","M","R","B"],"character_chosen":"IRONCLAD","items_purchased":[],"campfire_rested":0,"item_purchase_floors":[],"current_hp_per_floor":[63,37,37,62,61,61,61,61,61,43,30,22,22,27,27,0,0],"gold":358,"neow_bonus":"TRANSFORM_CARD","is_daily":false,"chose_seed":false,"campfire_upgraded":4,"win_rate":0.0,"timestamp":1609644935,"path_taken":["M","?","M","?","M","R","?","R","T","M","E","M","R","M","R","BOSS"],"items_purchased_type":[],"build_version":"2020-12-22","purchased_purges":0,"victory":false,"max_hp_per_floor":[75,75,75,75,75,75,75,75,75,75,75,75,75,75,75,75,75],"card_choices":[{"not_picked":["Intimidate","Wild Strike"],"picked":"Carnage","floor":1},{"not_picked":["True Grit","Seeing Red"],"picked":"Rage","floor":3},{"not_picked":["Sever Soul","Warcry"],"picked":"Anger","floor":5},{"not_picked":["Perfected Strike","Sword Boomerang","Wild Strike"],"picked":"SKIP","floor":10},{"not_picked":["Exhume","Thunderclap","Warcry"],"picked":"SKIP","floor":11},{"not_picked":["Uppercut","Rage"],"picked":"Blood for Blood","floor":12},{"not_picked":["Headbutt","Clothesline"],"picked":"Shrug It Off","floor":14}],"player_experience":1081132,"relics_obtained":[{"floor":9,"key":"MawBank"},{"floor":11,"key":"Juzu Bracelet"}],"event_choices":[{"damage_healed":0,"gold_gain":0,"player_choice":"Take Damage","damage_taken":26,"relics_obtained":["Golden Idol"],"max_hp_gain":0,"max_hp_loss":0,"event_name":"Golden Idol","floor":2,"gold_loss":0},{"damage_healed":25,"gold_gain":0,"player_choice":"Banana","damage_taken":0,"max_hp_gain":0,"max_hp_loss":0,"event_name":"Big Fish","floor":4,"gold_loss":0},{"cards_removed":["Strike_R"],"damage_healed":0,"gold_gain":0,"player_choice":"Card Removal","damage_taken":0,"max_hp_gain":0,"max_hp_loss":0,"event_name":"Wheel of Change","floor":7,"gold_loss":0}],"is_beta":false,"boss_relics":[],"items_purged_floors":[],"is_endless":false,"potions_floor_spawned":[1,12,14],"killed_by":"Hexaghost","ascension_level":20}}