{"host":"0m6xeyk0gsehb5i3","time":1609667359,"event":{"mods":["BaseMod","Better Altar","Better Match","Better Note","Better Sensory Stone","Better Skull","Better Third Choice","Colored Powertips","Minty Spire (QoL Compilation)","Relic Stats","StSLib"],"gold_per_floor":[114,129,129,129,148,148,167,167,167,167,186,205,224,243,243,368,368,387,406,425,175,175,175,200,200,200,219,82,101,120,120,120,245,308,327,126,145,164,164,164,183,202,202,240,180,180,199,199,199,199],"floor_reached":51,"playtime":1428,"items_purged":[],"score":825,"play_id":"e84a8f59-ceab-4a53-a1fe-7ed2b8ac767c","local_time":"20210103034919","daily_mods":["Allstar","Hoarder","Terminal"],"is_ascension_mode":false,"campfire_choices":[{"data":"Perfected Strike","floor":6,"key":"SMITH"},{"data":"Secret Weapon","floor":10,"key":"SMITH"},{"data":"Perfected Strike","floor":15,"key":"SMITH"},{"data":"Perfected Strike","floor":23,"key":"SMITH"},{"data":"Perfected Strike","floor":25,"key":"SMITH"},{"data":"Perfected Strike","floor":32,"key":"SMITH"},{"data":"Perfected Strike","floor":40,"key":"SMITH"},{"floor":46,"key":"REST"},{"floor":49,"key":"REST"}],"circlet_count":0,"master_deck":["Strike_R","Strike_R","Strike_R","Strike_R","Strike_R","Defend_R","Defend_R","Defend_R","Defend_R","Bash","Thinking Ahead","Thinking Ahead","Thinking Ahead","The Bomb","The Bomb","The Bomb","PanicButton","PanicButton","PanicButton","Secret Weapon","Secret Weapon","Secret Weapon+1","Good Instincts+1","Good Instincts","Good Instincts","Perfected Strike+1","Perfected Strike+1","Perfected Strike+1","Perfected Strike+1","Perfected Strike+1","Perfected Strike+1","Wild Strike","Wild Strike","Wild Strike","Pommel Strike","Pommel Strike","Pommel Strike","Warcry","Demon Form","Demon Form","Demon Form","Wild Strike","Wild Strike","Wild Strike","Metallicize+1","Metallicize+1","Metallicize+1","True Grit+1","True Grit+1","True Grit+1","Double Tap","Double Tap","Double Tap","Berserk","Berserk","Berserk","Battle Trance","Battle Trance","Battle Trance","Perfected Strike+1","Perfected Strike","Perfected Strike","Double Tap","Double Tap","Double Tap","Battle Trance+1","Battle Trance+1","Battle Trance+1","Infernal Blade","Infernal Blade","Infernal Blade","Flame Barrier","Flame Barrier","Flame Barrier"],"relics":["Burning Blood","Golden Idol","Anchor","Busted Crown","Pear","Omamori","Thread and Needle","Tiny House","Kunai","Peace Pipe"],"acts_visited":["Exordium","TheCity","TheBeyond"],"potions_floor_usage":[18,18,33,44,50],"damage_taken":[{"damage":0,"enemies":"Small Slimes","floor":1,"turns":3},{"damage":0,"enemies":"2 Louse","floor":2,"turns":3},{"damage":0,"enemies":"Cultist","floor":5,"turns":2},{"damage":4,"enemies":"Gremlin Gang","floor":7,"turns":6},{"damage":0,"enemies":"2 Fungi Beasts","floor":11,"turns":2},{"damage":0,"enemies":"Exordium Wildlife","floor":12,"turns":2},{"damage":0,"enemies":"3 Louse","floor":13,"turns":3},{"damage":0,"enemies":"Red Slaver","floor":14,"turns":1},{"damage":20,"enemies":"Hexaghost","floor":16,"turns":6},{"damage":0,"enemies":"3 Byrds","floor":18,"turns":4},{"damage":0,"enemies":"Spheric Guardian","floor":19,"turns":1},{"damage":0,"enemies":"Shelled Parasite and Fungi","floor":20,"turns":3},{"damage":0,"enemies":"3 Cultists","floor":27,"turns":4},{"damage":0,"enemies":"Snecko","floor":29,"turns":4},{"damage":0,"enemies":"Chosen and Byrds","floor":30,"turns":3},{"damage":19,"enemies":"Collector","floor":33,"turns":6},{"damage":0,"enemies":"3 Shapes","floor":35,"turns":2},{"damage":0,"enemies":"Orb Walker","floor":37,"turns":2},{"damage":21,"enemies":"Spire Growth","floor":38,"turns":3},{"damage":0,"enemies":"Sphere and 2 Shapes","floor":41,"turns":3},{"damage":13,"enemies":"Transient","floor":42,"turns":5},{"damage":53,"enemies":"Nemesis","floor":44,"turns":7},{"damage":17,"enemies":"Spire Growth","floor":47,"turns":3},{"damage":14,"enemies":"Donu and Deca","floor":50,"turns":5}],"seed_played":"4251252283042701915","potions_obtained":[{"floor":1,"key":"GamblersBrew"},{"floor":7,"key":"LiquidMemories"},{"floor":12,"key":"SkillPotion"},{"floor":19,"key":"Block Potion"},{"floor":29,"key":"Strength Potion"},{"floor":30,"key":"EssenceOfSteel"},{"floor":34,"key":"FairyPotion"},{"floor":38,"key":"Regen Potion"},{"floor":42,"key":"CultistPotion"}],"is_trial":false,"path_per_floor":["M","M","?","$","M","R","M","?","T","R","M","M","M","M","R","B",null,"M","M","M","$","?","R","T","R","T","M","$","M","M","$","R","B",null,"M","$","M","M","$","R","M","M","T","E","?","R","M","?","R","B",null],"character_chosen":"IRONCLAD","items_purchased":["Pear","Double Tap","Perfected Strike","Double Tap"],"campfire_rested":2,"item_purchase_floors":[21,28,36,36],"current_hp_per_floor":[78,77,58,58,64,64,66,66,66,66,68,67,66,65,64,50,62,61,60,59,68,67,66,65,64,63,62,61,60,59,58,57,44,60,59,58,57,42,42,42,48,41,41,21,21,35,24,24,37,29],"gold":199,"neow_bonus":"","is_daily":true,"chose_seed":false,"campfire_upgraded":7,"win_rate":0.0,"timestamp":1609667359,"path_taken":["M","M","?","$","M","R","M","?","T","R","?","M","M","M","R","BOSS","M","?","M","$","?","R","?","R","T","M","$","M","M","?","R","BOSS","M","$","M","M","$","R","M","M","T","E","?","R","?","?","R","BOSS"],"items_purchased_type":["Relic","Card","Card","Card"],"build_version":"2020-12-22","purchased_purges":0,"victory":true,"max_hp_per_floor":[78,77,76,75,74,73,72,71,70,69,68,67,66,65,64,63,62,61,60,59,68,67,66,65,64,63,62,61,60,59,58,57,56,60,59,58,57,56,55,54,53,52,51,50,49,48,47,46,45,44],"relic_stats":{"Peace Pipe":0,"Busted Crown":30,"counters":[24,83],"Golden Idol":168,"Kunai":[1],"obtain_stats":[{"Peace Pipe":44,"Anchor":9,"Busted Crown":17,"Pear":21,"Tiny House":34,"Golden Idol":3,"Thread and Needle":26,"Omamori":24,"Kunai":43,"Burning Blood":0},{"Peace Pipe":22,"Anchor":4,"Busted Crown":9,"Pear":12,"Tiny House":16,"Golden Idol":2,"Thread and Needle":12,"Omamori":12,"Kunai":21,"Burning Blood":0},{"Peace Pipe":75,"Anchor":14,"Busted Crown":28,"Pear":36,"Tiny House":53,"Golden Idol":6,"Thread and Needle":36,"Omamori":36,"Kunai":68,"Burning Blood":0}],"Burning Blood":63},"card_choices":[{"not_picked":["Hemokinesis","Iron Wave","Twin Strike"],"picked":"SKIP","floor":1},{"not_picked":["Armaments","Anger"],"picked":"Perfected Strike","floor":2},{"not_picked":["Clothesline","Rage","Burning Pact"],"picked":"SKIP","floor":5},{"not_picked":["Clash","Warcry"],"picked":"Perfected Strike","floor":7},{"not_picked":["Flex","Cleave"],"picked":"Wild Strike","floor":11},{"not_picked":["Flame Barrier","Twin Strike"],"picked":"Pommel Strike","floor":12},{"not_picked":["Havoc","Sever Soul","Whirlwind"],"picked":"SKIP","floor":13},{"not_picked":["Sword Boomerang","Rupture"],"picked":"Warcry","floor":14},{"not_picked":["Corruption","Limit Break"],"picked":"Demon Form","floor":16},{"not_picked":[],"picked":"Wild Strike","floor":18},{"not_picked":[],"picked":"Metallicize+1","floor":19},{"not_picked":["Cleave"],"picked":"SKIP","floor":20},{"not_picked":[],"picked":"True Grit+1","floor":27},{"not_picked":["Wild Strike"],"picked":"SKIP","floor":29},{"not_picked":["Flex+1"],"picked":"SKIP","floor":30},{"not_picked":[],"picked":"Berserk","floor":33},{"not_picked":[],"picked":"Battle Trance","floor":35},{"not_picked":["Body Slam+1"],"picked":"SKIP","floor":37},{"not_picked":["Anger+1"],"picked":"SKIP","floor":38},{"not_picked":["Reckless Charge+1"],"picked":"SKIP","floor":41},{"not_picked":["Battle Trance+1"],"picked":"SKIP","floor":42},{"not_picked":[],"picked":"Battle Trance+1","floor":42},{"not_picked":["Cleave+1"],"picked":"SKIP","floor":44},{"not_picked":["Blood for Blood+1"],"picked":"SKIP","floor":47}],"player_experience":344568,"relics_obtained":[{"floor":9,"key":"Anchor"},{"floor":24,"key":"Omamori"},{"floor":26,"key":"Thread and Needle"},{"floor":43,"key":"Kunai"},{"floor":44,"key":"Peace Pipe"}],"event_choices":[{"damage_healed":0,"gold_gain":0,"player_choice":"Take Damage","damage_taken":19,"relics_obtained":["Golden Idol"],"max_hp_gain":0,"max_hp_loss":0,"event_name":"Golden Idol","floor":3,"gold_loss":0},{"damage_healed":0,"gold_gain":0,"player_choice":"Forge","damage_taken":0,"max_hp_gain":0,"max_hp_loss":0,"event_name":"Accursed Blacksmith","floor":8,"gold_loss":0,"cards_upgraded":["Perfected Strike"]},{"damage_healed":0,"gold_gain":0,"player_choice":"Ignored","damage_taken":0,"max_hp_gain":0,"max_hp_loss":0,"event_name":"Ghosts","floor":22,"gold_loss":0},{"damage_healed":0,"gold_gain":0,"cards_transformed":["Warcry","Warcry"],"player_choice":"Transformed Cards","damage_taken":0,"max_hp_gain":0,"max_hp_loss":0,"event_name":"Designer","floor":45,"gold_loss":60,"cards_obtained":["Infernal Blade","Flame Barrier"]},{"damage_healed":0,"gold_gain":0,"player_choice":"Ignored","damage_taken":0,"max_hp_gain":0,"max_hp_loss":0,"event_name":"Mysterious Sphere","floor":48,"gold_loss":0}],"is_beta":false,"boss_relics":[{"not_picked":["Fusion Hammer","SacredBark"],"picked":"Busted Crown"},{"not_picked":["Sozu","Black Star"],"picked":"Tiny House"}],"items_purged_floors":[],"is_endless":false,"potions_floor_spawned":[1,7,12,13,19,29,30,35,38,42],"ascension_level":0}}