{"host":"na09lpbrez4gbfiz","time":1609708549,"event":{"mods":["Act Like it!","BaseMod","BetterRewards","Colored Map","Colored Powertips","DeckTracker","Googly Eyes","Highlight Path","Minty Spire (QoL Compilation)","Quick Restart","Spicy Shops","StSLib","SuperFastMode","Synergy Search"],"gold_per_floor":[109,109,9,27,48,48,79,79,79,123,123,137,152,176,176,306,306,330,349,424,424,424,467,467,502,549,549,574,595,595,58,58,184,184,205,205,55,70,70,70,106,106,106,124,159,3,3,66,66,66],"floor_reached":51,"playtime":2050,"items_purged":["Strike_G","Injury","Strike_G","Defend_G"],"score":1465,"play_id":"944cb37f-e73a-481b-ae7a-15fcf3785ced","local_time":"20210103221549","is_ascension_mode":true,"campfire_choices":[{"data":"Mayhem","floor":6.0,"key":"SMITH"},{"floor":8.0,"key":"REST"},{"floor":15.0,"key":"REST"},{"data":"Bouncing Flask","floor":24.0,"key":"SMITH"},{"data":"Catalyst","floor":30.0,"key":"SMITH"},{"data":"After Image","floor":32.0,"key":"SMITH"},{"data":"After Image","floor":40.0,"key":"SMITH"},{"data":"Adrenaline","floor":42.0,"key":"SMITH"},{"data":"Madness","floor":49,"key":"SMITH"}],"circlet_count":0,"master_deck":["Strike_G","Strike_G","Defend_G","Defend_G","Defend_G","Defend_G","Survivor","Neutralize","Bouncing Flask+1","Mayhem+1","Deadly Poison","Poisoned Stab","PiercingWail","Catalyst+1","Backflip","Cloak And Dagger","After Image+1","Cloak And Dagger","After Image+1","Setup+1","Bane","Glass Knife","Adrenaline+1","Blur","After Image+1","Deadly Poison+1","Cloak And Dagger+1","Madness+1","Madness","Noxious Fumes+1"],"relics":["Ring of the Serpent","Snake Skull","Juzu Bracelet","Golden Idol","White Beast Statue","Eternal Feather","Question Card","Busted Crown","Bronze Scales","Turnip","Strawberry","Bottled Lightning","Darkstone Periapt","Toy Ornithopter","Pen Nib","Oddly Smooth Stone","Tough Bandages"],"acts_visited":["Exordium","TheCity","TheBeyond"],"potions_floor_usage":[45,45,50],"damage_taken":[{"damage":3.0,"enemies":"Small Slimes","floor":1.0,"turns":3.0},{"damage":1.0,"enemies":"2 Louse","floor":4.0,"turns":3.0},{"damage":0.0,"enemies":"Cultist","floor":5.0,"turns":4.0},{"damage":0.0,"enemies":"Lagavulin","floor":7.0,"turns":5.0},{"damage":45.0,"enemies":"3 Sentries","floor":10.0,"turns":9.0},{"damage":12.0,"enemies":"Exordium Wildlife","floor":12.0,"turns":4.0},{"damage":1.0,"enemies":"Large Slime","floor":13.0,"turns":6.0},{"damage":0.0,"enemies":"3 Louse","floor":14.0,"turns":4.0},{"damage":13.0,"enemies":"The Guardian","floor":16.0,"turns":6.0},{"damage":3.0,"enemies":"Shell Parasite","floor":18.0,"turns":6.0},{"damage":1.0,"enemies":"3 Byrds","floor":19.0,"turns":7.0},{"damage":9.0,"enemies":"Slavers","floor":23.0,"turns":10.0},{"damage":0.0,"enemies":"Book of Stabbing","floor":25.0,"turns":5.0},{"damage":7.0,"enemies":"Centurion and Healer","floor":28.0,"turns":7.0},{"damage":4.0,"enemies":"3 Cultists","floor":29.0,"turns":6.0},{"damage":2.0,"enemies":"Collector","floor":33.0,"turns":8.0},{"damage":0.0,"enemies":"Orb Walker","floor":35.0,"turns":5.0},{"damage":18.0,"enemies":"3 Shapes","floor":38.0,"turns":7.0},{"damage":12.0,"enemies":"Nemesis","floor":41.0,"turns":7.0},{"damage":24.0,"enemies":"3 Darklings","floor":44.0,"turns":6.0},{"damage":4,"enemies":"Reptomancer","floor":45,"turns":6},{"damage":0,"enemies":"Mind Bloom Boss Battle","floor":48,"turns":8},{"damage":53,"enemies":"Time Eater","floor":50,"turns":8}],"seed_played":"-2496057690193923026","potions_obtained":[{"floor":1.0,"key":"DuplicationPotion"},{"floor":4.0,"key":"SpeedPotion"},{"floor":10.0,"key":"DistilledChaos"},{"floor":12.0,"key":"Weak Potion"},{"floor":13.0,"key":"Weak Potion"},{"floor":14.0,"key":"GhostInAJar"},{"floor":16.0,"key":"SteroidPotion"},{"floor":18.0,"key":"DistilledChaos"},{"floor":23.0,"key":"Block Potion"},{"floor":25.0,"key":"CunningPotion"},{"floor":28.0,"key":"ColorlessPotion"},{"floor":29.0,"key":"CunningPotion"},{"floor":33.0,"key":"PowerPotion"},{"floor":35.0,"key":"ColorlessPotion"},{"floor":38.0,"key":"Fire Potion"},{"floor":41.0,"key":"PowerPotion"},{"floor":45,"key":"GamblersBrew"},{"floor":48,"key":"Block Potion"}],"is_trial":false,"path_per_floor":["M","?","$","M","M","R","E","R","T","E","?","M","M","M","R","B",null,"M","M","?","?","?","E","R","E","T","?","M","M","R","$","R","B",null,"M","?","$","M","?","R","E","R","T","M","E","$","?","?","R","B",null],"character_chosen":"THE_SILENT","items_purchased":["Snake Skull","Juzu Bracelet","Bouncing Flask","Mayhem","Bottled Lightning","Fruit Juice","Block Potion","Oddly Smooth Stone"],"campfire_rested":2,"item_purchase_floors":[0,0,0,0,31,31,31,46],"current_hp_per_floor":[35,35,35,34,34,34,34,55,55,10,33,21,20,20,53,40,63,60,59,52,52,52,43,55,55,62,62,55,51,63,68,80,78,81,81,81,81,63,63,78,66,81,81,57,63,63,53,53,71,23],"gold":66,"neow_bonus":"","is_daily":false,"chose_seed":false,"campfire_upgraded":7,"win_rate":0.0,"timestamp":1609708549,"path_taken":["M","?","$","M","M","R","E","R","T","E","?","M","M","M","R","BOSS","M","M","?","?","?","E","R","E","T","?","M","M","R","$","R","BOSS","M","?","?","M","?","R","E","R","T","M","E","$","?","?","R","BOSS"],"items_purchased_type":["Relic","Relic","Card","Card","Relic","Potion","Potion","Relic"],"build_version":"2020-12-22","purchased_purges":4,"victory":true,"max_hp_per_floor":[70,70,70,70,70,70,70,70,70,70,70,70,70,70,70,70,70,70,70,70,70,70,70,70,70,77,77,77,77,77,82,82,82,82,82,82,82,82,82,82,82,82,82,82,82,82,82,82,82,82],"card_choices":[{"not_picked":["Slice","Quick Slash"],"picked":"Deadly Poison","floor":1.0},{"not_picked":["Concentrate","Deadly Poison"],"picked":"Poisoned Stab","floor":4.0},{"not_picked":["Underhanded Strike","Dagger Throw"],"picked":"PiercingWail","floor":5.0},{"not_picked":["Blur","Caltrops"],"picked":"Catalyst","floor":7.0},{"not_picked":["Dagger Throw","Heel Hook"],"picked":"Backflip","floor":10.0},{"not_picked":["Skewer","Dodge and Roll","Poisoned Stab"],"picked":"Cloak And Dagger","floor":12.0},{"not_picked":["Outmaneuver","Quick Slash","Blade Dance"],"picked":"After Image","floor":13.0},{"not_picked":["Blade Dance","Riddle With Holes","Acrobatics"],"picked":"Cloak And Dagger","floor":14.0},{"not_picked":["Glass Knife","Wraith Form v2","Venomology"],"picked":"After Image","floor":16.0},{"not_picked":["Underhanded Strike","Reflex"],"picked":"SKIP","floor":18.0},{"not_picked":["Leg Sweep","Dodge and Roll"],"picked":"SKIP","floor":19.0},{"not_picked":["Underhanded Strike+1"],"picked":"Setup+1","floor":23.0},{"not_picked":["Flying Knee+1"],"picked":"Bane","floor":25.0},{"not_picked":["Outmaneuver"],"picked":"Glass Knife","floor":28.0},{"not_picked":["Dagger Spray","Bane"],"picked":"SKIP","floor":29.0},{"not_picked":["Die Die Die"],"picked":"Adrenaline","floor":33.0},{"not_picked":["Slice"],"picked":"Blur","floor":35.0},{"not_picked":["Deadly Poison","Cloak And Dagger+1"],"picked":"SKIP","floor":38.0},{"not_picked":["Cloak And Dagger","Blur"],"picked":"SKIP","floor":41.0},{"not_picked":["Quick Slash"],"picked":"Deadly Poison+1","floor":44.0},{"not_picked":["Dagger Spray+1"],"picked":"Cloak And Dagger+1","floor":45},{"not_picked":["Dagger Throw"],"picked":"Noxious Fumes+1","floor":48}],"player_experience":149782,"relics_obtained":[{"floor":7.0,"key":"White Beast Statue"},{"floor":9.0,"key":"Eternal Feather"},{"floor":10.0,"key":"Question Card"},{"floor":23.0,"key":"Bronze Scales"},{"floor":25.0,"key":"Turnip"},{"floor":26.0,"key":"Strawberry"},{"floor":41.0,"key":"Darkstone Periapt"},{"floor":43.0,"key":"Toy Ornithopter"},{"floor":45,"key":"Pen Nib"},{"floor":48,"key":"Tough Bandages"}],"event_choices":[{"damage_healed":0.0,"max_hp_gain":0.0,"max_hp_loss":0.0,"gold_gain":0.0,"event_name":"Golden Idol","player_choice":"Take Wound","floor":2.0,"gold_loss":0.0,"damage_taken":0.0,"relics_obtained":["Golden Idol"],"cards_obtained":["Injury"]},{"damage_healed":23.0,"max_hp_gain":0.0,"max_hp_loss":0.0,"gold_gain":0.0,"event_name":"Big Fish","player_choice":"Banana","floor":11.0,"gold_loss":0.0,"damage_taken":0.0},{"damage_healed":0.0,"max_hp_gain":0.0,"max_hp_loss":0.0,"gold_gain":75.0,"event_name":"FaceTrader","player_choice":"Touch","floor":20.0,"gold_loss":0.0,"damage_taken":7.0},{"damage_healed":0.0,"max_hp_gain":0.0,"max_hp_loss":0.0,"gold_gain":0.0,"event_name":"Cursed Tome","player_choice":"Ignored","floor":21.0,"gold_loss":0.0,"damage_taken":0.0},{"damage_healed":0.0,"max_hp_gain":0.0,"max_hp_loss":0.0,"gold_gain":0.0,"event_name":"Vampires","player_choice":"Ignored","floor":22.0,"gold_loss":0.0,"damage_taken":0.0},{"cards_removed":["Strike_G"],"damage_healed":0.0,"max_hp_gain":0.0,"max_hp_loss":0.0,"gold_gain":0.0,"event_name":"Back to Basics","player_choice":"Elegance","floor":27.0,"gold_loss":0.0,"damage_taken":0.0},{"damage_healed":0.0,"max_hp_gain":0.0,"max_hp_loss":0.0,"gold_gain":0.0,"event_name":"Duplicator","player_choice":"Copied","floor":36.0,"gold_loss":0.0,"damage_taken":0.0,"cards_obtained":["After Image"]},{"damage_healed":0.0,"max_hp_gain":0.0,"max_hp_loss":0.0,"gold_gain":0.0,"event_name":"Tomb of Lord Red Mask","player_choice":"Ignored","floor":39.0,"gold_loss":0.0,"damage_taken":0.0},{"damage_healed":0,"gold_gain":0,"player_choice":"Embrace Madness","damage_taken":10,"max_hp_gain":0,"max_hp_loss":0,"event_name":"Winding Halls","floor":47,"gold_loss":0,"cards_obtained":["Madness","Madness"]},{"damage_healed":0,"gold_gain":0,"player_choice":"Fight","damage_taken":0,"max_hp_gain":0,"max_hp_loss":0,"event_name":"MindBloom","floor":48,"gold_loss":0}],"is_beta":false,"boss_relics":[{"not_picked":["Philosopher\u0027s Stone","Ectoplasm"],"picked":"Busted Crown"},{"not_picked":["Astrolabe","Coffee Dripper"],"picked":"Ring of the Serpent"}],"items_purged_floors":[0,3,31,37],"is_endless":false,"potions_floor_spawned":[1,4,10,12,13,14,16,18,19,23,25,28,29,33,35,38,41,44,45,48],"ascension_level":9}}