{"host":"0m6xeyk0gsehb5i3","time":1609662758,"event":{"mods":["BaseMod","Better Altar","Better Match","Better Note","Better Sensory Stone","Better Skull","Better Third Choice","Colored Powertips","Minty Spire (QoL Compilation)","Relic Stats","StSLib"],"gold_per_floor":[111,111,123,25,38,38,48,59,111,111,111,121,21,47,47,143,143,155,167,98,98,98,98,116,116,116,132,148,98,111,130,130,225,225,225,225,254,163,163,196,196,196],"floor_reached":41,"playtime":1427,"items_purged":["Strike_R","Strike_R","Bite"],"score":510,"play_id":"a2679b3a-b1e9-4cb9-9e6f-d6622599ed0e","local_time":"20210103023238","is_ascension_mode":true,"campfire_choices":[{"data":"True Grit","floor":6,"key":"SMITH"},{"data":"Armaments","floor":10,"key":"SMITH"},{"data":"Carnage","floor":15,"key":"SMITH"},{"floor":23,"key":"REST"},{"floor":32,"key":"REST"}],"circlet_count":0,"master_deck":["Defend_R","Defend_R","Defend_R","Defend_R","Bash","Whirlwind+1","Carnage+1","Metallicize","True Grit+1","Armaments+1","Pommel Strike","Offering+1","Pummel","Spot Weakness+1","Bite","Bite","Bite","Finesse+1","Intimidate+1","Flex+1","Power Through+1","Impervious+1","Warcry+1","Inflame","Flex+1","Burning Pact+1","Parasite"],"relics":["Burning Blood","Toxic Egg 2","Fusion Hammer","Smiling Mask","Runic Pyramid","MawBank","Matryoshka"],"acts_visited":["Exordium","TheCity","TheBeyond"],"potions_floor_usage":[31,33,33,35,40],"damage_taken":[{"damage":0,"enemies":"2 Louse","floor":1,"turns":2},{"damage":1,"enemies":"Cultist","floor":3,"turns":3},{"damage":8,"enemies":"Small Slimes","floor":5,"turns":3},{"damage":8,"enemies":"Gremlin Gang","floor":7,"turns":3},{"damage":4,"enemies":"Blue Slaver","floor":8,"turns":4},{"damage":0,"enemies":"Large Slime","floor":12,"turns":5},{"damage":8,"enemies":"Gremlin Nob","floor":14,"turns":4},{"damage":24,"enemies":"Slime Boss","floor":16,"turns":8},{"damage":23,"enemies":"Shell Parasite","floor":18,"turns":5},{"damage":6,"enemies":"Spheric Guardian","floor":19,"turns":4},{"damage":20,"enemies":"Snake Plant","floor":24,"turns":4},{"damage":15,"enemies":"Cultist and Chosen","floor":27,"turns":6},{"damage":26,"enemies":"Shelled Parasite and Fungi","floor":28,"turns":6},{"damage":23,"enemies":"Snecko","floor":30,"turns":5},{"damage":0,"enemies":"Centurion and Healer","floor":31,"turns":1},{"damage":72,"enemies":"Champ","floor":33,"turns":13},{"damage":0,"enemies":"3 Shapes","floor":35,"turns":1},{"damage":47,"enemies":"3 Darklings","floor":37,"turns":5},{"damage":50,"enemies":"Reptomancer","floor":40,"turns":6},{"damage":12,"enemies":"Writhing Mass","floor":41,"turns":3}],"seed_played":"-2508827380545451575","potions_obtained":[{"floor":1,"key":"ElixirPotion"},{"floor":2,"key":"CultistPotion"},{"floor":2,"key":"Explosive Potion"},{"floor":18,"key":"AttackPotion"},{"floor":28,"key":"Weak Potion"},{"floor":31,"key":"SmokeBomb"},{"floor":37,"key":"SpeedPotion"}],"is_trial":false,"path_per_floor":["M","?","M","$","M","R","M","M","T","R","?","M","$","E","R","B",null,"M","M","$","?","?","R","M","$","T","M","M","$","M","M","R","B",null,"M","?","M","$","?","E","M"],"character_chosen":"IRONCLAD","items_purchased":["True Grit","Spot Weakness+1","Inflame","Flex+1"],"campfire_rested":2,"item_purchase_floors":[4,20,38,38],"current_hp_per_floor":[80,80,80,80,78,78,76,78,78,78,78,80,80,78,78,62,80,63,65,65,65,65,80,68,68,68,73,69,69,59,65,80,31,80,80,80,44,44,44,8,0,0],"gold":196,"neow_bonus":"THREE_CARDS","is_daily":false,"chose_seed":false,"campfire_upgraded":3,"win_rate":0.0,"timestamp":1609662758,"path_taken":["M","?","?","?","?","R","M","M","T","R","?","M","$","E","R","BOSS","M","?","$","?","?","R","M","$","T","M","M","$","M","M","R","BOSS","M","?","?","$","?","E","M"],"items_purchased_type":["Card","Card","Card","Card"],"build_version":"2020-12-22","purchased_purges":3,"victory":false,"max_hp_per_floor":[80,80,80,80,80,80,80,80,80,80,80,80,80,80,80,80,80,80,80,80,80,80,80,80,80,80,80,80,80,80,80,80,80,80,80,80,80,80,80,80,80,80],"relic_stats":{"counters":[20,91],"Smiling Mask":75,"MawBank":24,"obtain_stats":[{"Blood Vial":9,"Matryoshka":40,"Fusion Hammer":17,"Toxic Egg 2":14,"Smiling Mask":26,"MawBank":36,"Burning Blood":0,"Runic Pyramid":34},{"Blood Vial":5,"Matryoshka":19,"Fusion Hammer":8,"Toxic Egg 2":7,"Smiling Mask":11,"MawBank":17,"Burning Blood":0,"Runic Pyramid":16},{"Blood Vial":15,"Matryoshka":88,"Fusion Hammer":32,"Toxic Egg 2":24,"Smiling Mask":45,"MawBank":77,"Burning Blood":0,"Runic Pyramid":76}],"Burning Blood":91},"card_choices":[{"not_picked":["Second Wind","Twin Strike"],"picked":"Whirlwind","floor":0},{"not_picked":["Second Wind","Sentinel"],"picked":"Carnage","floor":1},{"not_picked":["Clothesline","Pommel Strike"],"picked":"Metallicize","floor":3},{"not_picked":["Fire Breathing","Whirlwind","Carnage"],"picked":"SKIP","floor":5},{"not_picked":["Heavy Blade","Sword Boomerang"],"picked":"Armaments","floor":7},{"not_picked":["Body Slam","Twin Strike","Rupture"],"picked":"SKIP","floor":8},{"not_picked":["Wild Strike","Blood for Blood"],"picked":"Pommel Strike","floor":12},{"not_picked":["Clothesline","Dropkick"],"picked":"Evolve","floor":14},{"not_picked":["Bludgeon","Berserk"],"picked":"Offering+1","floor":16},{"not_picked":["Perfected Strike","Pommel Strike","Twin Strike+1"],"picked":"SKIP","floor":18},{"not_picked":["Perfected Strike+1","Clothesline"],"picked":"Pummel","floor":19},{"not_picked":["Enlightenment+1","Swift Strike"],"picked":"Finesse+1","floor":22},{"not_picked":["Seeing Red+1","Pommel Strike"],"picked":"Intimidate+1","floor":24},{"not_picked":["Twin Strike","Havoc+1","Clothesline"],"picked":"SKIP","floor":27},{"not_picked":["Perfected Strike+1","Pommel Strike"],"picked":"Flex+1","floor":28},{"not_picked":["Rupture","Fire Breathing","Twin Strike"],"picked":"SKIP","floor":30},{"not_picked":["True Grit+1","Second Wind+1"],"picked":"Power Through+1","floor":31},{"not_picked":["Brutality","Barricade"],"picked":"Impervious+1","floor":33},{"not_picked":["Wild Strike","Fire Breathing"],"picked":"Warcry+1","floor":37},{"not_picked":["Sentinel+1","Rampage"],"picked":"Burning Pact+1","floor":40}],"player_experience":340540,"relics_obtained":[{"floor":9,"key":"Blood Vial"},{"floor":14,"key":"Toxic Egg 2"},{"floor":26,"key":"Smiling Mask"},{"floor":40,"key":"Matryoshka"}],"event_choices":[{"damage_healed":0,"gold_gain":0,"player_choice":"Got Potions","damage_taken":0,"max_hp_gain":0,"max_hp_loss":0,"event_name":"Lab","floor":2,"gold_loss":0},{"damage_healed":0,"gold_gain":0,"player_choice":"Upgraded","damage_taken":0,"max_hp_gain":0,"max_hp_loss":0,"event_name":"Upgrade Shrine","floor":11,"gold_loss":0,"cards_upgraded":["Whirlwind"]},{"damage_healed":0,"gold_gain":0,"player_choice":"Became a vampire (Vial)","damage_taken":0,"max_hp_gain":0,"max_hp_loss":0,"event_name":"Vampires","floor":21,"relics_lost":["Blood Vial"],"gold_loss":0,"cards_obtained":["Bite","Bite","Bite","Bite","Bite"]},{"damage_healed":0,"gold_gain":2,"player_choice":"1","damage_taken":0,"max_hp_gain":0,"max_hp_loss":0,"event_name":"betterStone:BetterStone","floor":22,"gold_loss":0},{"cards_removed":["Bite"],"damage_healed":0,"gold_gain":0,"player_choice":"Gave Card","damage_taken":0,"relics_obtained":["MawBank"],"max_hp_gain":0,"max_hp_loss":0,"event_name":"WeMeetAgain","floor":36,"gold_loss":0},{"cards_removed":["Evolve"],"damage_healed":0,"gold_gain":0,"player_choice":"Removed Power","damage_taken":0,"max_hp_gain":0,"max_hp_loss":0,"event_name":"Falling","floor":39,"gold_loss":0}],"is_beta":false,"boss_relics":[{"not_picked":["Velvet Choker","Snecko Eye"],"picked":"Fusion Hammer"},{"not_picked":["Philosopher\u0027s Stone","Black Star"],"picked":"Runic Pyramid"}],"items_purged_floors":[4,13,29],"is_endless":false,"potions_floor_spawned":[1,8,12,18,24,28,30,31,37],"killed_by":"Writhing Mass","ascension_level":4}}