{"host":"0dvp4uxbao5ucv2j","time":1609663967,"event":{"mods":["AchievementEnabler","Act Like it!","Aspiration","BaseMod","Beaked The Cultist","BetterRewards","DNKmod","DNKmod Update","Downfall","Friendly Minions","GifTheSpireLib","Hallownest","Hubris","Infinite Spire","Minty Spire (QoL Compilation)","Replay The Spire","StSLib","???Mod??????Boss"],"gold_per_floor":[10015,10029,9390,9390,9414,9414,9436,9464,9464,9486,9549,8531,8565,8589,8589,8698,8698,8730,8755,8783,8396,8411,8454,8478,7401,7401,7441,7441,7441,7441,7456,7456,7569,7569,7586,7586,7643,7643,7757,7759,7759],"floor_reached":40,"playtime":3086,"items_purged":["Strike_B","Strike_B","Strike_B","Defend_B","Defend_B"],"score":683,"play_id":"decb786d-8dbe-4fa7-8541-eba022bd0749","local_time":"20210103095247","is_ascension_mode":true,"campfire_choices":[{"floor":6,"key":"RECALL"},{"data":"Replay:SS_hec_2","floor":15,"key":"SMITH"},{"data":"Creative AI","floor":15,"key":"SMITH"},{"data":"Crystallizer","floor":28,"key":"SMITH"},{"data":"Crystallizer","floor":28,"key":"SMITH"},{"floor":32,"key":"REST"}],"circlet_count":0,"master_deck":["Defend_B","Defend_B","Zap","Dualcast","Creative AI+1","Ball Lightning","Coolheaded","ReplayTheSpireMod:GoodbyeWorld","Lockon","Beam Cell","Skim","Genetic Algorithm","Glacier","Streamline","Capacitor","aspiration:Polymerization","Auto Shields","Doom and Gloom+1","Replay:SS_hec_2+1","Consume","Echo Form","Turbo","Double Energy","Crystallizer+1","Loop","Chaos","Consume+1","Redo","Multi-Cast","Crystallizer+1","Double Energy","Tempest","Replay:Bootleg Shield Generator","Turbo+1","Conserve Battery","hubris:SpecializedCircuitry+1","Cold Snap+1","Echo Form+1","ReplayTheSpireMod:Book of Names+1","ReplayTheSpireMod:GoodbyeWorld+1","Hello World+1"],"relics":["Cracked Core","ClockworkSouvenir","ReplayTheSpireMod:TigerMarble","Replay:Bandana","Oddly Smooth Stone","Toolbox","Question Card","Omamori","Replay:Arrowhead","hubris:Backtick","aspiration:HatOfInfinitePower","hubris:BallOfYels","Bronze Scales","Chemical X","Symbiotic Virus","hubris:RGBLights","Frozen Egg 2","Nunchaku","hubris:Towel","aspiration:RitualStick","aspiration:FutureDiary","aspiration:BursterCore","DollysMirror","FossilizedHelix","hubris:Icosahedron"],"acts_visited":["Exordium","TheCity","TheBeyond"],"potions_floor_usage":[11,11,11,33,33,33,40],"damage_taken":[{"damage":1,"enemies":"Cultist","floor":1,"turns":4},{"damage":10,"enemies":"2 Louse","floor":2,"turns":2},{"damage":6,"enemies":"Jaw Worm","floor":5,"turns":3},{"damage":10,"enemies":"3 Louse","floor":7,"turns":2},{"damage":10,"enemies":"Exordium Thugs","floor":8,"turns":3},{"damage":6,"enemies":"2 Fungi Beasts","floor":10,"turns":2},{"damage":7,"enemies":"3 Sentries","floor":11,"turns":4},{"damage":15,"enemies":"Replay:BlueRogue","floor":13,"turns":7},{"damage":12,"enemies":"Large Slime","floor":14,"turns":3},{"damage":2,"enemies":"Fading Forest","floor":16,"turns":11},{"damage":8,"enemies":"3 Byrds","floor":18,"turns":4},{"damage":0,"enemies":"Spheric Guardian","floor":19,"turns":4},{"damage":14,"enemies":"Shelled Parasite and Fungi","floor":20,"turns":5},{"damage":28,"enemies":"3 Cultists","floor":22,"turns":8},{"damage":10,"enemies":"Gremlin Leader","floor":23,"turns":6},{"damage":6,"enemies":"Snake Plant","floor":24,"turns":3},{"damage":6,"enemies":"Slavers","floor":27,"turns":3},{"damage":0,"enemies":"Snecko","floor":31,"turns":2},{"damage":22,"enemies":"Champ","floor":33,"turns":4},{"damage":0,"enemies":"3 Shapes","floor":35,"turns":3},{"damage":58,"enemies":"2 Orb Walkers","floor":37,"turns":4},{"damage":0,"enemies":"3 Darklings","floor":39,"turns":2},{"damage":65,"enemies":"Nightmare","floor":40,"turns":4}],"seed_played":"-11706070509448541","potions_obtained":[{"floor":5,"key":"Fire Potion"},{"floor":7,"key":"AttackPotion"},{"floor":10,"key":"AttackPotion"},{"floor":14,"key":"Fire Potion"},{"floor":16,"key":"DistilledChaos"},{"floor":20,"key":"BlessingOfTheForge"},{"floor":31,"key":"PowerPotion"},{"floor":33,"key":"BlessingOfTheForge"},{"floor":37,"key":"Explosive Potion"},{"floor":39,"key":"AttackPotion"}],"is_trial":false,"path_per_floor":["M","M","$","?","M","R","M","M","T","M","E","$","E","M","R","B",null,"M","M","M","$","M","E","M","$","T","E","R","?","?","M","R","B",null,"M","AVR","?","?","M","NM"],"character_chosen":"DEFECT","items_purchased":["ClockworkSouvenir","ReplayTheSpireMod:TigerMarble","Replay:Bandana","ReplayTheSpireMod:GoodbyeWorld","Lockon","Toolbox","Question Card","Omamori","Capacitor","aspiration:Polymerization","Auto Shields","Doom and Gloom+1","Replay:SS_hec_2","hubris:BallOfYels","Loop","Chaos","Chemical X","Symbiotic Virus","hubris:RGBLights","Crystallizer","Double Energy","Tempest","Replay:Bootleg Shield Generator"],"campfire_rested":1,"item_purchase_floors":[3,3,3,3,3,12,12,12,12,12,12,12,12,21,21,21,25,25,25,25,25,25,25],"current_hp_per_floor":[119,109,109,109,103,103,93,83,83,77,70,70,55,43,43,41,120,112,112,98,98,70,60,54,54,54,48,48,48,24,24,60,38,120,120,120,62,62,62,0,0],"gold":7759,"neow_bonus":"ONE_RANDOM_RARE_CARD","is_daily":false,"chose_seed":false,"campfire_upgraded":4,"win_rate":0.0,"timestamp":1609663967,"path_taken":["M","M","$","?","M","R","M","M","T","M","E","?","E","M","R","BOSS","M","M","M","$","M","E","?","$","T","E","R","?","?","M","R","BOSS","M","AVR","?","?","M","NM"],"items_purchased_type":["Relic","Relic","Relic","Card","Card","Relic","Relic","Relic","Card","Card","Card","Card","Card","Relic","Card","Card","Relic","Relic","Relic","Card","Card","Card","Card"],"build_version":"2020-12-22","purchased_purges":5,"victory":false,"max_hp_per_floor":[120,120,120,120,120,120,120,120,120,120,120,120,120,120,120,120,120,120,120,120,120,120,120,120,120,120,120,120,120,120,120,120,120,120,120,120,120,120,120,120,120],"card_choices":[{"not_picked":["ReplayTheSpireMod:Reroute Power","Beam Cell"],"picked":"Ball Lightning","floor":1},{"not_picked":["ReplaySolidLightProjector","ReplayTheSpireMod:Reroute Power"],"picked":"Coolheaded","floor":2},{"not_picked":["Compile Driver","ReplayTheSpireMod:Reroute Power"],"picked":"Beam Cell","floor":5},{"not_picked":["Hologram","Sweeping Beam"],"picked":"Skim","floor":7},{"not_picked":["ReplayTheSpireMod:Repulse","Redo"],"picked":"Genetic Algorithm","floor":8},{"not_picked":["Barrage","Redo"],"picked":"Glacier","floor":10},{"not_picked":["Biased Cognition","Beam Cell"],"picked":"Streamline","floor":11},{"not_picked":["BasicCrystalCard","Hologram","Leap"],"picked":"Consume","floor":13},{"not_picked":["Panic Button","Sunder","Beam Cell","Gash"],"picked":"SKIP","floor":14},{"not_picked":["hubris:SpecializedCircuitry","Core Surge","Rainbow"],"picked":"Echo Form","floor":16},{"not_picked":["Gash","ReplayGash","Streamline"],"picked":"Turbo","floor":18},{"not_picked":["Stack+1","Hologram","Compile Driver"],"picked":"Double Energy","floor":19},{"not_picked":["Defragment","Barrage","Steam"],"picked":"Crystallizer","floor":20},{"not_picked":["Lockon","Compile Driver","Rebound"],"picked":"Consume+1","floor":22},{"not_picked":["Panic Button+1","Rebound","Beam Cell"],"picked":"Redo","floor":23},{"not_picked":["Stack","Steam","ReplayTheSpireMod:System Scan"],"picked":"Multi-Cast","floor":24},{"not_picked":["Go for the Eyes+1","Stack+1","ReplayGash"],"picked":"Turbo+1","floor":27},{"not_picked":["Sweeping Beam+1","ReplayTheSpireMod:Repulse","ReplayGash"],"picked":"Conserve Battery","floor":31},{"not_picked":["Electrodynamics+1","Multi-Cast","Meteor Strike"],"picked":"hubris:SpecializedCircuitry+1","floor":33},{"not_picked":["BasicCrystalCard","Panic Button+1","Steam"],"picked":"Cold Snap+1","floor":35},{"not_picked":["Self Repair+1","Hologram+1","Rebound+1"],"picked":"ReplayTheSpireMod:GoodbyeWorld+1","floor":37},{"not_picked":["Leap","Rebound","aspiration:Polymerization+1"],"picked":"Hello World+1","floor":39}],"player_experience":130211,"relics_obtained":[{"floor":11,"key":"Oddly Smooth Stone"},{"floor":13,"key":"Replay:Arrowhead"},{"floor":23,"key":"Bronze Scales"},{"floor":26,"key":"Frozen Egg 2"},{"floor":27,"key":"Nunchaku"},{"floor":37,"key":"FossilizedHelix"}],"event_choices":[{"cards_removed":["Strike_B"],"damage_healed":0,"gold_gain":0,"player_choice":"Offered Basic","damage_taken":0,"max_hp_gain":0,"max_hp_loss":0,"event_name":"Bonfire Elementals","floor":4,"gold_loss":0},{"damage_healed":0,"gold_gain":0,"player_choice":"Fight","damage_taken":0,"max_hp_gain":0,"max_hp_loss":0,"event_name":"Mysterious Sphere","floor":37,"gold_loss":0}],"is_beta":false,"boss_relics":[{"not_picked":["Pandora\u0027s Box","infinitespire:Cupcake"],"picked":"hubris:Backtick"},{"not_picked":["hubris:HollowSoul","Busted Crown"],"picked":"aspiration:FutureDiary"}],"items_purged_floors":[3,12,21,25,36],"is_endless":false,"potions_floor_spawned":[5,7,10,14,16,20,23,31,33,37,39],"killed_by":"Nightmare","ascension_level":4}}