{"host":"toh0bbw446wnuexf","time":1609655185,"event":{"mods":["BaseMod","Downfall","Hermit","Minty Spire (QoL Compilation)","Random Character Button","StSLib"],"gold_per_floor":[199,213,239,267,194,194,276,276,276,289,304,316,316,327,347,442,442,442,461,461,477,497,497,497,407,407,417,417,417,417],"floor_reached":28,"playtime":4506,"items_purged":["champ:Strike"],"score":223,"play_id":"136476c4-aab2-40b8-aecc-fe8b7063e9bc","local_time":"20210103192625","is_ascension_mode":true,"campfire_choices":[{"data":"champ:Taunt","floor":1,"key":"SMITH"},{"data":"champ:DefensiveStyle","floor":6,"key":"SMITH"},{"data":"champ:ViciousMockery","floor":9,"key":"SMITH"},{"data":"champ:ShieldThrow","floor":18,"key":"SMITH"},{"data":"champ:SkillfulDodge","floor":23,"key":"SMITH"}],"circlet_count":0,"master_deck":["champ:Strike","champ:Strike","champ:Strike","champ:Defend","champ:Defend","champ:Defend","champ:Defend","champ:Execute","champ:Taunt+1","champ:ViciousMockery+1","champ:DefensiveStyle+1","champ:SkillfulDodge+1","champ:ShieldThrow+1","champ:BringItOn+1","champ:Circumvent+1","champ:TornadoPunch+1"],"relics":["champ:ChampionCrown","Bottled Lightning","Runic Pyramid","Singing Bowl","downfall:RedIOU"],"acts_visited":["Exordium","TheCity"],"potions_floor_usage":[],"damage_taken":[{"damage":6,"enemies":"Cultist","floor":2,"turns":4},{"damage":12,"enemies":"Small Slimes","floor":4,"turns":4},{"damage":15,"enemies":"downfall:FleeingMerchant","floor":5,"turns":4},{"damage":0,"enemies":"2 Louse","floor":10,"turns":4},{"damage":5,"enemies":"2 Fungi Beasts","floor":11,"turns":3},{"damage":14,"enemies":"Lots of Slimes","floor":12,"turns":5},{"damage":11,"enemies":"Red Slaver","floor":14,"turns":4},{"damage":10,"enemies":"2 Fungi Beasts","floor":15,"turns":4},{"damage":41,"enemies":"downfall:Watcher","floor":16,"turns":18},{"damage":17,"enemies":"Shell Parasite","floor":19,"turns":6},{"damage":13,"enemies":"Shelled Parasite and Fungi","floor":21,"turns":5},{"damage":18,"enemies":"3 Cultists","floor":22,"turns":8},{"damage":10,"enemies":"downfall:FleeingMerchant","floor":25,"turns":4},{"damage":5,"enemies":"Snecko","floor":27,"turns":6},{"damage":29,"enemies":"Slavers","floor":28,"turns":4}],"seed_played":"-3693168503536656175","potions_obtained":[{"floor":2,"key":"SpeedPotion"},{"floor":11,"key":"BlessingOfTheForge"},{"floor":15,"key":"ColorlessPotion"},{"floor":27,"key":"FairyPotion"}],"is_trial":false,"path_per_floor":["R","M","T","M","$","R","T","?","R","M","M","M","?","M","M","B",null,"R","M","?","M","M","R","T","$","?","M","E"],"character_chosen":"THE_CHAMP","items_purchased":["champ:DefensiveStyle"],"campfire_rested":0,"item_purchase_floors":[5],"current_hp_per_floor":[90,89,89,87,82,82,82,82,82,82,82,78,78,72,67,46,90,90,83,78,70,52,52,52,52,52,54,25,25,25],"gold":417,"neow_bonus":"HUNDRED_GOLD","is_daily":false,"chose_seed":false,"campfire_upgraded":5,"win_rate":0.0,"timestamp":1609655185,"path_taken":["R","M","?","M","$","R","T","?","R","M","M","?","?","M","M","BOSS","R","M","?","?","M","R","T","?","?","M","E"],"items_purchased_type":["Card"],"build_version":"2020-12-22","purchased_purges":1,"victory":false,"max_hp_per_floor":[90,90,90,90,90,90,90,90,90,90,90,90,90,90,90,90,90,90,90,90,90,90,90,90,90,90,92,92,92,92],"card_choices":[{"not_picked":["champ:Circumvent","champ:AdrenalArmor"],"picked":"champ:ViciousMockery","floor":2},{"not_picked":["champ:FlashCut","champ:Circumvent","champ:ShieldSigil"],"picked":"SKIP","floor":4},{"not_picked":["champ:DefensiveShout","champ:RapidStrikes","champ:FlashCut"],"picked":"SKIP","floor":5},{"not_picked":["champ:StanceDance","champ:FlashCut","champ:DefensiveShout"],"picked":"SKIP","floor":10},{"not_picked":["champ:IgnorePain","champ:BladeFlurry","champ:AdrenalArmor"],"picked":"SKIP","floor":11},{"not_picked":["champ:AdrenalArmor","champ:PerfectedStrike","champ:Duel"],"picked":"SKIP","floor":12},{"not_picked":["champ:GladiatorStyle","champ:Backstep","champ:Haymaker"],"picked":"SKIP","floor":14},{"not_picked":["champ:StanceDance","champ:RageSigil"],"picked":"champ:SkillfulDodge","floor":15},{"not_picked":["champ:DancingMaster","champ:HoldFirm"],"picked":"champ:ShieldThrow","floor":16},{"not_picked":["champ:BladeFlurry+1","champ:Aggression","champ:AdrenalArmor"],"picked":"SKIP","floor":19},{"not_picked":["champ:GladiatorsShout","champ:DefensiveStyle"],"picked":"champ:BringItOn+1","floor":21},{"not_picked":["champ:StanceDance","champ:RageSigil"],"picked":"champ:Circumvent+1","floor":22},{"not_picked":["champ:Haymaker","champ:DeathBlow"],"picked":"champ:TornadoPunch+1","floor":25},{"not_picked":["champ:DefensiveStyle","champ:BladeFlurry","champ:FanOfKnives"],"picked":"Singing Bowl","floor":27}],"player_experience":588538,"relics_obtained":[{"floor":3,"key":"MawBank"},{"floor":7,"key":"Bottled Lightning"},{"floor":24,"key":"Singing Bowl"}],"event_choices":[],"is_beta":false,"boss_relics":[{"not_picked":["Cursed Key","SacredBark"],"picked":"Runic Pyramid"}],"items_purged_floors":[25],"is_endless":false,"potions_floor_spawned":[2,11,15,19,27],"killed_by":"Slavers","ascension_level":1}}