{"host":"cr892wvdvh6p7gzy","time":1609712861,"event":{"mods":["A Magickal Journey","BaseMod","Downfall","GifTheSpireLib","Minty Spire (QoL Compilation)","READ ME - Guardian Mod","SOS???????","StSLib","The Bug Knight","The Dragon Tamer","The Necromancer","The Runesmith","The Servant 0.9.4","???Mod??????Boss"],"gold_per_floor":[212,228,243,243,258,258,258,270,270,345,345,358,372,386,386,491,491,509,363,363,378,378,378,16,16,85,85,85,85,85,101,101,201,251,261,272,288,301,314,314,314,314,361,361,374,424,424,384,384,384,384,384],"floor_reached":50,"playtime":3354,"items_purged":[],"score":484,"play_id":"b0c5cb13-a477-4898-90d1-3fc285c1de90","local_time":"20210103232741","is_ascension_mode":false,"metric_token":925,"campfire_choices":[{"data":"DTMod:DoubleHit","floor":6,"key":"SMITH"},{"data":"DTMod:ComboAttack","floor":11,"key":"SMITH"},{"floor":15,"key":"REST"},{"data":"DTMod:BalancedStrike","floor":23,"key":"SMITH"},{"data":"DTMod:Inferno","floor":25,"key":"SMITH"},{"data":"DTMod:DragonDance","floor":27,"key":"SMITH"},{"data":"DTMod:BreakAttack","floor":30,"key":"SMITH"},{"floor":32,"key":"REST"},{"floor":40,"key":"REST"},{"floor":42,"key":"REST"},{"data":"DTMod:FierySynthesis","floor":44,"key":"SMITH"},{"floor":47,"key":"REST"},{"floor":49,"key":"REST"}],"dtmod_dragon_data":[0,64,0,0,8,0],"circlet_count":0,"master_deck":["DTMod:Strike+1","DTMod:Strike+1","DTMod:Strike+1","DTMod:Strike+1","DTMod:DoubleHit+1","DTMod:TargetDefense+1","DTMod:TargetDefense+1","DTMod:TargetDefense+1","DTMod:TargetDefense+1","DTMod:SwitchingTactic+1","DTMod:ForkedFire+1","DTMod:ComboAttack+1","DTMod:BreakAttack+1","DTMod:SealedStrike+1","DTMod:BlazingStrike+1","DTMod:BalancedStrike+1","DTMod:Inferno+1","DTMod:DragonDance+1","DTMod:FierySynthesis+1","DTMod:MaximumCharge+1","DTMod:MagicField+1","Parasite","DTMod:MagiciansMark+1"],"relics":["DTMod:MagicStone","Shuriken","Orrery","Lee\u0027s Waffle","Gremlin Horn","Tiny House","Orichalcum","Girya"],"acts_visited":["Exordium","TheCity","TheBeyond"],"potions_floor_usage":[5,8,12,16,33,33,35,36,36,37,50,50,50],"damage_taken":[{"damage":0,"enemies":"Jaw Worm","floor":1,"turns":6},{"damage":0,"enemies":"Small Slimes","floor":2,"turns":3},{"damage":2,"enemies":"2 Louse","floor":3,"turns":3},{"damage":0,"enemies":"Large Slime","floor":5,"turns":4},{"damage":0,"enemies":"Gremlin Gang","floor":8,"turns":3},{"damage":0,"enemies":"Exordium Wildlife","floor":12,"turns":2},{"damage":0,"enemies":"Exordium Thugs","floor":13,"turns":4},{"damage":2,"enemies":"3 Louse","floor":14,"turns":2},{"damage":7,"enemies":"Hexaghost","floor":16,"turns":10},{"damage":0,"enemies":"Chosen","floor":18,"turns":3},{"damage":3,"enemies":"Shell Parasite","floor":21,"turns":6},{"damage":0,"enemies":"Cultist and Chosen","floor":31,"turns":4},{"damage":0,"enemies":"Collector","floor":33,"turns":4},{"damage":0,"enemies":"Orb Walker","floor":35,"turns":2},{"damage":0,"enemies":"3 Darklings","floor":36,"turns":2},{"damage":0,"enemies":"Spire Growth","floor":37,"turns":4},{"damage":0,"enemies":"4 Shapes","floor":38,"turns":3},{"damage":38,"enemies":"Writhing Mass","floor":39,"turns":6},{"damage":19,"enemies":"Maw","floor":45,"turns":6},{"damage":0,"enemies":"Mind Bloom Boss Battle","floor":46,"turns":6},{"damage":78,"enemies":"Awakened One","floor":50,"turns":12}],"seed_played":"2618027789503733522","potions_obtained":[{"floor":2,"key":"Energy Potion"},{"floor":5,"key":"LiquidBronze"},{"floor":8,"key":"PowerPotion"},{"floor":13,"key":"FearPotion"},{"floor":14,"key":"SneckoOil"},{"floor":18,"key":"champ:CounterPotion"},{"floor":31,"key":"ColorlessPotion"},{"floor":33,"key":"sneckomod:MuddlingPotion"},{"floor":34,"key":"hexamod:EctoCoolerPotion"},{"floor":36,"key":"EssenceOfSteel"},{"floor":48,"key":"champ:CounterPotion"},{"floor":48,"key":"ColorlessPotion"},{"floor":48,"key":"Strength Potion"}],"is_trial":false,"path_per_floor":["M","M","M","?","M","R","?","M","T","?","R","M","M","M","R","B",null,"M","$","?","M","?","R","$","R","T","R","$","?","R","M","R","B",null,"M","M","M","M","M","R","?","R","T","R","M","?","R","?","R","B"],"character_chosen":"THE_DT","items_purchased":["Orrery","DTMod:Inferno","Lee\u0027s Waffle","DTMod:DragonDance"],"campfire_rested":6,"item_purchase_floors":[19,24,24,24],"current_hp_per_floor":[45,45,43,34,34,34,34,34,34,23,23,23,23,21,34,27,45,45,45,45,42,42,42,52,52,52,52,52,52,52,52,52,52,57,57,57,57,57,19,36,36,53,53,53,38,45,57,57,57,0,0,0],"gold":384,"neow_bonus":"HUNDRED_GOLD","is_daily":false,"chose_seed":false,"campfire_upgraded":7,"win_rate":0.0,"timestamp":1609712861,"path_taken":["M","M","M","?","M","R","?","M","T","?","R","M","M","M","R","BOSS","M","$","?","?","?","R","?","R","T","R","$","?","R","M","R","BOSS","M","M","M","M","M","R","?","R","T","R","?","?","R","?","R","BOSS"],"items_purchased_type":["Relic","Card","Relic","Card"],"build_version":"2020-12-22","purchased_purges":0,"victory":false,"max_hp_per_floor":[45,45,45,45,45,45,45,45,45,45,45,45,45,45,45,45,45,45,45,45,45,45,45,52,52,52,52,52,52,52,52,52,52,57,57,57,57,57,57,57,57,57,57,57,57,57,57,57,57,57,57,57],"card_choices":[{"not_picked":["DTMod:BlazingStrike","DTMod:BizarreTactic","DTMod:ComboAttack"],"picked":"SKIP","floor":1},{"not_picked":["DTMod:Adaptation","DTMod:InvisibleFlame","DTMod:PurifyingFlame"],"picked":"SKIP","floor":2},{"not_picked":["DTMod:RunningTactic","DTMod:BlueScale"],"picked":"DTMod:ForkedFire","floor":3},{"not_picked":["DTMod:ComboAttack","DTMod:Threaten","DTMod:Cover"],"picked":"SKIP","floor":5},{"not_picked":["DTMod:BurningForce","DTMod:CrossStep"],"picked":"DTMod:ComboAttack","floor":8},{"not_picked":["DTMod:ComboAttack","DTMod:BuildUp"],"picked":"DTMod:BreakAttack","floor":12},{"not_picked":["DTMod:BuildUp","DTMod:RunningTactic","DTMod:HeatWave"],"picked":"SKIP","floor":13},{"not_picked":["DTMod:Weaken","DTMod:BizarreTactic","DTMod:ComboAttack"],"picked":"SKIP","floor":14},{"not_picked":["DTMod:Multitask","DTMod:ShadowImage"],"picked":"DTMod:SealedStrike","floor":16},{"not_picked":["DTMod:QuickFly+1","DTMod:Weaken","DTMod:CrossStep"],"picked":"SKIP","floor":18},{"not_picked":["DTMod:BalancedStrike","DTMod:BuildUp"],"picked":"DTMod:BlazingStrike+1","floor":19},{"not_picked":["DTMod:Threaten","DTMod:BizarreTactic"],"picked":"DTMod:Safeguard","floor":19},{"not_picked":["DTMod:Threaten","DTMod:HeatWave"],"picked":"DTMod:BalancedStrike","floor":19},{"not_picked":["DTMod:Training","DTMod:MaximumCharge","DTMod:Hide"],"picked":"SKIP","floor":21},{"not_picked":["DTMod:QuickFly","DTMod:BizarreTactic","DTMod:BurningEnergy"],"picked":"SKIP","floor":31},{"not_picked":["DTMod:OpeningTactic","DTMod:LightShield"],"picked":"DTMod:FierySynthesis","floor":33},{"not_picked":["DTMod:Punisher","DTMod:CrossStep","DTMod:CleansingStrike+1"],"picked":"SKIP","floor":35},{"not_picked":["DTMod:BlazingStrike","DTMod:StarRain","DTMod:Hide+1"],"picked":"SKIP","floor":36},{"not_picked":["DTMod:RecklessFlurry+1","DTMod:LowKick+1"],"picked":"DTMod:MaximumCharge+1","floor":37},{"not_picked":["DTMod:WarmUp","DTMod:BlueScale"],"picked":"DTMod:MagicField+1","floor":38},{"not_picked":["DTMod:BreakAttack","DTMod:TauntingStrike+1","DTMod:HeatWave"],"picked":"SKIP","floor":39},{"not_picked":["DTMod:Punisher","DTMod:MasterPlan"],"picked":"DTMod:MagiciansMark+1","floor":45}],"player_experience":439273,"relics_obtained":[{"floor":9,"key":"Shuriken"},{"floor":26,"key":"Gremlin Horn"},{"floor":43,"key":"Orichalcum"},{"floor":46,"key":"Girya"}],"event_choices":[{"damage_healed":0,"gold_gain":0,"player_choice":"Entered Light","damage_taken":9,"max_hp_gain":0,"max_hp_loss":0,"event_name":"Shining Light","floor":4,"gold_loss":0,"cards_upgraded":["DTMod:ForkedFire","DTMod:Strike"]},{"damage_healed":0,"gold_gain":0,"player_choice":"Grow","damage_taken":0,"max_hp_gain":0,"max_hp_loss":0,"event_name":"Living Wall","floor":7,"gold_loss":0,"cards_upgraded":["DTMod:SwitchingTactic"]},{"damage_healed":0,"gold_gain":75,"player_choice":"Gather Gold","damage_taken":11,"max_hp_gain":0,"max_hp_loss":0,"event_name":"World of Goop","floor":10,"gold_loss":0},{"damage_healed":0,"gold_gain":0,"player_choice":"Ignored","damage_taken":0,"max_hp_gain":0,"max_hp_loss":0,"event_name":"Purifier","floor":20,"gold_loss":0},{"damage_healed":0,"gold_gain":0,"player_choice":"Simplicity","damage_taken":0,"max_hp_gain":0,"max_hp_loss":0,"event_name":"Back to Basics","floor":22,"gold_loss":0,"cards_upgraded":["DTMod:Strike","DTMod:Strike","DTMod:Strike","DTMod:TargetDefense","DTMod:TargetDefense","DTMod:TargetDefense","DTMod:TargetDefense"]},{"damage_healed":0,"gold_gain":0,"player_choice":"Ignored","damage_taken":0,"max_hp_gain":0,"max_hp_loss":0,"event_name":"NoteForYourself","floor":29,"gold_loss":0},{"cards_removed":["DTMod:Safeguard"],"damage_healed":0,"gold_gain":0,"player_choice":"Purged","damage_taken":0,"max_hp_gain":0,"max_hp_loss":0,"event_name":"Purifier","floor":41,"gold_loss":0},{"damage_healed":0,"gold_gain":0,"player_choice":"Fight","damage_taken":0,"max_hp_gain":0,"max_hp_loss":0,"event_name":"MindBloom","floor":46,"gold_loss":0},{"damage_healed":0,"gold_gain":0,"player_choice":"Bought 3 Potions","damage_taken":0,"max_hp_gain":0,"max_hp_loss":0,"event_name":"The Woman in Blue","floor":48,"gold_loss":0}],"is_beta":false,"boss_relics":[{"not_picked":["Coffee Dripper","Ectoplasm"],"picked":"DTMod:MagicStone"},{"not_picked":["Calling Bell","Runic Pyramid"],"picked":"Tiny House"}],"items_purged_floors":[],"is_endless":false,"potions_floor_spawned":[2,5,8,13,14,18,31,33,36],"killed_by":"Awakened One","ascension_level":0}}