{"host":"z16h96csw6gsetxl","time":1609650237,"event":{"mods":["BaseMod","Minty Spire (QoL Compilation)"],"gold_per_floor":[118,130,142,158,170,170,188,217,263,68,87,101,101,113,113,212,212,212,212,212,66,66,66,66,66,66,66,66,66,66,66,66,66,66],"floor_reached":33,"playtime":2512,"items_purged":["Bash"],"score":329,"play_id":"d0d85413-68e2-42c7-8a84-55ffb2f011bd","local_time":"20210103130357","is_ascension_mode":false,"campfire_choices":[{"data":"Feed","floor":6,"key":"SMITH"},{"floor":13,"key":"REST"},{"floor":15,"key":"REST"},{"data":"Metallicize","floor":24,"key":"SMITH"},{"floor":32,"key":"REST"}],"circlet_count":0,"master_deck":["Strike_R","Strike_R","Strike_R","Strike_R","Strike_R","Defend_R","Defend_R","Defend_R","Defend_R","Feed+1","Shrug It Off","Warcry","Corruption","Headbutt","Battle Trance","Feed+1","Flex","Double Tap","Body Slam+1","Entrench","Armaments","Spot Weakness","Metallicize+1","Sword Boomerang+1","Fiend Fire","Pummel","Armaments"],"relics":["Burning Blood","Mercury Hourglass","Happy Flower","DollysMirror","Ectoplasm","Potion Belt","Bag of Preparation"],"acts_visited":["Exordium","TheCity"],"potions_floor_usage":[4,8,11,23],"damage_taken":[{"damage":5,"enemies":"2 Louse","floor":1,"turns":4},{"damage":6,"enemies":"Cultist","floor":2,"turns":3},{"damage":3,"enemies":"Jaw Worm","floor":3,"turns":3},{"damage":7,"enemies":"Gremlin Gang","floor":4,"turns":8},{"damage":13,"enemies":"Red Slaver","floor":5,"turns":5},{"damage":42,"enemies":"Exordium Wildlife","floor":7,"turns":6},{"damage":43,"enemies":"3 Sentries","floor":8,"turns":10},{"damage":6,"enemies":"Exordium Thugs","floor":11,"turns":3},{"damage":0,"enemies":"Large Slime","floor":12,"turns":3},{"damage":10,"enemies":"3 Louse","floor":14,"turns":3},{"damage":72,"enemies":"The Guardian","floor":16,"turns":13},{"damage":5,"enemies":"Spheric Guardian","floor":18,"turns":3},{"damage":15,"enemies":"Chosen","floor":19,"turns":4},{"damage":25,"enemies":"Sentry and Sphere","floor":20,"turns":5},{"damage":41,"enemies":"Slavers","floor":23,"turns":8},{"damage":36,"enemies":"Snake Plant","floor":25,"turns":5},{"damage":20,"enemies":"Snecko","floor":27,"turns":6},{"damage":5,"enemies":"Cultist and Chosen","floor":28,"turns":4},{"damage":21,"enemies":"Snake Plant","floor":29,"turns":4},{"damage":37,"enemies":"Centurion and Healer","floor":31,"turns":4},{"damage":0,"enemies":"Collector","floor":33,"turns":1}],"seed_played":"-6350616446281856874","potions_obtained":[{"floor":2,"key":"Fruit Juice"},{"floor":5,"key":"DuplicationPotion"},{"floor":8,"key":"DuplicationPotion"},{"floor":11,"key":"Energy Potion"},{"floor":12,"key":"Swift Potion"},{"floor":23,"key":"DistilledChaos"},{"floor":25,"key":"Swift Potion"},{"floor":27,"key":"Regen Potion"}],"is_trial":false,"path_per_floor":["M","M","M","M","M","R","M","E","T","$","M","M","R","M","R","B",null,"M","M","M","$","?","E","R","M","T","M","M","M","?","M","R","B"],"character_chosen":"IRONCLAD","items_purchased":["DollysMirror","Explosive Potion","Spot Weakness"],"campfire_rested":3,"item_purchase_floors":[10,10,21],"current_hp_per_floor":[60,63,69,76,72,72,40,7,7,7,15,25,61,61,98,36,128,132,127,108,108,136,109,109,79,79,65,66,51,45,18,62,62,62],"gold":66,"neow_bonus":"THREE_RARE_CARDS","is_daily":false,"chose_seed":false,"campfire_upgraded":2,"win_rate":0.0,"timestamp":1609650237,"path_taken":["M","M","M","M","M","R","M","E","T","$","M","M","R","M","R","BOSS","M","M","M","$","?","E","R","M","T","M","?","M","?","?","R","BOSS"],"items_purchased_type":["Relic","Potion","Card"],"build_version":"2020-12-22","purchased_purges":1,"victory":false,"max_hp_per_floor":[83,86,89,97,100,100,104,108,108,108,116,120,120,124,124,128,128,132,136,136,136,136,144,144,144,144,144,144,144,144,148,148,148,148],"card_choices":[{"not_picked":["Berserk","Limit Break"],"picked":"Feed","floor":0},{"not_picked":["Heavy Blade","Perfected Strike"],"picked":"Shrug It Off","floor":1},{"not_picked":["Iron Wave","Shrug It Off"],"picked":"Warcry","floor":2},{"not_picked":["Warcry","Reckless Charge"],"picked":"Corruption","floor":3},{"not_picked":["Ghostly Armor","Perfected Strike"],"picked":"Headbutt","floor":4},{"not_picked":["Rage","Power Through","Clothesline"],"picked":"SKIP","floor":5},{"not_picked":["Headbutt","Perfected Strike","Thunderclap"],"picked":"SKIP","floor":7},{"not_picked":["Pummel","Pommel Strike"],"picked":"Battle Trance","floor":8},{"not_picked":["Warcry","Power Through"],"picked":"Flex","floor":11},{"not_picked":["Bloodletting","Clothesline","Clash"],"picked":"SKIP","floor":12},{"not_picked":["Body Slam","Perfected Strike","Clash"],"picked":"SKIP","floor":14},{"not_picked":["Immolate","Corruption"],"picked":"Double Tap","floor":16},{"not_picked":["Iron Wave","Evolve+1"],"picked":"Body Slam+1","floor":18},{"not_picked":["Shockwave","Anger"],"picked":"Entrench","floor":19},{"not_picked":["Dark Embrace","Infernal Blade"],"picked":"Armaments","floor":20},{"not_picked":["Headbutt","Second Wind"],"picked":"Metallicize","floor":23},{"not_picked":["Thunderclap","Anger"],"picked":"Sword Boomerang+1","floor":25},{"not_picked":["Sever Soul","Flex","Reckless Charge"],"picked":"SKIP","floor":27},{"not_picked":["Flex+1","Carnage+1"],"picked":"Fiend Fire","floor":28},{"not_picked":["Clash+1","Entrench"],"picked":"Pummel","floor":29},{"not_picked":["Pommel Strike","Clash+1"],"picked":"Armaments","floor":31}],"player_experience":24460,"relics_obtained":[{"floor":8,"key":"Mercury Hourglass"},{"floor":9,"key":"Happy Flower"},{"floor":23,"key":"Potion Belt"},{"floor":26,"key":"Bag of Preparation"}],"event_choices":[{"damage_healed":28,"gold_gain":0,"player_choice":"Full Heal","damage_taken":0,"max_hp_gain":0,"max_hp_loss":0,"event_name":"Wheel of Change","floor":22,"gold_loss":0},{"damage_healed":0,"gold_gain":0,"player_choice":"","damage_taken":6,"max_hp_gain":0,"max_hp_loss":0,"event_name":"Knowing Skull","floor":30,"potions_obtained":[],"gold_loss":0,"cards_obtained":[]}],"is_beta":false,"boss_relics":[{"not_picked":["Philosopher\u0027s Stone","SacredBark"],"picked":"Ectoplasm"}],"items_purged_floors":[21],"is_endless":false,"potions_floor_spawned":[2,5,8,11,12,14,20,23,25,27],"killed_by":"Collector","ascension_level":0}}