{"host":"1zfbckszmdcrhnfi","time":1609647001,"event":{"mods":["AchievementEnabler","BaseMod","Colored Map","Downfall","Hero for Fun","Minty Spire (QoL Compilation)","Quick Restart","Shop Mod","StSLib","The Bladedancer","The Cursed","The Hierophant","The Runesmith"],"gold_per_floor":[115,75,98,113,113,146,141,162,236,236,262,290,260,289,289,269,269],"floor_reached":16,"playtime":835,"items_purged":[],"score":108,"play_id":"d79c365e-24bc-492b-884e-19906bd10166","local_time":"20210103121001","is_ascension_mode":false,"campfire_choices":[{"data":"hierophant:Punish","floor":10,"key":"SMITH"},{"floor":15,"key":"RECALL"}],"circlet_count":0,"master_deck":["hierophant:Strike_Hierophant","hierophant:Strike_Hierophant","hierophant:Strike_Hierophant","hierophant:Strike_Hierophant","hierophant:Punish+1","hierophant:Defend_Hierophant","hierophant:Defend_Hierophant","hierophant:Defend_Hierophant","hierophant:Defend_Hierophant","hierophant:ChurchCoffers","hierophant:OrnateBuckler","hierophant:Smite","Blind","hierophant:Doubloon","hierophant:Dazzle","hierophant:HolyVerse","hierophant:Endure","hierophant:Zeal"],"relics":["hierophant:PropheticMaskRelic","NeowsBlessing","Strawberry","Frozen Egg 2"],"acts_visited":["Exordium"],"potions_floor_usage":[6,16],"damage_taken":[{"damage":0,"enemies":"Cultist","floor":1,"turns":1},{"damage":0,"enemies":"Jaw Worm","floor":3,"turns":1},{"damage":0,"enemies":"Small Slimes","floor":4,"turns":1},{"damage":21,"enemies":"Gremlin Nob","floor":6,"turns":4},{"damage":0,"enemies":"Blue Slaver","floor":7,"turns":3},{"damage":0,"enemies":"2 Fungi Beasts","floor":8,"turns":3},{"damage":0,"enemies":"Red Slaver","floor":11,"turns":3},{"damage":6,"enemies":"3 Louse","floor":12,"turns":2},{"damage":5,"enemies":"Large Slime","floor":13,"turns":10},{"damage":14,"enemies":"Gremlin Gang","floor":14,"turns":2},{"damage":40,"enemies":"Slime Boss","floor":16,"turns":10}],"seed_played":"8924881311670339071","potions_obtained":[{"floor":2,"key":"Explosive Potion"},{"floor":2,"key":"SmokeBomb"},{"floor":2,"key":"DuplicationPotion"},{"floor":7,"key":"GamblersBrew"},{"floor":12,"key":"EssenceOfSteel"}],"is_trial":false,"path_per_floor":["M","?","M","M","?","E","M","M","T","R","M","M","M","M","R","B"],"character_chosen":"HIEROPHANT","items_purchased":[],"campfire_rested":0,"item_purchase_floors":[],"current_hp_per_floor":[75,75,75,75,75,61,61,61,61,61,61,55,50,36,36,0,0],"gold":269,"neow_bonus":"THREE_ENEMY_KILL","is_daily":false,"chose_seed":false,"campfire_upgraded":1,"win_rate":0.0,"timestamp":1609647001,"path_taken":["M","?","?","M","?","E","?","?","T","R","M","M","M","M","R","BOSS"],"items_purchased_type":[],"build_version":"2020-12-22","purchased_purges":0,"victory":false,"max_hp_per_floor":[75,75,75,75,75,82,82,82,82,82,82,82,82,82,82,82,82],"card_choices":[{"not_picked":["hierophant:Shelter","hierophant:SecretStash"],"picked":"hierophant:OrnateBuckler","floor":1},{"not_picked":["hierophant:Refuge","hierophant:OrnateBuckler"],"picked":"hierophant:Smite","floor":3},{"not_picked":["hierophant:Refuge","hierophant:Racketeering","hierophant:DisplayOfPower"],"picked":"SKIP","floor":4},{"not_picked":["hierophant:RepressedViolence","hierophant:Shelter"],"picked":"hierophant:Dazzle","floor":6},{"not_picked":["hierophant:Flagellation","hierophant:Refuge","hierophant:DisplayOfPower"],"picked":"SKIP","floor":7},{"not_picked":["hierophant:OrnateBuckler","hierophant:Mercenaries"],"picked":"hierophant:HolyVerse","floor":8},{"not_picked":["hierophant:HammerAndAnvil","hierophant:SealAway"],"picked":"hierophant:Endure","floor":11},{"not_picked":["hierophant:HolyVerse","hierophant:RepressedViolence"],"picked":"hierophant:Zeal","floor":12},{"not_picked":["hierophant:PassingBell","hierophant:Purify","hierophant:Smite"],"picked":"SKIP","floor":13},{"not_picked":["hierophant:Smite","hierophant:RecallFunds","hierophant:HolyVerse"],"picked":"SKIP","floor":14}],"player_experience":206702,"relics_obtained":[{"floor":6,"key":"Strawberry"},{"floor":9,"key":"Frozen Egg 2"}],"event_choices":[{"damage_healed":0,"gold_gain":0,"player_choice":"Bought 3 Potions","damage_taken":0,"max_hp_gain":0,"max_hp_loss":0,"event_name":"The Woman in Blue","floor":2,"gold_loss":0},{"damage_healed":0,"gold_gain":0,"player_choice":"1 cards matched","damage_taken":0,"max_hp_gain":0,"max_hp_loss":0,"event_name":"Match and Keep!","floor":5,"gold_loss":0,"cards_obtained":["Blind"]}],"is_beta":false,"boss_relics":[],"items_purged_floors":[],"is_endless":false,"potions_floor_spawned":[4,7,8,11,12],"killed_by":"Slime Boss","ascension_level":0}}