{"host":"baymyijz6sxaqj5s","time":1609681781,"event":{"mods":["AchievementEnabler","BaseMod","Colored Map","Colored Powertips","DeckTracker","Highlight Path","KOR Keyword Fix","Keyboard Shortcuts","Minty Spire (QoL Compilation)","Quick Restart","StSLib","SuperFastMode"],"gold_per_floor":[119,119,119,129,21,21,39,39,112,112,128,128,93,21,21,123,123,134,134,147,147,246,246,257,257,257,277,293,309,309,309],"floor_reached":30,"playtime":620,"items_purged":[],"score":253,"play_id":"ca23de90-c621-4f41-b0da-a5d382dc07a8","local_time":"20210103224941","is_ascension_mode":true,"campfire_choices":[{"data":"Flame Barrier","floor":6,"key":"SMITH"},{"data":"Armaments","floor":8,"key":"SMITH"},{"data":"Inflame","floor":10,"key":"SMITH"},{"data":"Body Slam","floor":15,"key":"SMITH"},{"data":"Limit Break","floor":23,"key":"SMITH"},{"floor":25,"key":"REST"}],"circlet_count":0,"master_deck":["Bash","Sword Boomerang+1","Flame Barrier+1","Inflame+1","Armaments+1","Body Slam+1","Spot Weakness","Limit Break+1","Clothesline","Feed","Fire Breathing","Sword Boomerang","Ghostly Armor","Battle Trance","Uppercut","Perfected Strike","Pommel Strike","Dropkick+1","Heavy Blade","Seeing Red"],"relics":["Burning Blood","Darkstone Periapt","Pandora\u0027s Box","InkBottle"],"acts_visited":["Exordium","TheCity"],"potions_floor_usage":[28,28],"damage_taken":[{"damage":8,"enemies":"2 Louse","floor":1,"turns":4},{"damage":0,"enemies":"Small Slimes","floor":4,"turns":3},{"damage":0,"enemies":"Jaw Worm","floor":7,"turns":2},{"damage":30,"enemies":"Exordium Wildlife","floor":11,"turns":5},{"damage":55,"enemies":"Hexaghost","floor":16,"turns":10},{"damage":27,"enemies":"3 Byrds","floor":18,"turns":5},{"damage":5,"enemies":"Shell Parasite","floor":20,"turns":5},{"damage":7,"enemies":"Centurion and Healer","floor":24,"turns":5},{"damage":21,"enemies":"Cultist and Chosen","floor":27,"turns":6},{"damage":30,"enemies":"3 Cultists","floor":28,"turns":6},{"damage":47,"enemies":"Shelled Parasite and Fungi","floor":29,"turns":5},{"damage":32,"enemies":"Snake Plant","floor":30,"turns":2}],"seed_played":"3945769582962529521","potions_obtained":[{"floor":4,"key":"ElixirPotion"},{"floor":24,"key":"Dexterity Potion"},{"floor":27,"key":"BloodPotion"},{"floor":28,"key":"GamblersBrew"}],"is_trial":false,"path_per_floor":["M","?","?","M","$","R","M","R","T","R","M","?","?","$","R","B",null,"M","?","M","?","?","R","M","R","T","M","M","M","M"],"character_chosen":"IRONCLAD","items_purchased":["Flame Barrier","Inflame","Spot Weakness"],"campfire_rested":1,"item_purchase_floors":[5,5,14],"current_hp_per_floor":[86,79,79,85,85,85,88,88,88,88,64,69,92,92,92,43,93,72,72,73,73,73,73,72,93,93,78,72,31,0,0],"gold":309,"neow_bonus":"TEN_PERCENT_HP_BONUS","is_daily":false,"chose_seed":false,"campfire_upgraded":5,"win_rate":0.0,"timestamp":1609681781,"path_taken":["M","?","?","?","$","R","M","R","T","R","M","?","?","?","R","BOSS","M","?","M","?","?","R","M","R","T","?","M","M","M"],"items_purchased_type":["Card","Card","Card"],"build_version":"2020-12-22","purchased_purges":0,"victory":false,"max_hp_per_floor":[88,88,88,88,88,88,88,88,88,88,88,93,93,93,93,93,93,93,93,93,93,93,93,93,93,93,93,93,93,93,93],"card_choices":[{"not_picked":["Armaments","Second Wind"],"picked":"Sword Boomerang","floor":1},{"not_picked":["True Grit","Sword Boomerang","Second Wind"],"picked":"SKIP","floor":4},{"not_picked":["Pummel","Metallicize"],"picked":"Armaments","floor":7},{"not_picked":["Pommel Strike","Iron Wave"],"picked":"Body Slam","floor":11},{"not_picked":["Immolate","Reaper"],"picked":"Limit Break","floor":16},{"not_picked":["Iron Wave","Pummel+1","Sword Boomerang"],"picked":"SKIP","floor":18},{"not_picked":["Second Wind","Clash"],"picked":"Pommel Strike","floor":20},{"not_picked":["Carnage","Disarm","Inflame+1"],"picked":"SKIP","floor":24},{"not_picked":["Headbutt","Twin Strike"],"picked":"Dropkick+1","floor":27},{"not_picked":["Twin Strike","Clash"],"picked":"Heavy Blade","floor":28},{"not_picked":["Juggernaut","Heavy Blade+1"],"picked":"Seeing Red","floor":29}],"player_experience":312240,"relics_obtained":[{"floor":9,"key":"Darkstone Periapt"},{"floor":26,"key":"InkBottle"}],"event_choices":[{"cards_removed":["Strike_R"],"damage_healed":0,"gold_gain":0,"player_choice":"Card Removal","damage_taken":7,"max_hp_gain":0,"max_hp_loss":0,"event_name":"Golden Wing","floor":2,"gold_loss":0},{"damage_healed":0,"gold_gain":0,"player_choice":"Grow","damage_taken":0,"max_hp_gain":0,"max_hp_loss":0,"event_name":"Living Wall","floor":3,"gold_loss":0,"cards_upgraded":["Sword Boomerang"]},{"damage_healed":0,"gold_gain":0,"player_choice":"Donut","damage_taken":0,"max_hp_gain":5,"max_hp_loss":0,"event_name":"Big Fish","floor":12,"gold_loss":0},{"damage_healed":23,"gold_gain":0,"player_choice":"Healed","damage_taken":0,"max_hp_gain":0,"max_hp_loss":0,"event_name":"The Cleric","floor":13,"gold_loss":35},{"damage_healed":0,"gold_gain":0,"player_choice":"Ignored","damage_taken":0,"max_hp_gain":0,"max_hp_loss":0,"event_name":"Ghosts","floor":19,"gold_loss":0},{"damage_healed":0,"gold_gain":0,"player_choice":"Simplicity","damage_taken":0,"max_hp_gain":0,"max_hp_loss":0,"event_name":"Back to Basics","floor":21,"gold_loss":0,"cards_upgraded":[]},{"damage_healed":0,"gold_gain":99,"player_choice":"Stole From Cult","damage_taken":0,"max_hp_gain":0,"max_hp_loss":0,"event_name":"Nest","floor":22,"gold_loss":0}],"is_beta":false,"boss_relics":[{"not_picked":["Mark of Pain","Empty Cage"],"picked":"Pandora\u0027s Box"}],"items_purged_floors":[],"is_endless":false,"potions_floor_spawned":[4,24,27,28],"killed_by":"Snake Plant","ascension_level":3}}