{"host":"ksmhkxap3eqvmwsu","time":1609703385,"event":{"mods":["AchievementEnabler","BaseMod","Infinite Spire","Minty Spire (QoL Compilation)","StSLib"],"gold_per_floor":[118,118,118,135,21,56,131,165,165,165,184,195,195,215,215,314,314,332,332,1,101,111,111,125,137,137,164,174,204,204,238,238,333,333,344,344,344,360,380,408,408,442,442,452,452,452,452,477,477,477,477,477,29,58,58,58],"floor_reached":55,"playtime":6361,"items_purged":["Defend_G","Bite+1"],"score":1101,"play_id":"cd761f24-d070-46ff-82ab-0a4820b1e803","local_time":"20210103214945","is_ascension_mode":true,"campfire_choices":[{"floor":10,"key":"REST"},{"data":"Leg Sweep","floor":13,"key":"SMITH"},{"data":"Leg Sweep","floor":15,"key":"SMITH"},{"data":"After Image","floor":23,"key":"SMITH"},{"data":"A Thousand Cuts","floor":30,"key":"SMITH"},{"data":"Distraction","floor":32,"key":"SMITH"},{"data":"Accuracy","floor":41,"key":"SMITH"},{"floor":45,"key":"RECALL"},{"floor":47,"key":"REST"},{"floor":49,"key":"REST"},{"floor":52,"key":"REST"}],"circlet_count":0,"master_deck":["Defend_G+1","Survivor+1","Neutralize+1","Blade Dance+1","PiercingWail+1","Accuracy+1","Backstab+1","Backflip+1","Leg Sweep+1","Backflip+1","Flying Knee+1","Leg Sweep+1","After Image+1","Finisher+1","Phantasmal Killer+1","Malaise+1","Blade Dance+1","Bite+1","Bite+1","Bite+1","Bite+1","Blade Dance+1","Distraction+1","Footwork+1","Dash+1","A Thousand Cuts+1","Dodge and Roll+1","PiercingWail+1","Burst+1","Cloak And Dagger+1","Well Laid Plans+1","Accuracy+1","Slice+1","Calculated Gamble+1","Dodge and Roll+1","Flying Knee+1","Backflip+1","Footwork","Prepared+1","Dagger Throw+1"],"relics":["PureWater","NeowsBlessing","infinitespire:Eraser","infinitespire:Cubic Diamond","Ginger","Ninja Scroll","infinitespire:CheckeredPen","Astrolabe","Membership Card","Happy Flower","Orichalcum","Thread and Needle","Red Mask","Blood Vial","Dream Catcher","Black Star","Mark of the Bloom","Smiling Mask","Meat on the Bone","Strawberry","infinitespire:Joker Card","infinitespire:ShieldingShard","Bird Faced Urn","infinitespire:Lychee Nut","War Paint","Lantern","Ornamental Fan"],"acts_visited":["Exordium","TheCity","TheBeyond","TheEnding"],"potions_floor_usage":[8,16,16,27,31,50,50,50,54,54],"damage_taken":[{"damage":0,"enemies":"Jaw Worm","floor":1,"turns":1},{"damage":0,"enemies":"2 Louse","floor":4,"turns":1},{"damage":0,"enemies":"3 Sentries","floor":6,"turns":1},{"damage":25,"enemies":"Gremlin Nob","floor":8,"turns":4},{"damage":0,"enemies":"Small Slimes","floor":11,"turns":1},{"damage":0,"enemies":"Blue Slaver","floor":12,"turns":2},{"damage":0,"enemies":"Looter","floor":14,"turns":1},{"damage":7,"enemies":"Slime Boss","floor":16,"turns":8},{"damage":0,"enemies":"Shell Parasite","floor":18,"turns":7},{"damage":0,"enemies":"Spheric Guardian","floor":22,"turns":3},{"damage":1,"enemies":"Centurion and Healer","floor":24,"turns":4},{"damage":11,"enemies":"Snake Plant","floor":25,"turns":4},{"damage":0,"enemies":"Masked Bandits","floor":27,"turns":4},{"damage":0,"enemies":"Snecko","floor":28,"turns":4},{"damage":0,"enemies":"Gremlin Leader","floor":29,"turns":5},{"damage":0,"enemies":"Slavers","floor":31,"turns":3},{"damage":21,"enemies":"Champ","floor":33,"turns":11},{"damage":0,"enemies":"3 Shapes","floor":35,"turns":4},{"damage":0,"enemies":"3 Darklings","floor":38,"turns":4},{"damage":0,"enemies":"Maw","floor":39,"turns":5},{"damage":0,"enemies":"Nemesis","floor":40,"turns":3},{"damage":0,"enemies":"Giant Head","floor":42,"turns":6},{"damage":4,"enemies":"Sphere and 2 Shapes","floor":44,"turns":2},{"damage":0,"enemies":"Nemesis","floor":48,"turns":1},{"damage":11,"enemies":"Donu and Deca","floor":50,"turns":10},{"damage":0,"enemies":"Shield and Spear","floor":54,"turns":10},{"damage":48,"enemies":"The Heart","floor":55,"turns":6}],"seed_played":"-2815064237066209784","potions_obtained":[{"floor":1,"key":"LiquidBronze"},{"floor":4,"key":"Weak Potion"},{"floor":8,"key":"Poison Potion"},{"floor":22,"key":"Explosive Potion"},{"floor":29,"key":"SteroidPotion"},{"floor":31,"key":"SpeedPotion"},{"floor":35,"key":"LiquidBronze"},{"floor":42,"key":"BlessingOfTheForge"},{"floor":48,"key":"LiquidBronze"},{"floor":54,"key":"AttackPotion"}],"is_trial":false,"path_per_floor":["M","?","?","M","$","E","?","E","T","R","M","M","R","M","R","B",null,"M","?","$","?","M","R","M","M","T","?","M","E","R","E","R","B",null,"M","?","?","M","M","E","R","E","T","M","R","?","R","E","R","B",null,"R","$","E","B"],"character_chosen":"THE_SILENT","items_purchased":["Accuracy","Backstab","Membership Card","Happy Flower","Orichalcum","FairyPotion","Ancient Potion","Footwork","infinitespire:Lychee Nut","Prepared","War Paint","AttackPotion"],"campfire_rested":4,"item_purchase_floors":[5,5,20,20,20,53,53,53,53,53,53,53],"current_hp_per_floor":[70,70,70,70,70,70,59,34,34,55,55,55,55,55,55,48,70,70,49,49,49,49,49,49,40,40,46,49,49,49,49,49,33,49,49,49,49,49,49,49,49,49,49,45,45,45,45,45,45,34,34,34,34,34,0,0],"gold":58,"neow_bonus":"THREE_ENEMY_KILL","is_daily":false,"chose_seed":false,"campfire_upgraded":6,"win_rate":0.0,"timestamp":1609703385,"path_taken":["M","?","?","M","$","E","?","E","T","R","M","M","R","M","R","BOSS","M","?","$","?","M","R","?","M","T","?","M","E","R","E","R","BOSS","M","?","?","M","M","E","R","E","T","M","R","?","R","E","R","BOSS","R","$","E","BOSS"],"items_purchased_type":["Card","Card","Relic","Relic","Relic","Potion","Potion","Card","Relic","Card","Relic","Potion"],"build_version":"2020-12-22","purchased_purges":2,"victory":false,"max_hp_per_floor":[70,70,70,70,70,70,70,70,70,70,70,70,70,70,70,70,70,70,49,49,49,49,49,49,49,49,49,49,49,49,49,49,49,49,49,49,49,49,49,49,49,56,56,56,56,56,56,56,56,56,56,56,42,42,42,42],"card_choices":[{"not_picked":["Prepared","Outmaneuver"],"picked":"Blade Dance","floor":1},{"not_picked":["Poisoned Stab","Eviscerate"],"picked":"PiercingWail","floor":4},{"not_picked":["Masterful Stab","Flying Knee"],"picked":"Backflip","floor":6},{"not_picked":["Sucker Punch","Prepared"],"picked":"Leg Sweep","floor":8},{"not_picked":["Deadly Poison","Bane"],"picked":"Backflip","floor":11},{"not_picked":["Flechettes","Acrobatics"],"picked":"Flying Knee","floor":12},{"not_picked":["Slice","Blade Dance"],"picked":"Leg Sweep","floor":14},{"not_picked":["infinitespire:Neurotoxin","Unload"],"picked":"After Image","floor":16},{"not_picked":["Deflect","Slice"],"picked":"Blade Dance","floor":18},{"not_picked":["Slice+1","Finisher+1"],"picked":"Blade Dance","floor":22},{"not_picked":["Poisoned Stab","Glass Knife"],"picked":"Distraction","floor":24},{"not_picked":["Dagger Throw+1","Underhanded Strike+1"],"picked":"Footwork","floor":25},{"not_picked":["Sucker Punch","Deadly Poison"],"picked":"Dash","floor":27},{"not_picked":["Flechettes","All Out Attack"],"picked":"A Thousand Cuts","floor":28},{"not_picked":["Underhanded Strike","Unload"],"picked":"Dodge and Roll","floor":29},{"not_picked":["Dagger Spray","Slice"],"picked":"PiercingWail","floor":31},{"not_picked":["Venomology","Night Terror"],"picked":"Burst","floor":33},{"not_picked":["Slice","Outmaneuver"],"picked":"Cloak And Dagger","floor":35},{"not_picked":["Dodge and Roll","Distraction+1"],"picked":"Well Laid Plans+1","floor":38},{"not_picked":["Poisoned Stab+1","Choke+1"],"picked":"Accuracy","floor":39},{"not_picked":["A Thousand Cuts","Underhanded Strike"],"picked":"Slice+1","floor":40},{"not_picked":["Skewer+1","Riddle With Holes"],"picked":"Calculated Gamble","floor":42},{"not_picked":["Dagger Throw","Crippling Poison+1"],"picked":"Dodge and Roll+1","floor":44},{"not_picked":["Sucker Punch+1","Quick Slash+1"],"picked":"Flying Knee+1","floor":47},{"not_picked":["Catalyst+1","Unload"],"picked":"Backflip+1","floor":48},{"not_picked":["Riddle With Holes","Leg Sweep"],"picked":"Dagger Throw+1","floor":54}],"player_experience":186965,"relics_obtained":[{"floor":2,"key":"infinitespire:Eraser"},{"floor":6,"key":"Ginger"},{"floor":8,"key":"Ninja Scroll"},{"floor":9,"key":"infinitespire:CheckeredPen"},{"floor":26,"key":"Thread and Needle"},{"floor":27,"key":"Red Mask"},{"floor":29,"key":"Blood Vial"},{"floor":31,"key":"Dream Catcher"},{"floor":40,"key":"Smiling Mask"},{"floor":40,"key":"Meat on the Bone"},{"floor":42,"key":"Strawberry"},{"floor":42,"key":"infinitespire:Joker Card"},{"floor":48,"key":"infinitespire:ShieldingShard"},{"floor":48,"key":"Bird Faced Urn"},{"floor":54,"key":"Lantern"},{"floor":54,"key":"Ornamental Fan"}],"event_choices":[{"damage_healed":0,"gold_gain":75,"player_choice":"Gather Gold","damage_taken":11,"max_hp_gain":0,"max_hp_loss":0,"event_name":"World of Goop","floor":7,"gold_loss":0},{"damage_healed":0,"gold_gain":0,"player_choice":"Became a vampire","damage_taken":0,"max_hp_gain":0,"max_hp_loss":21,"event_name":"Vampires","floor":19,"gold_loss":0,"cards_obtained":["Bite","Bite","Bite","Bite","Bite"]},{"damage_healed":0,"gold_gain":100,"player_choice":"Pray","damage_taken":0,"max_hp_gain":0,"max_hp_loss":0,"event_name":"Golden Shrine","floor":21,"gold_loss":0},{"damage_healed":0,"gold_gain":0,"player_choice":"Fought Bandits","damage_taken":0,"max_hp_gain":0,"max_hp_loss":0,"event_name":"Masked Bandits","floor":27,"gold_loss":0},{"damage_healed":0,"gold_gain":0,"player_choice":"Upgrade","damage_taken":0,"relics_obtained":["Mark of the Bloom"],"max_hp_gain":0,"max_hp_loss":0,"event_name":"MindBloom","floor":37,"gold_loss":0,"cards_upgraded":["Defend_G","Survivor","Neutralize","Blade Dance","PiercingWail","Accuracy","Backstab","Backflip","Backflip","Flying Knee","Blade Dance","Bite","Bite","Bite","Bite","Bite","Blade Dance","Footwork","Dash","Dodge and Roll","PiercingWail","Burst","Cloak And Dagger"]},{"damage_healed":0,"gold_gain":0,"player_choice":"Forge","damage_taken":0,"max_hp_gain":0,"max_hp_loss":0,"event_name":"Accursed Blacksmith","floor":46,"gold_loss":0,"cards_upgraded":["Calculated Gamble"]}],"is_beta":false,"boss_relics":[{"not_picked":["Sozu","HoveringKite"],"picked":"Astrolabe"},{"not_picked":["Snecko Eye","Runic Pyramid"],"picked":"Black Star"}],"items_purged_floors":[20,53],"is_endless":false,"potions_floor_spawned":[1,4,8,22,29,31,35,42,48,54],"killed_by":"The Heart","ascension_level":1}}