{"host":"dagvx55digg5grxl","time":1609659587,"event":{"mods":["2.2 Compatiblity","ATMod(阿瑾Mod)","Act Like it!","Ascension Reborn","BaseMod","Block Reminder","Card Filter","Colored Powertips","Custom Start","Defuse TimeMaze Blight","Downfall","Highlight Path","Luminous","Minty Spire (QoL Compilation)","MostiFishMod","Rare Cards Sparkle","Relic Sorter","Relic Stats","Remilia（蕾米莉亚）","RumiaBox-露米娅的神秘盒子","StSLib","TestMod","UnlockEverythingMod","Waifu the Spire","noobMod","vexMod"],"gold_per_floor":[99,111,111,135,153,189,189,201,201,201,249,174,204,218,252,396,396,396,427,462,500,500,312,312,451,451,451,501,543,543,584,625,759,759,684,722,750,788,825,863,1223,1281,1315,1365,1407,1407,1441,1481,1521,1521],"floor_reached":51,"playtime":2437,"items_purged":[],"score":275,"play_id":"6b91bd67-81a6-4043-8b01-1a13d50f366c","local_time":"20210103153947","is_ascension_mode":true,"campfire_choices":[{"floor":1,"key":"RECALL"},{"data":"AT_ChampionKick","floor":12,"key":"SMITH"},{"data":"hexamod:UnlimitedPower","floor":18,"key":"SMITH"},{"data":"AT_WarpDrive","floor":26,"key":"SMITH"},{"data":"hexamod:FastForward","floor":30,"key":"SMITH"},{"data":"hexamod:NecessarySacrifice","floor":35,"key":"SMITH"},{"data":"Accuracy","floor":46,"key":"SMITH"}],"circlet_count":0,"master_deck":["hexamod:Strike+1","hexamod:Strike+1","hexamod:Strike+1","hexamod:Strike+1","hexamod:Defend+1","hexamod:Defend+1","hexamod:Defend+1","hexamod:Sear+1","hexamod:Float+1","AT_ChampionKick+1","hexamod:SpectralSpark+1","hexamod:Firestarter+1","hexamod:ThermalTransfer","hexamod:DynamicBlow+1","hexamod:FastForward+1","hexamod:SecondSeal","hexamod:Hexaguard","AT_WarpDrive+1","hexamod:SpectersWail+1","hexamod:GhostLash+1","hexamod:EmpoweredFlame","hexamod:UnlimitedPower+1","Offering","hexamod:Again+1","hexamod:Hexaguard+1","hexamod:NecessarySacrifice+1","hexamod:ThermalTransfer","expansioncontent:BronzeBeam","Accuracy+1","J.A.X.+1","hexamod:HauntingEcho+1","hexamod:BacktrackSmack","hexamod:UnleashSpirits","hexamod:AdvancingGuard+1","hexamod:GhostOfSpireFuture+1","MostiFishMod:LethalBlade+1","hexamod:Hexaguard+1","hexamod:ChargedBarrage+1","TwelveNightmare+1","hexamod:TimeOfNeed+1","MostiFishMod:FrostNova+1","MostiFishMod:WinterMarkForm+1","hexamod:SpectersWail+1","hexamod:FastForward+1","hexamod:Incineration+1","hexamod:PhantomCloak+1","hexamod:SpectersWail+1","hexamod:UnlimitedPower+1","hexamod:FlamesFromBeyond+1","hexamod:EtherealExpedition+1","hexamod:FastForward+1","hexamod:Hexaguard+1","hexamod:TimeOfNeed+1","hexamod:EmpoweredFlame+1"],"relics":["hexamod:SpiritBrand","DaveBox","ice","testmod-TestBox","AT_ATBox","testmod-HeartOfDaVinci","RhineSuit","testmod-DragonStarHat","Centennial Puzzle","RedBat","TimeKeys","downfall:ShatteredFragment","Cables","downfall:HeartBlessingRed","Blue Candle","FossilizedHelix","Runic Cube","Bottled Tornado","MagicDraw1","Toxic Egg 2","ChiLing","Chi","Ling","White Beast Statue","Ninja Scroll","Frozen Egg 2","MutagenicStrength","Bag of Preparation","sneckomod:BlankCard","Paper Crane","TypeBBloodRedTea","FrostBlade","downfall:HeartBlessingGreen","Old Coin","Letter Opener","testmod-BalancedPeriapt","ZombieArmy"],"acts_visited":["Exordium","TheCity","TheBeyond"],"potions_floor_usage":[4,6,6,6,11,11,14,16,16,16,23,23,23,25,29,29,29,29,31,31,31,31,31,32,33,33,33,37,37,37,39,42,42,47,50,50,50,50,50],"damage_taken":[{"damage":0,"enemies":"Small Slimes","floor":2,"turns":1},{"damage":0,"enemies":"2 Louse","floor":4,"turns":1},{"damage":0,"enemies":"Jaw Worm","floor":5,"turns":1},{"damage":0,"enemies":"3 Sentries","floor":6,"turns":3},{"damage":0,"enemies":"3 Louse","floor":8,"turns":1},{"damage":0,"enemies":"Lagavulin","floor":11,"turns":3},{"damage":0,"enemies":"2 Fungi Beasts","floor":13,"turns":2},{"damage":0,"enemies":"Lots of Slimes","floor":14,"turns":2},{"damage":6,"enemies":"Blue Slaver","floor":15,"turns":2},{"damage":4,"enemies":"downfall:Watcher","floor":16,"turns":4},{"damage":0,"enemies":"Chosen","floor":19,"turns":3},{"damage":8,"enemies":"3 Byrds","floor":20,"turns":3},{"damage":12,"enemies":"Snake Plant","floor":21,"turns":2},{"damage":8,"enemies":"downfall:FleeingMerchant","floor":23,"turns":4},{"damage":3,"enemies":"downfall:Augmenter","floor":25,"turns":2},{"damage":3,"enemies":"Book of Stabbing","floor":28,"turns":2},{"damage":0,"enemies":"Cultist and Chosen","floor":29,"turns":1},{"damage":14,"enemies":"Slavers","floor":31,"turns":3},{"damage":6,"enemies":"Centurion and Healer","floor":32,"turns":1},{"damage":4,"enemies":"downfall:Defect","floor":33,"turns":4},{"damage":0,"enemies":"Orb Walker","floor":36,"turns":1},{"damage":9,"enemies":"3 Shapes","floor":37,"turns":2},{"damage":0,"enemies":"Spire Growth","floor":38,"turns":2},{"damage":3,"enemies":"4 Shapes","floor":39,"turns":2},{"damage":0,"enemies":"3 Darklings","floor":40,"turns":1},{"damage":5,"enemies":"Giant Head","floor":42,"turns":3},{"damage":1,"enemies":"Maw","floor":43,"turns":3},{"damage":0,"enemies":"Reptomancer","floor":44,"turns":2},{"damage":9,"enemies":"Sphere and 2 Shapes","floor":45,"turns":1},{"damage":0,"enemies":"Writhing Mass","floor":47,"turns":1},{"damage":0,"enemies":"Spire Growth","floor":48,"turns":2},{"damage":6,"enemies":"Sphere and 2 Shapes","floor":49,"turns":1},{"damage":9,"enemies":"downfall:Silent","floor":50,"turns":2}],"seed_played":"-7792672426807468635","potions_obtained":[{"floor":2,"key":"LiquidBronze"},{"floor":2,"key":"Strength Potion"},{"floor":4,"key":"Ancient Potion"},{"floor":5,"key":"SteroidPotion"},{"floor":6,"key":"testmod-TestPotion"},{"floor":8,"key":"LiquidMemories"},{"floor":8,"key":"AttackPotion"},{"floor":11,"key":"Ancient Potion"},{"floor":13,"key":"Regen Potion"},{"floor":14,"key":"AttackPotion"},{"floor":15,"key":"Energy Potion"},{"floor":16,"key":"Fire Potion"},{"floor":19,"key":"LiquidBronze"},{"floor":20,"key":"Energy Potion"},{"floor":23,"key":"SkillPotion"},{"floor":25,"key":"EntropicBrew"},{"floor":27,"key":"champ:CounterPotion"},{"floor":27,"key":"EssenceOfSteel"},{"floor":29,"key":"Regen Potion"},{"floor":29,"key":"EntropicBrew"},{"floor":31,"key":"Weak Potion"},{"floor":32,"key":"Energy Potion"},{"floor":32,"key":"Fire Potion"},{"floor":33,"key":"hexamod:EctoCoolerPotion"},{"floor":33,"key":"ColorlessPotion"},{"floor":36,"key":"Fire Potion"},{"floor":37,"key":"ColorlessPotion"},{"floor":37,"key":"SpeedPotion"},{"floor":38,"key":"SteroidPotion"},{"floor":39,"key":"Block Potion"},{"floor":42,"key":"Fire Potion"},{"floor":42,"key":"hexamod:EctoCoolerPotion"},{"floor":45,"key":"Energy Potion"},{"floor":47,"key":"EntropicBrew"}],"is_trial":false,"path_per_floor":["R","M","?","M","M","E","T","M","?","?","E","R","M","M","M","B",null,"R","M","M","M","?","$","T","?","R","?","E","M","R","E","M","B",null,"R","M","M","M","M","M","T","E","M","E","M","R","M","M","M","B",null],"character_chosen":"THE_SPIRIT","items_purchased":["Toxic Egg 2","ChiLing","expansioncontent:BronzeBeam","White Beast Statue"],"campfire_rested":0,"item_purchase_floors":[23,23,23,23],"current_hp_per_floor":[84,84,72,72,72,72,72,72,72,58,58,58,58,65,59,65,96,96,96,88,76,76,68,68,65,65,65,62,62,62,75,69,75,103,103,103,94,98,99,103,103,98,101,103,94,94,98,102,97,103],"gold":1521,"neow_bonus":"TEN_PERCENT_HP_BONUS","is_daily":false,"chose_seed":false,"campfire_upgraded":6,"win_rate":0.0,"timestamp":1609659587,"path_taken":["R","M","?","M","M","E","T","M","?","?","E","R","M","M","M","BOSS","R","M","M","M","?","$","T","?","R","?","E","M","R","E","M","BOSS","R","M","M","M","M","M","T","E","M","E","M","R","M","M","M","BOSS"],"items_purchased_type":["Relic","Relic","Card","Relic"],"build_version":"2020-12-22","purchased_purges":0,"victory":true,"max_hp_per_floor":[84,84,84,84,84,84,84,84,84,89,89,89,89,89,89,96,96,96,96,96,96,96,96,96,96,96,96,96,96,96,96,96,103,103,103,103,103,103,103,103,103,103,103,103,103,103,103,103,103,103],"relic_stats":{"Centennial Puzzle":[40],"counters":[33,68],"Blue Candle":[0],"Bag of Preparation":[16],"Letter Opener":[18],"obtain_stats":[{"AT_ATBox":0,"DaveBox":0,"TimeKeys":9,"Chi":23,"sneckomod:BlankCard":29,"RhineSuit":0,"downfall:HeartBlessingGreen":35,"ice":0,"Bag of Preparation":28,"Bottled Tornado":20,"RedBat":7,"MagicDraw1":21,"Old Coin":41,"Centennial Puzzle":7,"Ninja Scroll":24,"testmod-DragonStarHat":3,"Toxic Egg 2":23,"hexamod:SpiritBrand":0,"Runic Cube":17,"ZombieArmy":44,"TypeBBloodRedTea":33,"testmod-TestBox":0,"downfall:ShatteredFragment":10,"downfall:HeartBlessingRed":12,"Blue Candle":14,"Letter Opener":41,"Frozen Egg 2":24,"Paper Crane":31,"White Beast Statue":23,"Cables":11,"FrostBlade":34,"testmod-Antiphasic":6,"Ling":23,"MutagenicStrength":25,"testmod-BalancedPeriapt":42,"FossilizedHelix":16,"testmod-HeartOfDaVinci":0,"ChiLing":23},{"AT_ATBox":0,"DaveBox":0,"TimeKeys":5,"Chi":14,"sneckomod:BlankCard":17,"RhineSuit":0,"downfall:HeartBlessingGreen":20,"ice":0,"Bag of Preparation":16,"Bottled Tornado":12,"RedBat":4,"MagicDraw1":13,"Old Coin":25,"Centennial Puzzle":4,"Ninja Scroll":14,"testmod-DragonStarHat":1,"Toxic Egg 2":14,"hexamod:SpiritBrand":0,"Runic Cube":10,"ZombieArmy":28,"TypeBBloodRedTea":20,"testmod-TestBox":0,"downfall:ShatteredFragment":5,"downfall:HeartBlessingRed":6,"Blue Candle":8,"Letter Opener":25,"Frozen Egg 2":14,"Paper Crane":18,"White Beast Statue":14,"Cables":6,"FrostBlade":20,"testmod-Antiphasic":4,"Ling":14,"MutagenicStrength":15,"testmod-BalancedPeriapt":26,"FossilizedHelix":10,"testmod-HeartOfDaVinci":0,"ChiLing":14},{"AT_ATBox":0,"DaveBox":0,"TimeKeys":7,"Chi":32,"sneckomod:BlankCard":37,"RhineSuit":0,"downfall:HeartBlessingGreen":45,"ice":0,"Bag of Preparation":36,"Bottled Tornado":26,"RedBat":6,"MagicDraw1":28,"Old Coin":53,"Centennial Puzzle":6,"Ninja Scroll":32,"testmod-DragonStarHat":1,"Toxic Egg 2":32,"hexamod:SpiritBrand":0,"Runic Cube":20,"ZombieArmy":61,"TypeBBloodRedTea":45,"testmod-TestBox":0,"downfall:ShatteredFragment":7,"downfall:HeartBlessingRed":10,"Blue Candle":14,"Letter Opener":53,"Frozen Egg 2":32,"Paper Crane":40,"White Beast Statue":32,"Cables":10,"FrostBlade":45,"testmod-Antiphasic":6,"Ling":32,"MutagenicStrength":34,"testmod-BalancedPeriapt":56,"FossilizedHelix":20,"testmod-HeartOfDaVinci":0,"ChiLing":32}],"Cables":[0,0,0,0,0],"Runic Cube":[29]},"card_choices":[{"not_picked":["hexamod:RainOfEmbers","hexamod:ShieldOfDarkness"],"picked":"hexamod:SpectralSpark+1","floor":2},{"not_picked":["hexamod:GhostLash+1","hexamod:FlamesFromBeyond"],"picked":"hexamod:Firestarter+1","floor":4},{"not_picked":["hexamod:RainOfEmbers","hexamod:BurningTouch"],"picked":"hexamod:ThermalTransfer","floor":5},{"not_picked":["hexamod:RainOfEmbers","hexamod:FourthSeal"],"picked":"hexamod:DynamicBlow+1","floor":6},{"not_picked":["hexamod:NightmareStrike","hexamod:HeatCrush"],"picked":"hexamod:FastForward","floor":6},{"not_picked":["hexamod:GhostOfSpirePast","hexamod:Haunt+1"],"picked":"hexamod:SecondSeal","floor":8},{"not_picked":["hexamod:FourthSeal","hexamod:RecurringNightmare"],"picked":"hexamod:Hexaguard","floor":11},{"not_picked":["hexamod:ApocalypseNow","hexamod:ExtraCrispy"],"picked":"hexamod:SpectersWail+1","floor":11},{"not_picked":["hexamod:AdvancingGuard","hexamod:NightmareStrike"],"picked":"hexamod:GhostLash+1","floor":13},{"not_picked":["hexamod:BacktrackSmack","hexamod:ExtraCrispy"],"picked":"hexamod:EmpoweredFlame","floor":14},{"not_picked":["hexamod:SoulSteal","hexamod:ChargedBarrage"],"picked":"hexamod:SecondSeal","floor":15},{"not_picked":["hexamod:GhostflameInferno","hexamod:ParanormalForm"],"picked":"hexamod:UnlimitedPower","floor":16},{"not_picked":["hexamod:HeatMetal+1","hexamod:AdvancingGuard"],"picked":"hexamod:Again+1","floor":19},{"not_picked":["hexamod:SpectersWail+1","hexamod:GhostShield"],"picked":"hexamod:Hexaguard+1","floor":20},{"not_picked":["hexamod:ThirdSeal","hexamod:GhostLash"],"picked":"hexamod:NecessarySacrifice","floor":21},{"not_picked":["hexamod:NightmareStrike+1","hexamod:GhostShield"],"picked":"hexamod:ThermalTransfer","floor":23},{"not_picked":[],"picked":"J.A.X.+1","floor":25},{"not_picked":["hexamod:InspiringFlames+1","hexamod:Toasty"],"picked":"hexamod:HauntingEcho+1","floor":25},{"not_picked":["hexamod:HeatMetal+1","hexamod:FourthSeal"],"picked":"hexamod:AdvancingGuard+1","floor":28},{"not_picked":["hexamod:PhantomFireball","hexamod:AdvancingGuard+1"],"picked":"hexamod:GhostOfSpireFuture+1","floor":29},{"not_picked":["hexamod:Firestarter","hexamod:SkipABeat+1"],"picked":"hexamod:Hexaguard+1","floor":31},{"not_picked":["hexamod:Hexaguard+1","hexamod:GhostShield+1"],"picked":"hexamod:ChargedBarrage+1","floor":32},{"not_picked":["hexamod:SixthSeal","hexamod:FifthSeal"],"picked":"hexamod:TimeOfNeed+1","floor":33},{"not_picked":["hexamod:NightmareStrike","hexamod:GhostLash+1"],"picked":"hexamod:SpectersWail+1","floor":36},{"not_picked":["hexamod:Incineration+1","hexamod:SwordOfDarkness+1"],"picked":"hexamod:FastForward+1","floor":37},{"not_picked":["hexamod:SoulSteal+1","hexamod:ThirdSeal"],"picked":"hexamod:Incineration+1","floor":38},{"not_picked":["hexamod:SwordOfDarkness+1","hexamod:HauntingEcho+1"],"picked":"hexamod:PhantomCloak+1","floor":39},{"not_picked":["hexamod:InspiringFlames+1","hexamod:RadiantFlame+1"],"picked":"hexamod:SpectersWail+1","floor":40},{"not_picked":["hexamod:ExtraCrispy+1","hexamod:SpectersWail"],"picked":"hexamod:UnlimitedPower+1","floor":42},{"not_picked":["hexamod:ThermalTransfer+1","hexamod:RainOfEmbers+1"],"picked":"hexamod:FlamesFromBeyond+1","floor":43},{"not_picked":["hexamod:GhostLash+1","hexamod:PhantomCloak+1"],"picked":"hexamod:EtherealExpedition+1","floor":44},{"not_picked":["hexamod:ThermalTransfer+1","hexamod:GhostOfSpirePast+1"],"picked":"hexamod:FastForward+1","floor":45},{"not_picked":["hexamod:InspiringFlames+1","hexamod:SwordOfDarkness"],"picked":"hexamod:Hexaguard+1","floor":47},{"not_picked":["hexamod:GhostShield+1","hexamod:NecessarySacrifice+1"],"picked":"hexamod:TimeOfNeed+1","floor":48},{"not_picked":["hexamod:BurningTouch+1","hexamod:NecessarySacrifice+1"],"picked":"hexamod:EmpoweredFlame+1","floor":49}],"player_experience":376759,"relics_obtained":[{"floor":6,"key":"testmod-Antiphasic"},{"floor":7,"key":"Centennial Puzzle"},{"floor":7,"key":"RedBat"},{"floor":11,"key":"Cables"},{"floor":14,"key":"Blue Candle"},{"floor":16,"key":"FossilizedHelix"},{"floor":20,"key":"Bottled Tornado"},{"floor":21,"key":"MagicDraw1"},{"floor":24,"key":"Ninja Scroll"},{"floor":24,"key":"Frozen Egg 2"},{"floor":25,"key":"MutagenicStrength"},{"floor":28,"key":"Bag of Preparation"},{"floor":29,"key":"sneckomod:BlankCard"},{"floor":31,"key":"Paper Crane"},{"floor":33,"key":"TypeBBloodRedTea"},{"floor":41,"key":"Old Coin"},{"floor":41,"key":"Letter Opener"},{"floor":42,"key":"testmod-BalancedPeriapt"},{"floor":44,"key":"ZombieArmy"}],"event_choices":[{"damage_healed":0,"gold_gain":0,"player_choice":"Success","damage_taken":12,"relics_obtained":["testmod-DragonStarHat"],"max_hp_gain":0,"max_hp_loss":0,"event_name":"Scrap Ooze","floor":3,"gold_loss":0},{"damage_healed":0,"gold_gain":0,"player_choice":"Swap Relic","damage_taken":0,"relics_obtained":["DaveBox"],"max_hp_gain":0,"max_hp_loss":0,"event_name":"给自己的盒子","floor":9,"relics_lost":["DaveBox"],"gold_loss":0},{"cards_removed":["BatForm"],"damage_healed":0,"gold_gain":0,"player_choice":"Elegance","damage_taken":0,"max_hp_gain":0,"max_hp_loss":0,"event_name":"Back to Basics","floor":22,"gold_loss":0}],"is_beta":false,"boss_relics":[{"not_picked":["downfall:Hecktoplasm","Velvet Choker"],"picked":"Runic Cube"},{"not_picked":["testmod-Prudence","HaiYi:Twilight"],"picked":"FrostBlade"}],"items_purged_floors":[],"is_endless":false,"potions_floor_spawned":[2,8,13,14,15,20,28,29,32,33,36,37,38,39,40,42,43,44,45,47,48,49],"ascension_level":-20}}