{"host":"pvqnz9ztumzw3jgr","time":1609708719,"event":{"mods":["BaseMod","Minty Spire (QoL Compilation)"],"gold_per_floor":[211,227,240,0,11,11,45,45,45,45,62,27,27,27],"floor_reached":13,"playtime":738,"items_purged":["Strike_B"],"score":170,"play_id":"3a72180c-dd9b-4ebf-a970-54caf24a51b4","local_time":"20210103161839","is_ascension_mode":true,"campfire_choices":[{"data":"Chaos","floor":6,"key":"SMITH"},{"data":"Zap","floor":8,"key":"SMITH"},{"data":"Seek","floor":10,"key":"SMITH"}],"circlet_count":0,"master_deck":["AscendersBane","Strike_B","Strike_B","Strike_B","Defend_B","Defend_B","Defend_B","Defend_B","Zap+1","Dualcast","Chaos+1","Beam Cell","BootSequence","Seek+1","Self Repair","Conserve Battery"],"relics":["Cracked Core","Strange Spoon","Regal Pillow"],"acts_visited":["Exordium"],"potions_floor_usage":[7,13,13],"damage_taken":[{"damage":1,"enemies":"Cultist","floor":1,"turns":3},{"damage":12,"enemies":"2 Louse","floor":2,"turns":3},{"damage":10,"enemies":"Small Slimes","floor":3,"turns":3},{"damage":0,"enemies":"2 Fungi Beasts","floor":5,"turns":4},{"damage":10,"enemies":"3 Sentries","floor":7,"turns":7},{"damage":13,"enemies":"Large Slime","floor":11,"turns":6},{"damage":49,"enemies":"Gremlin Nob","floor":13,"turns":3}],"seed_played":"-4291017340497357878","potions_obtained":[{"floor":1,"key":"DistilledChaos"},{"floor":2,"key":"AttackPotion"},{"floor":7,"key":"Swift Potion"}],"is_trial":false,"path_per_floor":["M","M","M","$","M","R","E","R","T","R","M","?","E"],"character_chosen":"DEFECT","items_purchased":["Strange Spoon"],"campfire_rested":0,"item_purchase_floors":[4],"current_hp_per_floor":[63,51,41,41,41,41,31,31,31,31,25,42,0,0],"gold":27,"neow_bonus":"HUNDRED_GOLD","is_daily":false,"chose_seed":false,"campfire_upgraded":3,"win_rate":0.0,"timestamp":1609708719,"path_taken":["M","M","M","$","?","R","E","R","T","R","M","?","E"],"items_purchased_type":["Relic"],"build_version":"2020-12-22","purchased_purges":1,"victory":false,"max_hp_per_floor":[71,71,71,71,71,71,71,71,71,71,71,71,71,71],"card_choices":[{"not_picked":["Scrape","Loop"],"picked":"Chaos","floor":1},{"not_picked":["Stack","Steam Power"],"picked":"Beam Cell","floor":2},{"not_picked":["Go for the Eyes","Stack"],"picked":"BootSequence","floor":3},{"not_picked":["Redo","Go for the Eyes"],"picked":"Seek","floor":5},{"not_picked":["Heatsinks","Barrage"],"picked":"Self Repair","floor":7},{"not_picked":["Streamline","Skim"],"picked":"Conserve Battery","floor":11}],"player_experience":1589628,"relics_obtained":[{"floor":7,"key":"Regal Pillow"}],"event_choices":[{"damage_healed":17,"gold_gain":0,"player_choice":"Healed","damage_taken":0,"max_hp_gain":0,"max_hp_loss":0,"event_name":"The Cleric","floor":12,"gold_loss":35}],"is_beta":false,"boss_relics":[],"items_purged_floors":[4],"is_endless":false,"potions_floor_spawned":[1,2,7],"killed_by":"Gremlin Nob","ascension_level":20}}