{"host":"eemx8njkng76fu5x","time":1609705263,"event":{"mods":["2.2 Compatiblity","BaseMod","Downfall","Minty Spire (QoL Compilation)","Permanent Neow","StSLib","Unceasing Turn Reminder","Unknown Chances"],"gold_per_floor":[99,111,121,136,156,213,213,138,151,170,95,128,38,38,51,127,127,127,127,143,162,47,47,47,147,158,158,158,188,188,199,212,290,290,290,303,303,303,322,38,38,52,52,37,57,86,86,115,40,40],"floor_reached":51,"playtime":2420,"items_purged":["champ:Execute","champ:StrikeOfGenius","champ:ShieldWall"],"score":1481,"play_id":"0a331a42-5578-4d72-9088-ade4a97ffc9e","local_time":"20210104042103","is_ascension_mode":true,"campfire_choices":[{"data":"champ:Taunt","floor":1.0,"key":"SMITH"},{"floor":8.0,"key":"RECALL"},{"data":"champ:DefensiveStyle","floor":11.0,"key":"SMITH"},{"data":"champ:FalseCounter","floor":18.0,"key":"SMITH"},{"data":"champ:HoldFirm","floor":23.0,"key":"SMITH"},{"data":"champ:TornadoPunch","floor":27.0,"key":"SMITH"},{"data":"champ:FocusedDefense","floor":30.0,"key":"SMITH"},{"data":"champ:Duel","floor":35.0,"key":"SMITH"},{"data":"champ:ShieldThrow","floor":43,"key":"SMITH"},{"data":"champ:Circumvent","floor":47,"key":"SMITH"},{"data":"champ:DefensiveStyle","floor":49,"key":"SMITH"}],"circlet_count":0,"master_deck":["AscendersBane","champ:Taunt+1","champ:DefensiveStyle+1","champ:DefensiveStyle+1","champ:SwordSigil","champ:Control","champ:FalseCounter+1","champ:HoldFirm+1","champ:IronFortress","champ:BringItOn","champ:PreciseThrust","champ:FocusedDefense+1","champ:Circumvent+1","champ:DefensiveStyle+1","champ:TornadoPunch+1","champ:Duel+1","champ:ShieldThrow+1"],"relics":["champ:ChampionCrown","Eternal Feather","downfall:HeartBlessingBlue","downfall:HeartBlessingRed","MealTicket","Pandora\u0027s Box","Smiling Mask","Toy Ornithopter","Nunchaku","Busted Crown","Membership Card","Oddly Smooth Stone","Thread and Needle","Question Card","Letter Opener","downfall:HeartBlessingGreen"],"acts_visited":["Exordium","TheCity","TheBeyond"],"potions_floor_usage":[50],"damage_taken":[{"damage":10.0,"enemies":"Jaw Worm","floor":2.0,"turns":4.0},{"damage":5.0,"enemies":"Small Slimes","floor":3.0,"turns":4.0},{"damage":10.0,"enemies":"Cultist","floor":4.0,"turns":4.0},{"damage":5.0,"enemies":"Exordium Wildlife","floor":5.0,"turns":5.0},{"damage":15.0,"enemies":"3 Sentries","floor":6.0,"turns":6.0},{"damage":6.0,"enemies":"Exordium Thugs","floor":9.0,"turns":5.0},{"damage":3.0,"enemies":"Blue Slaver","floor":10.0,"turns":6.0},{"damage":5.0,"enemies":"3 Sentries","floor":12.0,"turns":5.0},{"damage":5.0,"enemies":"downfall:FleeingMerchant","floor":13.0,"turns":4.0},{"damage":5.0,"enemies":"Red Slaver","floor":15.0,"turns":4.0},{"damage":46.0,"enemies":"downfall:Defect","floor":16.0,"turns":9.0},{"damage":0.0,"enemies":"Chosen","floor":20.0,"turns":5.0},{"damage":19.0,"enemies":"Spheric Guardian","floor":21.0,"turns":5.0},{"damage":0.0,"enemies":"downfall:FleeingMerchant","floor":22.0,"turns":4.0},{"damage":20.0,"enemies":"downfall:LadyInBlue","floor":25.0,"turns":9.0},{"damage":18.0,"enemies":"Shelled Parasite and Fungi","floor":26.0,"turns":5.0},{"damage":21.0,"enemies":"Gremlin Leader","floor":29.0,"turns":11.0},{"damage":10.0,"enemies":"Snake Plant","floor":31.0,"turns":5.0},{"damage":14.0,"enemies":"Centurion and Healer","floor":32.0,"turns":5.0},{"damage":0.0,"enemies":"downfall:Watcher","floor":33.0,"turns":10.0},{"damage":2.0,"enemies":"3 Darklings","floor":36.0,"turns":4.0},{"damage":16.0,"enemies":"Orb Walker","floor":39.0,"turns":3.0},{"damage":0,"enemies":"downfall:FleeingMerchant","floor":40,"turns":4},{"damage":29,"enemies":"Jaw Worm Horde","floor":42,"turns":4},{"damage":0,"enemies":"downfall:FleeingMerchant","floor":44,"turns":4},{"damage":4,"enemies":"3 Darklings","floor":45,"turns":6},{"damage":0,"enemies":"Giant Head","floor":46,"turns":6},{"damage":5,"enemies":"Reptomancer","floor":48,"turns":9},{"damage":0,"enemies":"downfall:Silent","floor":50,"turns":7}],"seed_played":"-3635720812700260964","potions_obtained":[{"floor":2.0,"key":"SpeedPotion"},{"floor":5.0,"key":"ColorlessPotion"},{"floor":10.0,"key":"Strength Potion"},{"floor":12.0,"key":"Fire Potion"},{"floor":15.0,"key":"champ:CounterPotion"},{"floor":21.0,"key":"Explosive Potion"},{"floor":25.0,"key":"Block Potion"},{"floor":28.0,"key":"FairyPotion"},{"floor":29.0,"key":"champ:OpenerPotion"},{"floor":45,"key":"hexamod:EctoCoolerPotion"}],"is_trial":false,"path_per_floor":["R","M","M","M","M","?","T","R","M","M","R","E","$","?","M","B",null,"R","?","M","M","$","R","T","?","M","R","?","E","R","M","M","B",null,"R","M","?","?","M","$","T","M","R","$","M","E","R","E","R","B",null],"character_chosen":"THE_CHAMP","items_purchased":["Membership Card","Oddly Smooth Stone"],"campfire_rested":0,"item_purchase_floors":[40,40],"current_hp_per_floor":[81,81,81,81,81,71,71,87,86,83,92,87,99,109,104,58,96,105,105,105,86,101,109,109,89,71,80,80,64,73,63,49,54,95,107,105,105,105,89,104,104,75,84,99,95,95,104,99,108,109],"gold":40,"neow_bonus":"TEN_PERCENT_HP_BONUS","is_daily":false,"chose_seed":false,"campfire_upgraded":10,"win_rate":0.0,"timestamp":1609705263,"path_taken":["R","M","M","M","M","?","T","R","M","M","R","E","$","?","M","BOSS","R","?","M","?","$","R","T","?","?","R","?","E","R","M","M","BOSS","R","M","?","?","M","$","T","M","R","$","M","E","R","E","R","BOSS"],"items_purchased_type":["Relic","Relic"],"build_version":"2020-12-22","purchased_purges":3,"victory":true,"max_hp_per_floor":[89,89,89,89,89,89,89,99,99,99,99,99,99,109,109,109,109,109,109,109,109,109,109,109,109,109,109,109,109,109,109,109,109,109,109,109,109,109,109,109,109,109,109,109,109,109,109,109,109,109],"card_choices":[{"not_picked":["champ:Backstep","champ:FanOfKnives","champ:GladiatorsShout"],"picked":"SKIP","floor":2.0},{"not_picked":["champ:StanceDance","champ:ShieldSigil","champ:GutPunch"],"picked":"SKIP","floor":3.0},{"not_picked":["champ:GutPunch","champ:Backstep"],"picked":"champ:DefensiveStyle","floor":4.0},{"not_picked":["champ:GutPunch","champ:FanOfKnives"],"picked":"champ:DefensiveStyle","floor":5.0},{"not_picked":["champ:Shatter","champ:FightOn"],"picked":"champ:SwordSigil","floor":6.0},{"not_picked":["champ:Backstep","champ:StanceDance"],"picked":"champ:Control","floor":9.0},{"not_picked":["champ:BerserkersShout","champ:SwordSigil","champ:DeathBlow"],"picked":"SKIP","floor":10.0},{"not_picked":["champ:Haymaker","champ:Control"],"picked":"champ:FalseCounter","floor":12.0},{"not_picked":["champ:BladeFlurry","champ:CalledShot","champ:Aggression"],"picked":"SKIP","floor":13.0},{"not_picked":["champ:GutPunch","champ:Circumvent"],"picked":"champ:HoldFirm","floor":15.0},{"not_picked":["champ:VampiricStrike","champ:SteelEdge"],"picked":"champ:ShieldSlam","floor":16.0},{"not_picked":["champ:StanceDance","champ:PerfectedStrike","champ:GladiatorsShout"],"picked":"SKIP","floor":20.0},{"not_picked":["champ:FanOfKnives","champ:GutPunch+1","champ:ShieldWall"],"picked":"SKIP","floor":21.0},{"not_picked":["champ:HeartStrike+1","champ:Backstep","champ:Shatter"],"picked":"SKIP","floor":22.0},{"not_picked":["champ:ViciousMockery","champ:Backstep"],"picked":"champ:TornadoPunch","floor":25.0},{"not_picked":["champ:EnchantCrown","champ:Haymaker","champ:FanOfKnives"],"picked":"SKIP","floor":26.0},{"not_picked":["champ:FlashCut","champ:IronFortress","champ:FanOfKnives"],"picked":"SKIP","floor":29.0},{"not_picked":["champ:RageSigil","champ:ArenaPreparation+1"],"picked":"champ:Duel","floor":31.0},{"not_picked":["champ:EnragedBash","champ:BladeFlurry+1","champ:PreciseThrust"],"picked":"SKIP","floor":32.0},{"not_picked":["champ:EnchantShield","champ:ShieldSlam"],"picked":"champ:ShieldThrow","floor":33.0},{"not_picked":["champ:RageSigil+1"],"picked":"SKIP","floor":36.0},{"not_picked":["champ:Haymaker+1"],"picked":"SKIP","floor":39.0},{"not_picked":["champ:GutPunch+1"],"picked":"SKIP","floor":40},{"not_picked":["champ:CrookedStrike"],"picked":"SKIP","floor":42},{"not_picked":["champ:CrookedStrike"],"picked":"SKIP","floor":44},{"not_picked":["champ:DefensiveStyle"],"picked":"SKIP","floor":45},{"not_picked":["champ:BerserkersShout"],"picked":"SKIP","floor":46},{"not_picked":["champ:SkillfulDodge","champ:PerfectedStrike"],"picked":"SKIP","floor":48}],"player_experience":444505,"relics_obtained":[{"floor":6.0,"key":"Eternal Feather"},{"floor":12.0,"key":"MealTicket"},{"floor":24.0,"key":"Smiling Mask"},{"floor":25.0,"key":"Toy Ornithopter"},{"floor":29.0,"key":"Nunchaku"},{"floor":41,"key":"Thread and Needle"},{"floor":46,"key":"Question Card"},{"floor":48,"key":"Letter Opener"}],"event_choices":[{"damage_healed":0.0,"max_hp_gain":0.0,"max_hp_loss":0.0,"gold_gain":0.0,"event_name":"Duplicator","player_choice":"Copied","floor":19.0,"gold_loss":0.0,"damage_taken":0.0,"cards_obtained":["champ:DefensiveStyle"]},{"damage_healed":0.0,"max_hp_gain":0.0,"max_hp_loss":0.0,"gold_gain":0.0,"event_name":"Lab","player_choice":"Got Potions","floor":28.0,"gold_loss":0.0,"damage_taken":0.0},{"cards_removed":["champ:BladeFlurry"],"damage_healed":0.0,"max_hp_gain":0.0,"max_hp_loss":0.0,"gold_gain":0.0,"event_name":"Falling","player_choice":"Removed Attack","floor":38.0,"gold_loss":0.0,"damage_taken":0.0}],"is_beta":false,"boss_relics":[{"not_picked":["Runic Pyramid","SacredBark"],"picked":"Pandora\u0027s Box"},{"not_picked":["champ:PowerArmor","Runic Dome"],"picked":"Busted Crown"}],"items_purged_floors":[13,22,40],"is_endless":false,"potions_floor_spawned":[2,5,10,12,15,21,29,31,32,45,48],"ascension_level":14}}