{"host":"h3yie3u3olngyjol","time":1609656601,"event":{"mods":["BaseMod","Colored Powertips","Downfall","Highlight Path","Infinite Spire","Lobotomy","LobotomyExtend","Marked Mod","Minty Spire (QoL Compilation)","Prisma Mod","Replay The Spire","RumiaBox-露米娅的神秘盒子","Shop Mod","StSLib","The Hierophant","The Runesmith","vexMod"],"gold_per_floor":[112,124,142,61,61,91,91,107,133,133,152,152,178,178,178,255,255,266,300,300,313,313,313,313,313,313,313,329,341,355,355,355],"floor_reached":31,"playtime":1106,"items_purged":["Normality"],"score":453,"play_id":"980b70c4-c50e-46c8-bc6d-225e1da12ccd","local_time":"20210103145001","is_ascension_mode":true,"campfire_choices":[{"data":"Eruption","floor":7.0,"key":"SMITH"},{"floor":10.0,"key":"REST"},{"floor":12.0,"key":"REST"},{"data":"Conclude","floor":15.0,"key":"SMITH"},{"floor":23.0,"key":"REST"},{"floor":25.0,"key":"REST"}],"circlet_count":0,"master_deck":["AscendersBane","Strike_P","Strike_P+1","Strike_P+1","Strike_P","Defend_P","Defend_P","Defend_P","Defend_P+1","Eruption+1","Vigilance","PathToVictory+1","Replay:AtTheReady+1","BowlingBash","Conclude+1","EmptyBody","Crescendo","InnerPeace","SandsOfTime","Brilliance","ClearTheMind","Pain","MarkedMod:OneThousandNeedles","JustLucky","JustLucky","infinitespire:Oblivion","Judgement+1","MarkedMod:FirstStrike"],"relics":["PureWater","Whetstone","LetterFromLob","Centennial Puzzle","Dream Catcher","Vajra","AddBug","Dream Catcher","Chameleon Ring","infinitespire:Eraser","Akabeko","Busted Crown","Sundial"],"acts_visited":["Exordium","TheCity"],"potions_floor_usage":[],"damage_taken":[{"damage":0.0,"enemies":"2 Louse","floor":1.0,"turns":3.0},{"damage":7.0,"enemies":"Small Slimes","floor":2.0,"turns":3.0},{"damage":1.0,"enemies":"Cultist","floor":3.0,"turns":4.0},{"damage":10.0,"enemies":"Gremlin Nob","floor":6.0,"turns":3.0},{"damage":4.0,"enemies":"Large Slime","floor":8.0,"turns":3.0},{"damage":6.0,"enemies":"Lots of Slimes","floor":11.0,"turns":3.0},{"damage":3.0,"enemies":"Replay:BlueRogue","floor":13.0,"turns":3.0},{"damage":39.0,"enemies":"The Guardian","floor":16.0,"turns":8.0},{"damage":25.0,"enemies":"3 Byrds","floor":18.0,"turns":6.0},{"damage":16.0,"enemies":"2 Thieves","floor":21.0,"turns":2.0},{"damage":0.0,"enemies":"Snake Plant","floor":28.0,"turns":1.0},{"damage":7,"enemies":"Centurion and Healer","floor":29,"turns":2},{"damage":7,"enemies":"3 Cultists","floor":30,"turns":3},{"damage":64,"enemies":"Snecko","floor":31,"turns":6}],"seed_played":"3106031079763220242","potions_obtained":[{"floor":1.0,"key":"ColorlessPotion"},{"floor":2.0,"key":"BottledMiracle"},{"floor":6.0,"key":"Ancient Potion"},{"floor":13.0,"key":"SpeedPotion"},{"floor":28.0,"key":"PowerPotion"}],"is_trial":false,"path_per_floor":["M","M","M","$","?","E","R","M","T","R","M","R","E","?","R","B",null,"M","?","?","M","AVR","R","?","R","T","?","M","M","M","M"],"character_chosen":"WATCHER","items_purchased":["Conclude"],"campfire_rested":4,"item_purchase_floors":[4],"current_hp_per_floor":[61,54,53,53,33,23,23,19,19,39,33,53,50,50,50,11,54,29,29,29,13,13,33,33,53,53,53,53,46,39,0,0],"gold":355,"neow_bonus":"RANDOM_COMMON_RELIC","is_daily":false,"chose_seed":false,"campfire_upgraded":2,"win_rate":0.0,"timestamp":1609656601,"path_taken":["M","M","M","$","?","E","R","M","T","R","M","R","E","?","R","BOSS","M","?","?","M","AVR","R","?","R","T","?","M","M","M","M"],"items_purchased_type":["Card"],"build_version":"2020-12-22","purchased_purges":1,"victory":false,"max_hp_per_floor":[68,68,68,68,68,68,68,68,68,68,68,68,68,68,68,68,68,68,68,68,68,68,68,68,68,68,68,68,68,68,68,68],"card_choices":[{"not_picked":["MarkedMod:Acupuncture","SashWhip"],"picked":"PathToVictory","floor":1.0},{"not_picked":["Perseverance","Replay:Vibes"],"picked":"Replay:AtTheReady","floor":2.0},{"not_picked":["Weave","CrushJoints"],"picked":"BowlingBash","floor":3.0},{"not_picked":["ThirdEye","Replay:ManipulateFuture"],"picked":"EmptyBody","floor":6.0},{"not_picked":["Wallop","Replay:ManipulateFuture","TalkToTheHand"],"picked":"SKIP","floor":8.0},{"not_picked":["Replay:ManipulateFuture","Wireheading"],"picked":"Crescendo","floor":10.0},{"not_picked":["Wish","Replay:AtTheReady"],"picked":"InnerPeace","floor":11.0},{"not_picked":["Judgement","FlyingSleeves"],"picked":"SandsOfTime","floor":12.0},{"not_picked":["CrushJoints","InnerPeace","CutThroughFate"],"picked":"SKIP","floor":13.0},{"not_picked":["Replay:AllIn","Replay:LoomingThreat"],"picked":"Brilliance","floor":16.0},{"not_picked":["Weave","FearNoEvil"],"picked":"ClearTheMind","floor":18.0},{"not_picked":["Replay:BluntJabs","SashWhip"],"picked":"MarkedMod:OneThousandNeedles","floor":19.0},{"not_picked":["LikeWater","ClearTheMind"],"picked":"JustLucky","floor":19.0},{"not_picked":["BowlingBash","WreathOfFlame+1"],"picked":"JustLucky","floor":21.0},{"not_picked":[],"picked":"Judgement","floor":23.0},{"not_picked":["FearNoEvil"],"picked":"SKIP","floor":28.0},{"not_picked":[],"picked":"MarkedMod:FirstStrike","floor":29},{"not_picked":["Nirvana"],"picked":"SKIP","floor":30}],"player_experience":451633,"relics_obtained":[{"floor":1.0,"key":"LetterFromLob"},{"floor":6.0,"key":"Centennial Puzzle"},{"floor":9.0,"key":"Dream Catcher"},{"floor":13.0,"key":"Vajra"},{"floor":18.0,"key":"Dream Catcher"},{"floor":19.0,"key":"Chameleon Ring"},{"floor":26.0,"key":"Sundial"}],"event_choices":[{"damage_healed":0.0,"max_hp_gain":0.0,"max_hp_loss":0.0,"gold_gain":0.0,"event_name":"Shining Light","player_choice":"Entered Light","floor":5.0,"gold_loss":0.0,"damage_taken":20.0,"cards_upgraded":["Defend_P","Replay:AtTheReady"]},{"damage_healed":0.0,"max_hp_gain":0.0,"max_hp_loss":0.0,"gold_gain":0.0,"event_name":"Living Wall","player_choice":"Grow","floor":14.0,"gold_loss":0.0,"damage_taken":0.0,"cards_upgraded":["PathToVictory"]},{"damage_healed":0.0,"max_hp_gain":0.0,"max_hp_loss":0.0,"gold_gain":0.0,"event_name":"Accursed Blacksmith","player_choice":"Forge","floor":27.0,"gold_loss":0.0,"damage_taken":0.0,"cards_upgraded":["Judgement"]}],"is_beta":false,"boss_relics":[{"not_picked":["Velvet Choker","Fusion Hammer"],"picked":"AddBug"}],"items_purged_floors":[22],"is_endless":false,"potions_floor_spawned":[1,2,6,13,28,30],"killed_by":"Snecko","ascension_level":17}}