{"host":"k7udt7atmcuzf6l0","time":1609666480,"event":{"mods":["AchievementEnabler","BaseMod","Colored Map","Colored Powertips","Highlight Path","Minty Spire (QoL Compilation)","Quick Restart","Rare Cards Sparkle","StSLib","UnlockEverythingMod"],"gold_per_floor":[114,129,129,129,144,144,174,274,274,289,304,319,319,334,334,434,434,449,449,464,15,15,15,15,15,40,55,55,70,85,85,85,185,185,200,200,215,215,65,65,80,95,95,125,175,175,175,190,190,190],"floor_reached":51,"playtime":2310,"items_purged":[],"score":854,"play_id":"ccffe52c-454f-43ee-91f7-8a86875b3163","local_time":"20210103173440","daily_mods":["Allstar","Hoarder","Terminal"],"is_ascension_mode":false,"campfire_choices":[{"data":"Thinking Ahead","floor":6.0,"key":"SMITH"},{"data":"The Bomb","floor":13.0,"key":"SMITH"},{"data":"Secret Weapon","floor":15.0,"key":"SMITH"},{"floor":23.0,"key":"REST"},{"floor":25.0,"key":"REST"},{"floor":28.0,"key":"REST"},{"floor":32,"key":"REST"},{"floor":40,"key":"REST"},{"floor":46,"key":"REST"},{"floor":49,"key":"REST"}],"circlet_count":0,"master_deck":["Strike_R+1","Strike_R+1","Strike_R+1","Strike_R+1","Strike_R+1","Defend_R+1","Defend_R+1","Defend_R+1","Defend_R+1","Bash","Thinking Ahead+1","Thinking Ahead","Thinking Ahead","The Bomb+1","The Bomb","The Bomb","PanicButton","PanicButton","PanicButton","Secret Weapon+1","Secret Weapon","Secret Weapon","Good Instincts","Good Instincts","Good Instincts","Iron Wave","Iron Wave","Iron Wave","Flame Barrier","Flame Barrier","Flame Barrier","Corruption","Corruption","J.A.X.","J.A.X.","J.A.X.","Shrug It Off","Shrug It Off","Shrug It Off","Offering","Offering","Offering","Battle Trance","Battle Trance","Battle Trance","Master of Strategy","Master of Strategy","Master of Strategy","Body Slam+1","Body Slam+1","Body Slam+1","Armaments+1","Armaments+1","Armaments+1","Madness","Madness","Madness","Madness","Madness","Madness"],"relics":["Burning Blood","Thread and Needle","Anchor","Fusion Hammer","Pear","TheAbacus","Omamori","Black Star","Regal Pillow","Peace Pipe","Kunai","Strawberry","Dead Branch"],"acts_visited":["Exordium","TheCity","TheBeyond"],"potions_floor_usage":[33,45,50,50,50],"damage_taken":[{"damage":0.0,"enemies":"Small Slimes","floor":1.0,"turns":3.0},{"damage":0.0,"enemies":"2 Louse","floor":2.0,"turns":3.0},{"damage":7.0,"enemies":"Cultist","floor":5.0,"turns":5.0},{"damage":0.0,"enemies":"3 Sentries","floor":7.0,"turns":3.0},{"damage":0.0,"enemies":"Gremlin Gang","floor":10.0,"turns":3.0},{"damage":4.0,"enemies":"2 Fungi Beasts","floor":11.0,"turns":4.0},{"damage":0.0,"enemies":"Exordium Wildlife","floor":12.0,"turns":4.0},{"damage":0.0,"enemies":"3 Louse","floor":14.0,"turns":2.0},{"damage":11.0,"enemies":"Hexaghost","floor":16.0,"turns":9.0},{"damage":0.0,"enemies":"3 Byrds","floor":18.0,"turns":5.0},{"damage":5.0,"enemies":"Spheric Guardian","floor":20.0,"turns":4.0},{"damage":4.0,"enemies":"Shelled Parasite and Fungi","floor":27.0,"turns":5.0},{"damage":3.0,"enemies":"3 Cultists","floor":29.0,"turns":3.0},{"damage":4.0,"enemies":"Snecko","floor":30.0,"turns":4.0},{"damage":21,"enemies":"Collector","floor":33,"turns":7},{"damage":0,"enemies":"3 Shapes","floor":35,"turns":3},{"damage":0,"enemies":"Orb Walker","floor":37,"turns":4},{"damage":6,"enemies":"Spire Growth","floor":41,"turns":4},{"damage":6,"enemies":"Sphere and 2 Shapes","floor":42,"turns":1},{"damage":11,"enemies":"Nemesis","floor":44,"turns":8},{"damage":6,"enemies":"Mind Bloom Boss Battle","floor":45,"turns":3},{"damage":12,"enemies":"Transient","floor":48,"turns":5},{"damage":24,"enemies":"Donu and Deca","floor":50,"turns":3}],"seed_played":"4251252283042701915","potions_obtained":[{"floor":1.0,"key":"GamblersBrew"},{"floor":5.0,"key":"DistilledChaos"},{"floor":7.0,"key":"SkillPotion"},{"floor":12.0,"key":"Explosive Potion"},{"floor":18.0,"key":"Strength Potion"},{"floor":20.0,"key":"AttackPotion"},{"floor":29.0,"key":"ColorlessPotion"},{"floor":33,"key":"Ancient Potion"},{"floor":35,"key":"ElixirPotion"},{"floor":37,"key":"BlessingOfTheForge"},{"floor":45,"key":"Strength Potion"},{"floor":48,"key":"SpeedPotion"}],"is_trial":false,"path_per_floor":["M","M","?","$","M","R","E","?","T","M","M","M","R","M","R","B",null,"M","?","M","$","?","R","$","R","T","M","R","M","M","?","R","B",null,"M","?","M","?","$","R","M","M","T","E","?","R","?","M","R","B",null],"character_chosen":"IRONCLAD","items_purchased":["Pear","Shrug It Off","TheAbacus","Regal Pillow"],"campfire_rested":7,"item_purchase_floors":[21,21,21,39],"current_hp_per_floor":[78,77,76,75,74,73,72,71,70,69,68,67,66,65,64,59,62,61,60,59,68,67,66,65,64,63,62,61,60,59,58,57,42,55,54,53,52,51,50,49,48,47,46,48,48,50,44,38,47,29],"gold":190,"neow_bonus":"","is_daily":true,"chose_seed":false,"campfire_upgraded":3,"win_rate":0.0,"timestamp":1609666480,"path_taken":["M","M","?","$","M","R","E","?","T","?","M","?","R","M","R","BOSS","M","?","M","$","?","R","?","R","T","M","R","M","M","?","R","BOSS","M","?","M","?","$","R","M","M","T","E","?","R","?","M","R","BOSS"],"items_purchased_type":["Relic","Card","Relic","Relic"],"build_version":"2020-12-22","purchased_purges":0,"victory":true,"max_hp_per_floor":[78,77,76,75,74,73,72,71,70,69,68,67,66,65,64,63,62,61,60,59,68,67,66,65,64,63,62,61,60,59,58,57,56,55,54,53,52,51,50,49,48,47,46,52,51,50,49,48,47,46],"card_choices":[{"not_picked":["Hemokinesis","Twin Strike"],"picked":"Iron Wave","floor":1.0},{"not_picked":["Armaments","Perfected Strike","Anger"],"picked":"SKIP","floor":2.0},{"not_picked":["Clothesline","Rage","Burning Pact"],"picked":"SKIP","floor":5.0},{"not_picked":["Clash","Perfected Strike","Warcry"],"picked":"SKIP","floor":7.0},{"not_picked":["Flex","Wild Strike","Cleave"],"picked":"SKIP","floor":10.0},{"not_picked":["Twin Strike","Pommel Strike"],"picked":"Flame Barrier","floor":11.0},{"not_picked":["Havoc","Sever Soul","Whirlwind"],"picked":"SKIP","floor":12.0},{"not_picked":["Warcry","Sword Boomerang","Rupture"],"picked":"SKIP","floor":14.0},{"not_picked":["Limit Break","Demon Form"],"picked":"Corruption","floor":16.0},{"not_picked":["Wild Strike","True Grit","Pummel"],"picked":"SKIP","floor":18.0},{"not_picked":["True Grit","Bloodletting","Rage"],"picked":"SKIP","floor":20.0},{"not_picked":["Armaments","Shrug It Off","Pommel Strike"],"picked":"SKIP","floor":27.0},{"not_picked":["True Grit","Headbutt","Combust"],"picked":"SKIP","floor":29.0},{"not_picked":["Thunderclap","Anger+1","Heavy Blade"],"picked":"SKIP","floor":30.0},{"not_picked":["Exhume","Immolate"],"picked":"Offering","floor":33},{"not_picked":["Second Wind","Flex+1"],"picked":"Battle Trance","floor":35},{"not_picked":["Dramatic Entrance","Panacea"],"picked":"Master of Strategy","floor":36},{"not_picked":["Perfected Strike+1","Fire Breathing"],"picked":"Body Slam+1","floor":37},{"not_picked":["Battle Trance+1","Flex"],"picked":"Armaments+1","floor":41},{"not_picked":["Carnage","Havoc+1","Wild Strike+1"],"picked":"SKIP","floor":42},{"not_picked":["Ghostly Armor+1","Cleave","Corruption"],"picked":"SKIP","floor":44},{"not_picked":["Combust+1","Sever Soul+1","Sword Boomerang"],"picked":"SKIP","floor":48}],"player_experience":39641,"relics_obtained":[{"floor":7.0,"key":"Thread and Needle"},{"floor":9.0,"key":"Anchor"},{"floor":26.0,"key":"Omamori"},{"floor":43,"key":"Peace Pipe"},{"floor":44,"key":"Kunai"},{"floor":44,"key":"Strawberry"},{"floor":45,"key":"Dead Branch"}],"event_choices":[{"damage_healed":0.0,"max_hp_gain":0.0,"max_hp_loss":0.0,"gold_gain":0.0,"event_name":"The Cleric","player_choice":"Leave","floor":3.0,"gold_loss":0.0,"damage_taken":0.0},{"damage_healed":0.0,"max_hp_gain":0.0,"max_hp_loss":0.0,"gold_gain":100.0,"event_name":"Golden Shrine","player_choice":"Pray","floor":8.0,"gold_loss":0.0,"damage_taken":0.0},{"damage_healed":0.0,"max_hp_gain":0.0,"max_hp_loss":0.0,"gold_gain":0.0,"event_name":"Drug Dealer","player_choice":"Obtain J.A.X.","floor":19.0,"gold_loss":0.0,"damage_taken":0.0,"cards_obtained":["J.A.X."]},{"damage_healed":0.0,"max_hp_gain":0.0,"max_hp_loss":0.0,"gold_gain":0.0,"event_name":"Back to Basics","player_choice":"Simplicity","floor":22.0,"gold_loss":0.0,"damage_taken":0.0,"cards_upgraded":["Strike_R","Strike_R","Strike_R","Strike_R","Strike_R","Defend_R","Defend_R","Defend_R","Defend_R"]},{"damage_healed":0,"gold_gain":0,"player_choice":"Ignored","damage_taken":0,"max_hp_gain":0,"max_hp_loss":0,"event_name":"Transmorgrifier","floor":31,"gold_loss":0},{"damage_healed":0,"gold_gain":0,"player_choice":"Memory 1","damage_taken":0,"max_hp_gain":0,"max_hp_loss":0,"event_name":"SensoryStone","floor":36,"gold_loss":0},{"cards_removed":["Corruption"],"damage_healed":0,"gold_gain":0,"player_choice":"Removed Power","damage_taken":0,"max_hp_gain":0,"max_hp_loss":0,"event_name":"Falling","floor":38,"gold_loss":0},{"damage_healed":0,"gold_gain":0,"player_choice":"Fight","damage_taken":0,"max_hp_gain":0,"max_hp_loss":0,"event_name":"MindBloom","floor":45,"gold_loss":0},{"damage_healed":0,"gold_gain":0,"player_choice":"Embrace Madness","damage_taken":6,"max_hp_gain":0,"max_hp_loss":0,"event_name":"Winding Halls","floor":47,"gold_loss":0,"cards_obtained":["Madness","Madness"]}],"is_beta":false,"boss_relics":[{"not_picked":["Busted Crown","SacredBark"],"picked":"Fusion Hammer"},{"not_picked":["Sozu","Tiny House"],"picked":"Black Star"}],"items_purged_floors":[],"is_endless":false,"potions_floor_spawned":[1,5,7,12,18,20,29,33,35,37,45,48],"ascension_level":0}}