{"host":"j6locglyv7e0c0tm","time":1609652599,"event":{"mods":["BaseMod","Better Altar","Better Match","Better Note","Better Sensory Stone","Better Skull","Better Third Choice","Better Vampires","BetterRewards","Card Forge","Colored Powertips","Custom Start","DeckTracker","Downfall","Googly Eyes","Hermit","Highlight Path","Jorbs\u0027s Wanderer Trilogy","Marked Mod","Minty Spire (QoL Compilation)","Relic Stats","Replay The Spire","Shade Mod","Shop Mod","StSLib","Swap Starting Deck Mod","The Runesmith","TheFirefly"],"gold_per_floor":[111,125,125,125,125,125,125,125],"floor_reached":7,"playtime":1337,"items_purged":[],"score":39,"play_id":"f34aa6f0-3fe8-4299-9462-ba6da1f255d8","local_time":"20210103164319","is_ascension_mode":false,"campfire_choices":[{"floor":6,"key":"REST"}],"circlet_count":0,"master_deck":["Strike_P","Strike_P","Strike_P","Defend_P","Defend_P","Defend_P","Defend_P","Eruption","Vigilance","FollowUp","FlyingSleeves","Replay:AtTheReady"],"relics":["PureWater","Hammer of Thor","Seething Fire","Anvil of the Gods","Medical Kit","Toy Ornithopter","Happy Flower","ReplayTheSpireMod:Ring of Challenge","Ring of Fangs","Golden Idol","Replay:Mystery Machine"],"acts_visited":["Exordium"],"potions_floor_usage":[7],"damage_taken":[{"damage":2,"enemies":"Small Slimes","floor":1,"turns":3},{"damage":11,"enemies":"Jaw Worm","floor":2,"turns":3},{"damage":39,"enemies":"Gremlin Nob","floor":7,"turns":4}],"seed_played":"-724529689479425049","potions_obtained":[{"floor":1,"key":"AttackPotion"}],"is_trial":false,"path_per_floor":["M","M","?","?","?","R","E"],"character_chosen":"WATCHER","items_purchased":["Medical Kit","Toy Ornithopter","Happy Flower","FollowUp","FlyingSleeves"],"campfire_rested":1,"item_purchase_floors":[0,0,0,0,0],"current_hp_per_floor":[49,38,38,20,8,29,0,0],"gold":125,"neow_bonus":"","is_daily":false,"chose_seed":false,"campfire_upgraded":0,"win_rate":0.0,"timestamp":1609652599,"path_taken":["M","M","?","?","?","R","E"],"items_purchased_type":["Relic","Relic","Relic","Card","Card"],"build_version":"2020-12-22","purchased_purges":0,"victory":false,"max_hp_per_floor":[72,72,72,72,72,72,72,72],"relic_stats":{"Happy Flower":[3],"counters":[130,695],"Golden Idol":0,"Medical Kit":[0],"obtain_stats":[{"Divine Protection":7,"Gremlin Horn":25,"thefirefly:TimeCapsule":43,"CeramicFish":48,"Vajra":0,"Runesmith:Locket":25,"Hammer of Thor":0,"Ring of Searing":4,"Blood Vial":0,"Centennial Puzzle":26,"Sundial":9,"Iron Hammer":12,"Kunai":17,"MerchantsRug":19,"Pear":0,"Happy Flower":0,"ReplayTheSpireMod:CursedCoin":4,"ReplayTheSpireMod:Ring of Addiction":4,"Replay:Grab Bag":17,"Oddly Smooth Stone":39,"Pen Nib":16,"Replay:Ancient Bell":17,"War Paint":44,"Question Card":6,"WarpedTongs":7,"SlaversCollar":17,"Replay:Baseball":11,"Anvil of the Gods":0,"Onion Ring":13,"ReplayTheSpireMod:TigerMarble":17,"Abe\u0027s Treasure":34,"Darkstone Periapt":17,"Singing Bowl":26,"thefirefly:LongRangeScanner":7,"SacredBark":17,"Blue Doll":23,"Juzu Bracelet":37,"Replay:Multitool":17,"Replay:Mystery Machine":0,"PrismaticShard":3,"Smiling Mask":26,"Cursed Key":17,"Pet Ghost":9,"ClockworkSouvenir":0,"Chameleon Ring":4,"Matryoshka":0,"Ring of Fangs":3,"thefirefly:RepairArm":11,"Gambling Chip":22,"Pantograph":19,"Red Mask":37,"Replay:Bottled Snecko":44,"Runic Pyramid":19,"thefirefly:StealthSystem":0,"Runesmith:Nanobots":30,"Lee\u0027s Waffle":0,"BargainBundle":0,"Replay:M_StaffOfTheSnake":3,"NeowsBlessing":0,"Golden Idol":4,"Quantum Egg":0,"Guide Book":19,"Replay:WaspNest":21,"Omamori":0,"Seething Fire":0,"Medical Kit":0,"White Beast Statue":4,"thefirefly:UpgradedSystem":17,"Calling Bell":17,"Pondfish Scales":17,"Anchor":17,"CaptainsWheel":14,"Busted Crown":17,"Ornamental Fan":0,"HolyWater":17,"ChewingGum":17,"Art of War":19,"Garlic":9,"Bottled Lightning":32,"Membership Card":8,"ReplayTheSpireMod:Ring of Challenge":3,"TungstenRod":0,"Toy Ornithopter":7},{"Divine Protection":38,"Gremlin Horn":26,"thefirefly:TimeCapsule":51,"CeramicFish":54,"Vajra":77,"Runesmith:Locket":116,"Hammer of Thor":0,"Ring of Searing":17,"Blood Vial":77,"Centennial Puzzle":42,"Sundial":38,"Iron Hammer":63,"Kunai":22,"MerchantsRug":85,"Pear":56,"Happy Flower":127,"ReplayTheSpireMod:CursedCoin":58,"ReplayTheSpireMod:Ring of Addiction":17,"Replay:Grab Bag":40,"Oddly Smooth Stone":123,"Pen Nib":99,"Replay:Ancient Bell":22,"War Paint":52,"Question Card":4,"WarpedTongs":60,"SlaversCollar":40,"Replay:Baseball":11,"Anvil of the Gods":0,"Onion Ring":83,"ReplayTheSpireMod:TigerMarble":40,"Abe\u0027s Treasure":30,"Darkstone Periapt":40,"Singing Bowl":70,"thefirefly:LongRangeScanner":10,"SacredBark":65,"Blue Doll":70,"Juzu Bracelet":32,"Replay:Multitool":40,"Replay:Mystery Machine":15,"PrismaticShard":17,"Smiling Mask":26,"Cursed Key":84,"Pet Ghost":10,"ClockworkSouvenir":77,"Chameleon Ring":17,"Matryoshka":56,"Ring of Fangs":129,"thefirefly:RepairArm":19,"Gambling Chip":41,"Pantograph":114,"Red Mask":47,"Replay:Bottled Snecko":125,"Runic Pyramid":100,"thefirefly:StealthSystem":0,"Runesmith:Nanobots":43,"Lee\u0027s Waffle":56,"BargainBundle":88,"Replay:M_StaffOfTheSnake":90,"NeowsBlessing":5,"Golden Idol":129,"Quantum Egg":35,"Guide Book":85,"Replay:WaspNest":68,"Omamori":35,"Seething Fire":0,"Medical Kit":127,"White Beast Statue":17,"thefirefly:UpgradedSystem":13,"Calling Bell":40,"Pondfish Scales":22,"Anchor":99,"CaptainsWheel":112,"Busted Crown":40,"Ornamental Fan":88,"HolyWater":113,"ChewingGum":40,"Art of War":14,"Garlic":61,"Bottled Lightning":44,"Membership Card":98,"ReplayTheSpireMod:Ring of Challenge":129,"TungstenRod":88,"Toy Ornithopter":98},{"Divine Protection":230,"Gremlin Horn":163,"thefirefly:TimeCapsule":305,"CeramicFish":332,"Vajra":441,"Runesmith:Locket":614,"Hammer of Thor":0,"Ring of Searing":105,"Blood Vial":441,"Centennial Puzzle":251,"Sundial":230,"Iron Hammer":372,"Kunai":134,"MerchantsRug":471,"Pear":348,"Happy Flower":685,"ReplayTheSpireMod:CursedCoin":354,"ReplayTheSpireMod:Ring of Addiction":105,"Replay:Grab Bag":243,"Oddly Smooth Stone":653,"Pen Nib":528,"Replay:Ancient Bell":134,"War Paint":315,"Question Card":25,"WarpedTongs":361,"SlaversCollar":243,"Replay:Baseball":60,"Anvil of the Gods":0,"Onion Ring":457,"ReplayTheSpireMod:TigerMarble":243,"Abe\u0027s Treasure":191,"Darkstone Periapt":243,"Singing Bowl":408,"thefirefly:LongRangeScanner":55,"SacredBark":387,"Blue Doll":408,"Juzu Bracelet":203,"Replay:Multitool":243,"Replay:Mystery Machine":95,"PrismaticShard":105,"Smiling Mask":163,"Cursed Key":468,"Pet Ghost":55,"ClockworkSouvenir":441,"Chameleon Ring":105,"Matryoshka":348,"Ring of Fangs":691,"thefirefly:RepairArm":112,"Gambling Chip":247,"Pantograph":602,"Red Mask":279,"Replay:Bottled Snecko":665,"Runic Pyramid":538,"thefirefly:StealthSystem":0,"Runesmith:Nanobots":257,"Lee\u0027s Waffle":348,"BargainBundle":482,"Replay:M_StaffOfTheSnake":489,"NeowsBlessing":30,"Golden Idol":691,"Quantum Egg":216,"Guide Book":471,"Replay:WaspNest":399,"Omamori":216,"Seething Fire":0,"Medical Kit":685,"White Beast Statue":105,"thefirefly:UpgradedSystem":82,"Calling Bell":243,"Pondfish Scales":134,"Anchor":528,"CaptainsWheel":591,"Busted Crown":243,"Ornamental Fan":482,"HolyWater":598,"ChewingGum":243,"Art of War":90,"Garlic":364,"Bottled Lightning":261,"Membership Card":522,"ReplayTheSpireMod:Ring of Challenge":691,"TungstenRod":482,"Toy Ornithopter":522}],"Toy Ornithopter":5},"card_choices":[{"not_picked":["Evaluate","Replay:Hum"],"picked":"Replay:AtTheReady","floor":1},{"not_picked":["CrushJoints","Wireheading","Worship"],"picked":"SKIP","floor":2}],"player_experience":812513,"relics_obtained":[{"floor":3,"key":"ReplayTheSpireMod:Ring of Challenge"},{"floor":3,"key":"Ring of Fangs"}],"event_choices":[{"damage_healed":0,"gold_gain":0,"player_choice":"Take Damage","damage_taken":18,"relics_obtained":["Golden Idol"],"max_hp_gain":0,"max_hp_loss":0,"event_name":"Golden Idol","floor":4,"gold_loss":0},{"damage_healed":0,"gold_gain":0,"player_choice":"Relic ","damage_taken":12,"max_hp_gain":0,"max_hp_loss":0,"event_name":"betterThird:BetterScrap","floor":5,"gold_loss":0,"cards_obtained":["ReplayTheSpireMod:The Works"]}],"is_beta":false,"boss_relics":[],"items_purged_floors":[],"is_endless":false,"potions_floor_spawned":[1],"killed_by":"Gremlin Nob","ascension_level":0}}