{"host":"ymmeoa1x24ihslbm","time":1609678667,"event":{"mods":["AchievementEnabler","BaseMod","Colored Map","Colored Powertips","Defuse TimeMaze Blight","Highlight Path","Minty Spire (QoL Compilation)","Permanent Neow","Quick Restart","StSLib","Unceasing Turn Reminder"],"gold_per_floor":[116,126,144,158,168,168,199,199,199,211,240,276,276,295,295,401,451,472,497,273,302,302,302],"floor_reached":22,"playtime":937,"items_purged":[],"score":253,"play_id":"ceb34736-6e3e-4091-a894-228f0ffa6042","local_time":"20210103135747","is_ascension_mode":true,"campfire_choices":[{"data":"Eruption","floor":6,"key":"SMITH"},{"data":"Dramatic Entrance","floor":8,"key":"SMITH"},{"data":"Vigilance","floor":13,"key":"SMITH"},{"data":"FollowUp","floor":15,"key":"SMITH"}],"circlet_count":0,"master_deck":["Strike_P","Strike_P+1","Strike_P+1","Strike_P","Defend_P+1","Defend_P","Defend_P+1","Defend_P","Eruption+1","Vigilance+1","Dramatic Entrance+1","EmptyFist","LessonLearned","Establishment","FollowUp+1","DevaForm","FlurryOfBlows","Pray+1","Good Instincts","Halt+1"],"relics":["PureWater","Vajra","CeramicFish","Potion Belt","Tiny House","Akabeko"],"acts_visited":["Exordium","TheCity"],"potions_floor_usage":[7,16,16,16,18,22,22],"damage_taken":[{"damage":2,"enemies":"Cultist","floor":1,"turns":3},{"damage":1,"enemies":"Jaw Worm","floor":2,"turns":6},{"damage":3,"enemies":"2 Louse","floor":3,"turns":2},{"damage":24,"enemies":"Gremlin Gang","floor":4,"turns":5},{"damage":4,"enemies":"Red Slaver","floor":5,"turns":2},{"damage":5,"enemies":"3 Sentries","floor":7,"turns":4},{"damage":0,"enemies":"Large Slime","floor":10,"turns":3},{"damage":0,"enemies":"Exordium Wildlife","floor":11,"turns":1},{"damage":7,"enemies":"Lagavulin","floor":12,"turns":5},{"damage":0,"enemies":"2 Fungi Beasts","floor":14,"turns":1},{"damage":8,"enemies":"Hexaghost","floor":16,"turns":5},{"damage":7,"enemies":"Chosen","floor":18,"turns":4},{"damage":0,"enemies":"Spheric Guardian","floor":19,"turns":2},{"damage":52,"enemies":"Shelled Parasite and Fungi","floor":21,"turns":6},{"damage":10,"enemies":"Snake Plant","floor":22,"turns":1}],"seed_played":"8342023973067832002","potions_obtained":[{"floor":3,"key":"CultistPotion"},{"floor":5,"key":"SkillPotion"},{"floor":10,"key":"Fire Potion"},{"floor":12,"key":"BottledMiracle"},{"floor":14,"key":"SneckoOil"},{"floor":16,"key":"StancePotion"},{"floor":17,"key":"Dexterity Potion"},{"floor":21,"key":"Swift Potion"}],"is_trial":false,"path_per_floor":["M","M","M","M","M","R","E","R","T","M","M","E","R","M","R","B",null,"M","M","$","M","M"],"character_chosen":"WATCHER","items_purchased":["Good Instincts","Akabeko"],"campfire_rested":0,"item_purchase_floors":[20,20],"current_hp_per_floor":[70,69,66,42,38,38,33,33,33,33,33,26,26,26,26,18,64,57,57,57,5,0,0],"gold":302,"neow_bonus":"RANDOM_COLORLESS","is_daily":false,"chose_seed":false,"campfire_upgraded":4,"win_rate":0.0,"timestamp":1609678667,"path_taken":["M","M","M","M","M","R","E","R","T","M","M","E","R","M","R","BOSS","M","M","?","M","M"],"items_purchased_type":["Card","Relic"],"build_version":"2020-12-22","purchased_purges":0,"victory":false,"max_hp_per_floor":[72,72,72,72,72,72,72,72,72,72,72,72,72,72,72,72,77,77,77,77,77,77,77],"card_choices":[{"not_picked":["Panacea","Forethought"],"picked":"Dramatic Entrance","floor":0},{"not_picked":["BowlingBash","Study","Halt"],"picked":"SKIP","floor":1},{"not_picked":["Vengeance","WreathOfFlame","CutThroughFate"],"picked":"SKIP","floor":2},{"not_picked":["SashWhip","FlyingSleeves","JustLucky"],"picked":"SKIP","floor":3},{"not_picked":["ReachHeaven","CrushJoints","Wireheading"],"picked":"SKIP","floor":4},{"not_picked":["Vengeance","BattleHymn","Worship"],"picked":"SKIP","floor":5},{"not_picked":["MentalFortress","PathToVictory"],"picked":"EmptyFist","floor":7},{"not_picked":["EmptyFist","ThirdEye","JustLucky"],"picked":"SKIP","floor":10},{"not_picked":["Nirvana","FlurryOfBlows"],"picked":"LessonLearned","floor":11},{"not_picked":["Sanctity","WindmillStrike"],"picked":"Establishment","floor":12},{"not_picked":["Fasting2","Vengeance"],"picked":"FollowUp","floor":14},{"not_picked":["Brilliance","Devotion"],"picked":"DevaForm","floor":16},{"not_picked":["SignatureMove","BowlingBash"],"picked":"FlurryOfBlows","floor":18},{"not_picked":["CutThroughFate","Establishment"],"picked":"Pray+1","floor":19},{"not_picked":["SignatureMove+1","BowlingBash+1"],"picked":"Halt+1","floor":21}],"player_experience":694236,"relics_obtained":[{"floor":7,"key":"Vajra"},{"floor":9,"key":"CeramicFish"},{"floor":12,"key":"Potion Belt"}],"event_choices":[],"is_beta":false,"boss_relics":[{"not_picked":["Snecko Eye","Empty Cage"],"picked":"Tiny House"}],"items_purged_floors":[],"is_endless":false,"potions_floor_spawned":[3,5,10,12,14,16,21],"killed_by":"Snake Plant","ascension_level":5}}