{"host":"t7rtdu4954o308h4","time":1609670223,"event":{"mods":["ATMod(阿瑾Mod)","AchievementEnabler","Act Like it!","BaseMod","Conspire","GifTheSpireLib","Infinite Spire","Minty Spire (QoL Compilation)","MostiFishMod","Pale of the Ancients","Replay The Spire","StSLib","TestMod","Waifu the Spire","【人物mod】游戏王New YuGiOh mod","【功能Mod】聪明的最终Boss","【遗物卡牌】REMEMod"],"gold_per_floor":[116,116,134,151,167,196,51,226,226,226,251,251,274,311,311,422,422,447,447,43,76,110,110,151,151,174,203,447,362,362,362,362],"floor_reached":31,"playtime":3887,"items_purged":["GroundShake","GroundShake"],"score":360,"play_id":"d5f9d8c2-d8b7-4848-8187-1abf3bfe991a","local_time":"20210103183703","is_ascension_mode":false,"campfire_choices":[{"data":"PetDragon","floor":10.0,"key":"SMITH"},{"data":"Doubt","floor":23.0,"key":"PURGE"}],"circlet_count":0,"master_deck":["StoneGiant","SuddenShock","WhiteDragon","DragonMage","DemoBook","DragonReflection","ManaRailgun","Friendship","DemoMaster","CardExchange","AntiMana","SideExchange","PetDragon+1","PetDragon","DoubleDragon+1","WhiteGuide","BlackMage","RedEyeDragon+1","Forest","ExpansiveShield+1","DemoExchange","DarkDoor","Student","GodWarning","DragonValley","DifficultSpell+1","MoonlightDragon+1","WindDragon"],"relics":["Question Card","Thousand","AT_ATBox","DaveBox","testmod-TestBox","REME_ComplimentaryCards","testmod-ObsoleteBoomerang","HollowDreamFlower","SynthV:TestCard","Tiny Chest","Strawberry","Iron Hammer","conspire:RoyalGoblet","Turnip","testmod-InfectionSource","REME_HandOfSuture","AT_ArchangelStaff","Gremlin Food"],"acts_visited":["Exordium","TheCity"],"potions_floor_usage":[],"damage_taken":[{"damage":0.0,"enemies":"conspire:RoseBush","floor":1.0,"turns":2.0},{"damage":0.0,"enemies":"Jaw Worm","floor":3.0,"turns":2.0},{"damage":0.0,"enemies":"Small Slimes","floor":4.0,"turns":3.0},{"damage":0.0,"enemies":"Looter","floor":5.0,"turns":3.0},{"damage":0.0,"enemies":"Replay:BlueRogue","floor":6.0,"turns":4.0},{"damage":10.0,"enemies":"Lots of Slimes","floor":11.0,"turns":4.0},{"damage":0.0,"enemies":"Large Slime","floor":13.0,"turns":3.0},{"damage":0.0,"enemies":"3 Sentries","floor":14.0,"turns":3.0},{"damage":30.0,"enemies":"The Guardian","floor":16.0,"turns":4.0},{"damage":12.0,"enemies":"Shell Parasite","floor":18.0,"turns":3.0},{"damage":0.0,"enemies":"3 Byrds","floor":21.0,"turns":1.0},{"damage":0.0,"enemies":"Snake Plant","floor":22.0,"turns":1.0},{"damage":45.0,"enemies":"REME_1_Revenger","floor":24.0,"turns":4.0},{"damage":0.0,"enemies":"Sentry and Sphere","floor":27.0,"turns":3.0},{"damage":0.0,"enemies":"Gremlin Leader","floor":28.0,"turns":3.0},{"damage":49,"enemies":"Nightmare","floor":31,"turns":3}],"seed_played":"-1796822772487841816","potions_obtained":[{"floor":4.0,"key":"LifebloodPotion"},{"floor":13.0,"key":"CultistPotion"},{"floor":16.0,"key":"Explosive Potion"},{"floor":18.0,"key":"AttackPotion"}],"is_trial":false,"path_per_floor":["M","?","M","M","M","E","$","?","T","R","M","R","M","E","R","B",null,"M","?","$","M","M","R","E","R","T","M","E","?","T","NM"],"character_chosen":"DragonServant","items_purchased":["PetDragon","Turnip"],"campfire_rested":0,"item_purchase_floors":[7,20],"current_hp_per_floor":[66,66,66,66,66,66,66,66,73,73,63,63,69,73,73,43,73,61,61,61,69,73,73,28,28,28,36,44,44,44,0,0],"gold":362,"neow_bonus":"TEN_PERCENT_HP_BONUS","is_daily":false,"chose_seed":false,"campfire_upgraded":1,"win_rate":0.0,"timestamp":1609670223,"path_taken":["M","?","M","M","M","E","$","?","T","R","M","R","M","E","R","BOSS","M","?","$","M","M","R","E","R","T","M","E","?","?","NM"],"items_purchased_type":["Card","Relic"],"build_version":"2020-12-22","purchased_purges":2,"victory":false,"max_hp_per_floor":[66,66,66,66,66,66,66,66,73,73,73,73,73,73,73,73,73,73,73,73,73,73,73,73,73,73,73,73,73,73,73,73],"card_choices":[{"not_picked":["AntiMana","GatherUp","TrapMaster"],"picked":"Friendship","floor":1.0},{"not_picked":["SuddenShock","MagicAmplify","DemoExchange","DragonOrigin","DownHell"],"picked":"DemoMaster","floor":3.0},{"not_picked":["MagicAmplify","DragonMage","CooperationSpell","DemoTeacher","SoundFromHell"],"picked":"CardExchange","floor":4.0},{"not_picked":["SoundFromHell","BlackMage","SuddenShock","DragonMage","Blessing"],"picked":"AntiMana","floor":5.0},{"not_picked":["CooperationSpell","WindDragon","DemoExchange","SoundFromHell","MagicAmplify"],"picked":"SideExchange","floor":6.0},{"not_picked":["ExpansiveShield","StoneGiant","DifficultSpell","CardExchange","ManaRailgun"],"picked":"PetDragon","floor":11.0},{"not_picked":["DragonMage+1","DragonOrigin+1"],"picked":"DoubleDragon+1","floor":12.0},{"not_picked":["MirrorAngel","SuddenShock","AntiMana","DemoHunter","Student"],"picked":"WhiteGuide","floor":13.0},{"not_picked":["ManaRailgun","SideChaos","DemoBook","DemoExchange","LoliMage"],"picked":"BlackMage","floor":14.0},{"not_picked":["WhiteDragon+1","DragonOrigin+1"],"picked":"RedEyeDragon+1","floor":15.0},{"not_picked":["LinkMage","SideSpell","DestroyDragon","DoubleDragon","Blessing"],"picked":"Forest","floor":16.0},{"not_picked":["DemoTeacher","WhiteMage","BookScan","DragonOrigin","AntiMana"],"picked":"ExpansiveShield+1","floor":18.0},{"not_picked":["PetDragon+1","Earth","TrapMaster","DemoBook+1","BookScan"],"picked":"Student","floor":21.0},{"not_picked":["ChainBoob","RedEyeDragon","MoonlightDragon","CooperationSpell","LoliMage"],"picked":"GodWarning","floor":22.0},{"not_picked":["PetDragon","DragonMage+1","DragonAnger+1","LibraryManager","DestroyDragon"],"picked":"DragonValley","floor":24.0},{"not_picked":["DemoBook+1","CaseMagic+1"],"picked":"DifficultSpell+1","floor":25.0},{"not_picked":["StoneGiant","WhiteGuide","MageKnight","SideExchange","DragonOrigin+1"],"picked":"MoonlightDragon+1","floor":27.0},{"not_picked":["CooperationSpell","DragonOrigin","ChainBoob+1","DragonValley","AntiMana"],"picked":"WindDragon","floor":28.0}],"player_experience":43100,"relics_obtained":[{"floor":1.0,"key":"SynthV:TestCard"},{"floor":6.0,"key":"Tiny Chest"},{"floor":9.0,"key":"Strawberry"},{"floor":14.0,"key":"Iron Hammer"},{"floor":24.0,"key":"testmod-InfectionSource"},{"floor":26.0,"key":"REME_HandOfSuture"},{"floor":28.0,"key":"AT_ArchangelStaff"}],"event_choices":[{"damage_healed":0.0,"max_hp_gain":0.0,"max_hp_loss":0.0,"gold_gain":175.0,"event_name":"Liars Game","player_choice":"AGREE","floor":8.0,"gold_loss":0.0,"damage_taken":0.0,"cards_obtained":["Doubt"]},{"damage_healed":0.0,"max_hp_gain":0.0,"max_hp_loss":0.0,"gold_gain":0.0,"cards_transformed":["GroundShake","AT_ArcaneSupremacy"],"event_name":"Drug Dealer","player_choice":"Became Test Subject","floor":19.0,"gold_loss":0.0,"damage_taken":0.0,"cards_obtained":["DemoExchange","DarkDoor"]},{"damage_healed":0.0,"max_hp_gain":0.0,"max_hp_loss":0.0,"gold_gain":0.0,"event_name":"Addict","player_choice":"Obtained Relic","floor":29.0,"gold_loss":85.0,"damage_taken":0.0,"relics_obtained":["Gremlin Food"]}],"is_beta":false,"boss_relics":[{"not_picked":["testmod-EnergyCheck","testmod-HarvestTotem"],"picked":"conspire:RoyalGoblet"}],"items_purged_floors":[7,20],"is_endless":true,"potions_floor_spawned":[4,13,16,18,22],"killed_by":"Nightmare","ascension_level":0}}