{"host":"xjyie0ctswsml60g","time":1609712072,"event":{"mods":["AchievementEnabler","BaseMod","Colored Map","Minty Spire (QoL Compilation)","Quick Restart","SuperFastMode"],"gold_per_floor":[119,135,150,163,463,488,500,534,560,560,592,604,604,622,622,721,721,739,511,529,546,546,546,556,556,556,556,599,599,630,545,545,642,642,657,674,252,275,330,330,365,365,415,415,415,457,22,52,52,52,52,52,2,36,36],"floor_reached":56,"playtime":1755,"items_purged":["Strike_P","Strike_P","Defend_P"],"score":1525,"play_id":"22dab9eb-cd2a-4124-90c8-4c2ea1b421fb","local_time":"20210104001432","is_ascension_mode":true,"campfire_choices":[{"data":"TalkToTheHand","floor":10.0,"key":"SMITH"},{"data":"Ragnarok","floor":15.0,"key":"SMITH"},{"data":"DevaForm","floor":23,"key":"SMITH"},{"floor":27,"key":"RECALL"},{"data":"SandsOfTime","floor":32,"key":"SMITH"},{"data":"Strike_P","floor":40,"key":"PURGE"},{"data":"Strike_P","floor":42,"key":"PURGE"},{"data":"Defend_P","floor":45,"key":"PURGE"},{"floor":49,"key":"REST"},{"data":"Defend_P","floor":52,"key":"PURGE"}],"circlet_count":0,"master_deck":["Defend_P","Eruption","Vigilance","TalkToTheHand+1","Ragnarok+1","SandsOfTime+1","DevaForm+1","Wallop","WheelKick","SignatureMove+1","Omniscience","TalkToTheHand+1","WheelKick+1"],"relics":["Snecko Eye","Old Coin","Omamori","Art of War","PreservedInsect","SacredBark","Happy Flower","Necronomicon","CeramicFish","Damaru","Blue Candle","Potion Belt","Smiling Mask","Sozu","Peace Pipe","Dead Branch","Strawberry","Bag of Preparation","Regal Pillow","Ginger","Lantern","Shuriken","Gremlin Horn"],"acts_visited":["Exordium","TheCity","TheBeyond","TheEnding"],"potions_floor_usage":[30,33,39,50],"damage_taken":[{"damage":0.0,"enemies":"Cultist","floor":1.0,"turns":2.0},{"damage":0.0,"enemies":"Small Slimes","floor":2.0,"turns":3.0},{"damage":2.0,"enemies":"2 Louse","floor":3.0,"turns":2.0},{"damage":0.0,"enemies":"Exordium Wildlife","floor":4.0,"turns":2.0},{"damage":17.0,"enemies":"Lagavulin","floor":6.0,"turns":3.0},{"damage":0.0,"enemies":"3 Louse","floor":7.0,"turns":2.0},{"damage":3.0,"enemies":"3 Sentries","floor":8.0,"turns":3.0},{"damage":3.0,"enemies":"Lagavulin","floor":11.0,"turns":4.0},{"damage":10.0,"enemies":"2 Fungi Beasts","floor":12.0,"turns":3.0},{"damage":13.0,"enemies":"Large Slime","floor":14.0,"turns":2.0},{"damage":7,"enemies":"Hexaghost","floor":16,"turns":4},{"damage":0,"enemies":"Chosen","floor":18,"turns":2},{"damage":0,"enemies":"Spheric Guardian","floor":20,"turns":2},{"damage":0,"enemies":"Snake Plant","floor":21,"turns":1},{"damage":10,"enemies":"Cultist and Chosen","floor":24,"turns":4},{"damage":0,"enemies":"Book of Stabbing","floor":28,"turns":2},{"damage":0,"enemies":"Slavers","floor":30,"turns":1},{"damage":31,"enemies":"Champ","floor":33,"turns":8},{"damage":9,"enemies":"3 Shapes","floor":35,"turns":4},{"damage":0,"enemies":"Orb Walker","floor":36,"turns":1},{"damage":4,"enemies":"4 Shapes","floor":38,"turns":2},{"damage":0,"enemies":"2 Orb Walkers","floor":39,"turns":2},{"damage":0,"enemies":"Giant Head","floor":41,"turns":3},{"damage":7,"enemies":"Nemesis","floor":46,"turns":3},{"damage":0,"enemies":"Reptomancer","floor":48,"turns":2},{"damage":2,"enemies":"Awakened One","floor":50,"turns":3},{"damage":0,"enemies":"Shield and Spear","floor":54,"turns":3},{"damage":1,"enemies":"The Heart","floor":55,"turns":5}],"seed_played":"7772370879299409317","potions_obtained":[{"floor":4.0,"key":"DuplicationPotion"},{"floor":6.0,"key":"Fire Potion"},{"floor":7.0,"key":"Strength Potion"},{"floor":8.0,"key":"Regen Potion"},{"floor":14.0,"key":"Fruit Juice"},{"floor":16,"key":"AttackPotion"},{"floor":20,"key":"LiquidMemories"},{"floor":30,"key":"Energy Potion"}],"is_trial":false,"path_per_floor":["M","M","M","M","?","E","M","E","T","R","E","M","?","M","R","B",null,"M","$","M","M","?","R","M","?","T","R","E","?","E","?","R","B",null,"M","M","$","M","?","R","E","R","T","?","R","E","$","E","R","B",null,"R","$","E","B",null],"character_chosen":"WATCHER","items_purchased":["Happy Flower","Peace Pipe","WheelKick","Ginger","Lantern"],"campfire_rested":1,"item_purchase_floors":[19,37,37,47,47],"current_hp_per_floor":[72,72,70,70,70,53,53,50,50,50,59,49,42,34,34,27,77,77,77,77,77,61,61,51,51,51,51,51,51,51,51,51,20,77,68,68,68,64,64,64,71,71,71,71,71,64,64,64,80,78,80,80,80,80,79],"gold":36,"neow_bonus":"BOSS_RELIC","is_daily":false,"chose_seed":false,"campfire_upgraded":4,"win_rate":0.0,"timestamp":1609712072,"path_taken":["M","M","?","M","?","E","M","E","T","R","E","M","?","M","R","BOSS","M","$","M","M","?","R","M","?","T","R","E","?","E","?","R","BOSS","M","M","$","M","?","R","E","R","T","?","R","E","$","E","R","BOSS","R","$","E","BOSS"],"items_purchased_type":["Relic","Relic","Card","Relic","Relic"],"build_version":"2020-12-22","purchased_purges":3,"victory":true,"max_hp_per_floor":[72,72,72,72,72,72,72,72,72,72,72,72,72,77,77,77,77,77,77,77,77,77,77,77,77,77,77,77,77,77,77,77,77,77,77,77,77,77,77,77,84,84,84,80,80,80,80,80,80,80,80,80,80,80,80],"card_choices":[{"not_picked":["Evaluate","FlurryOfBlows","Prostrate"],"picked":"SKIP","floor":1.0},{"not_picked":["Meditate","CarveReality","FearNoEvil"],"picked":"SKIP","floor":2.0},{"not_picked":["Evaluate","Perseverance","Conclude"],"picked":"SKIP","floor":3.0},{"not_picked":["DeceiveReality","Conclude","FollowUp"],"picked":"SKIP","floor":4.0},{"not_picked":["WaveOfTheHand","FlurryOfBlows"],"picked":"TalkToTheHand","floor":6.0},{"not_picked":["WreathOfFlame","Crescendo"],"picked":"Ragnarok","floor":7.0},{"not_picked":["ClearTheMind","EmptyBody","FearNoEvil"],"picked":"SKIP","floor":8.0},{"not_picked":["ThirdEye","Halt"],"picked":"SandsOfTime","floor":11.0},{"not_picked":["FollowUp","EmptyBody","ThirdEye"],"picked":"SKIP","floor":12.0},{"not_picked":["Weave","BattleHymn","Halt"],"picked":"SKIP","floor":14.0},{"not_picked":["Blasphemy","ConjureBlade"],"picked":"DevaForm","floor":16},{"not_picked":["JustLucky","Crescendo+1","Consecrate"],"picked":"SKIP","floor":18},{"not_picked":["ThirdEye+1","Indignation","SashWhip"],"picked":"SKIP","floor":20},{"not_picked":["Pray","SashWhip+1","Crescendo"],"picked":"SKIP","floor":21},{"not_picked":["Consecrate+1","Meditate","MasterReality"],"picked":"SKIP","floor":24},{"not_picked":["Blasphemy","FlurryOfBlows"],"picked":"Wallop","floor":28},{"not_picked":["SashWhip","FlyingSleeves","BowlingBash"],"picked":"SKIP","floor":30},{"not_picked":["FlurryOfBlows+1","Prostrate","ClearTheMind"],"picked":"SKIP","floor":35},{"not_picked":["PathToVictory","EmptyBody+1","Consecrate+1"],"picked":"SKIP","floor":36},{"not_picked":["CarveReality","Worship+1"],"picked":"SignatureMove+1","floor":38},{"not_picked":["Prostrate+1","SpiritShield"],"picked":"Omniscience","floor":41},{"not_picked":["ThirdEye","SignatureMove"],"picked":"TalkToTheHand+1","floor":46},{"not_picked":["Indignation+1","DeceiveReality+1","Weave"],"picked":"SKIP","floor":48},{"not_picked":["Protect+1","Crescendo+1"],"picked":"WheelKick+1","floor":54}],"player_experience":512943,"relics_obtained":[{"floor":6.0,"key":"Omamori"},{"floor":8.0,"key":"Art of War"},{"floor":11.0,"key":"PreservedInsect"},{"floor":22,"key":"Necronomicon"},{"floor":26,"key":"Damaru"},{"floor":28,"key":"Blue Candle"},{"floor":30,"key":"Potion Belt"},{"floor":39,"key":"Dead Branch"},{"floor":41,"key":"Strawberry"},{"floor":43,"key":"Bag of Preparation"},{"floor":46,"key":"Regal Pillow"},{"floor":48,"key":"Shuriken"},{"floor":54,"key":"Gremlin Horn"}],"event_choices":[{"damage_healed":0.0,"max_hp_gain":0.0,"max_hp_loss":0.0,"gold_gain":0.0,"event_name":"Big Fish","player_choice":"Box","floor":5.0,"gold_loss":0.0,"damage_taken":0.0,"relics_obtained":["Old Coin"],"cards_obtained":["Regret"]},{"cards_removed":["Regret"],"damage_healed":0.0,"max_hp_gain":0.0,"max_hp_loss":0.0,"gold_gain":0.0,"event_name":"Golden Wing","player_choice":"Card Removal","floor":13.0,"gold_loss":0.0,"damage_taken":7.0},{"damage_healed":0,"gold_gain":0,"player_choice":"Obtained Book","damage_taken":16,"max_hp_gain":0,"max_hp_loss":0,"event_name":"Cursed Tome","floor":22,"gold_loss":0},{"damage_healed":0,"gold_gain":0,"player_choice":"Opened","damage_taken":0,"relics_obtained":["CeramicFish"],"max_hp_gain":0,"max_hp_loss":0,"event_name":"The Mausoleum","floor":25,"gold_loss":0,"cards_obtained":["Writhe"]},{"damage_healed":0,"gold_gain":0,"player_choice":"Ignored","damage_taken":0,"max_hp_gain":0,"max_hp_loss":0,"event_name":"Ghosts","floor":29,"gold_loss":0},{"damage_healed":0,"gold_gain":0,"player_choice":"Obtained Relic","damage_taken":0,"relics_obtained":["Smiling Mask"],"max_hp_gain":0,"max_hp_loss":0,"event_name":"Addict","floor":31,"gold_loss":85},{"damage_healed":0,"gold_gain":0,"player_choice":"Fight","damage_taken":0,"max_hp_gain":0,"max_hp_loss":0,"event_name":"Mysterious Sphere","floor":39,"gold_loss":0},{"damage_healed":0,"gold_gain":0,"player_choice":"Max HP","damage_taken":0,"max_hp_gain":0,"max_hp_loss":4,"event_name":"Winding Halls","floor":44,"gold_loss":0}],"is_beta":false,"boss_relics":[{"not_picked":["Runic Dome","Fusion Hammer"],"picked":"SacredBark"},{"not_picked":["Cursed Key","Velvet Choker"],"picked":"Sozu"}],"items_purged_floors":[19,37,53],"is_endless":false,"potions_floor_spawned":[4,6,7,8,14,16,20,28,30,35,41,48],"ascension_level":1}}