{"host":"vumwfieg2b2mnrfl","time":1609640100,"event":{"mods":["AchievementEnabler","BaseMod","Minty Spire (QoL Compilation)","Rare Cards Sparkle","Relic Stats"],"gold_per_floor":[113,188,188,116,131,131,157,157,182,123,149,164,199,210,210,287,287,297,88,105,105,105,105,119,146,171,209,209,209],"floor_reached":28,"playtime":796,"items_purged":[],"score":523,"play_id":"a26ac646-3cec-4fef-bab8-4a20cf1ef6a0","local_time":"20210102201500","is_ascension_mode":true,"campfire_choices":[{"data":"Uppercut","floor":6,"key":"SMITH"},{"data":"Battle Trance","floor":8,"key":"SMITH"},{"data":"Spot Weakness","floor":15,"key":"SMITH"},{"floor":23,"key":"REST"}],"circlet_count":0,"master_deck":["AscendersBane","Strike_R","Strike_R","Strike_R","Defend_R","Defend_R","Defend_R","Defend_R","Bash","Uppercut+1","Battle Trance+1","Anger","Entrench","Spot Weakness+1","Offering","Whirlwind","Dropkick","Fire Breathing+1","Blood for Blood","Power Through"],"relics":["Burning Blood","NeowsBlessing","The Courier","Tiny Chest","HornCleat","Bronze Scales","Black Star","Kunai","Sundial","Eternal Feather","Pen Nib","Vajra","Molten Egg 2","CeramicFish"],"acts_visited":["Exordium","TheCity"],"potions_floor_usage":[16,24,25,27],"damage_taken":[{"damage":0.0,"enemies":"Jaw Worm","floor":1.0,"turns":1.0},{"damage":0,"enemies":"Small Slimes","floor":5,"turns":1},{"damage":0,"enemies":"Gremlin Nob","floor":7,"turns":1},{"damage":20,"enemies":"Lagavulin","floor":11,"turns":5},{"damage":9,"enemies":"2 Louse","floor":12,"turns":3},{"damage":20,"enemies":"Gremlin Nob","floor":13,"turns":4},{"damage":6,"enemies":"Looter","floor":14,"turns":2},{"damage":37,"enemies":"The Guardian","floor":16,"turns":11},{"damage":2,"enemies":"3 Byrds","floor":18,"turns":4},{"damage":17,"enemies":"Shell Parasite","floor":20,"turns":4},{"damage":22,"enemies":"Shelled Parasite and Fungi","floor":24,"turns":4},{"damage":24,"enemies":"Book of Stabbing","floor":25,"turns":5},{"damage":40,"enemies":"Slavers","floor":27,"turns":4},{"damage":12,"enemies":"Snake Plant","floor":28,"turns":1}],"seed_played":"-1538107894533824118","potions_obtained":[{"floor":5,"key":"PowerPotion"},{"floor":13,"key":"Dexterity Potion"},{"floor":16,"key":"LiquidMemories"},{"floor":24,"key":"BlessingOfTheForge"},{"floor":27,"key":"LiquidBronze"}],"is_trial":false,"path_per_floor":["M","?","?","$","M","R","E","R","T","$","E","M","E","M","R","B",null,"M","$","M","?","T","R","M","E","T","E","M"],"character_chosen":"IRONCLAD","items_purchased":["Battle Trance","Spot Weakness","Kunai"],"campfire_rested":1,"item_purchase_floors":[4,10,19],"current_hp_per_floor":[74,63,63,63,69,69,75,75,75,75,61,58,44,44,44,13,60,64,64,53,53,53,75,59,41,41,7,0,0],"gold":209,"neow_bonus":"THREE_ENEMY_KILL","is_daily":false,"chose_seed":false,"campfire_upgraded":3,"win_rate":0.0,"timestamp":1609640100,"path_taken":["M","?","?","$","M","R","E","R","T","?","E","M","E","?","R","BOSS","M","$","M","?","?","R","M","E","T","E","?"],"items_purchased_type":["Card","Card","Relic"],"build_version":"2020-12-22","purchased_purges":0,"victory":false,"max_hp_per_floor":[75,75,75,75,75,75,75,75,75,75,75,75,75,75,75,75,75,75,75,75,75,75,75,75,75,75,75,75,75],"relic_stats":{"counters":[14,50],"Sundial":[2],"Bronze Scales":[188],"CeramicFish":9,"Tiny Chest":1,"Eternal Feather":0,"Pen Nib":[0],"Black Star":2,"Kunai":[4],"obtain_stats":[{"NeowsBlessing":0,"CeramicFish":27,"Vajra":26,"Eternal Feather":25,"The Courier":7,"Pen Nib":25,"Burning Blood":0,"HornCleat":11,"Sundial":22,"Bronze Scales":13,"Tiny Chest":9,"Molten Egg 2":27,"Black Star":17,"Kunai":19},{"NeowsBlessing":0,"CeramicFish":13,"Vajra":12,"Eternal Feather":12,"The Courier":3,"Pen Nib":12,"Burning Blood":0,"HornCleat":4,"Sundial":10,"Bronze Scales":6,"Tiny Chest":3,"Molten Egg 2":13,"Black Star":8,"Kunai":9},{"NeowsBlessing":0,"CeramicFish":49,"Vajra":45,"Eternal Feather":45,"The Courier":3,"Pen Nib":45,"Burning Blood":0,"HornCleat":8,"Sundial":36,"Bronze Scales":15,"Tiny Chest":3,"Molten Egg 2":49,"Black Star":28,"Kunai":32}],"Burning Blood":78},"card_choices":[{"not_picked":["Flex","Rupture"],"picked":"Uppercut","floor":1.0},{"not_picked":["Pommel Strike","True Grit"],"picked":"Anger","floor":5},{"not_picked":["Sever Soul","Dark Embrace"],"picked":"Entrench","floor":7},{"not_picked":["Sword Boomerang","Evolve","Dark Embrace"],"picked":"SKIP","floor":11},{"not_picked":["Heavy Blade","Rupture","Thunderclap"],"picked":"SKIP","floor":12},{"not_picked":["Intimidate","Heavy Blade","Flex"],"picked":"SKIP","floor":13},{"not_picked":["True Grit","Anger","Combust"],"picked":"SKIP","floor":14},{"not_picked":["Exhume","Brutality"],"picked":"Offering","floor":16},{"not_picked":["Warcry","Iron Wave","Rage"],"picked":"SKIP","floor":18},{"not_picked":["True Grit","Warcry","Anger"],"picked":"SKIP","floor":20},{"not_picked":["Flex","Carnage"],"picked":"Fire Breathing+1","floor":24},{"not_picked":["Iron Wave","Rupture"],"picked":"Blood for Blood","floor":25},{"not_picked":["Body Slam+1","Offering"],"picked":"Power Through","floor":27}],"player_experience":357914,"relics_obtained":[{"floor":7,"key":"The Courier"},{"floor":9,"key":"Tiny Chest"},{"floor":11,"key":"HornCleat"},{"floor":13,"key":"Bronze Scales"},{"floor":22,"key":"Sundial"},{"floor":25,"key":"Eternal Feather"},{"floor":25,"key":"Pen Nib"},{"floor":26,"key":"Vajra"},{"floor":27,"key":"Molten Egg 2"},{"floor":27,"key":"CeramicFish"}],"event_choices":[{"damage_healed":0.0,"max_hp_gain":0.0,"max_hp_loss":0.0,"gold_gain":75.0,"event_name":"World of Goop","player_choice":"Gather Gold","floor":2.0,"gold_loss":0.0,"damage_taken":11.0},{"damage_healed":0,"gold_gain":0,"player_choice":"Fled","damage_taken":0,"max_hp_gain":0,"max_hp_loss":0,"event_name":"Scrap Ooze","floor":3,"gold_loss":0},{"damage_healed":0,"gold_gain":0,"cards_transformed":["Strike_R","Strike_R"],"player_choice":"Became Test Subject","damage_taken":0,"max_hp_gain":0,"max_hp_loss":0,"event_name":"Drug Dealer","floor":21,"gold_loss":0,"cards_obtained":["Whirlwind","Dropkick"]}],"is_beta":false,"boss_relics":[{"not_picked":["Black Blood","Runic Pyramid"],"picked":"Black Star"}],"items_purged_floors":[],"is_endless":false,"potions_floor_spawned":[5,13,14,16,20,24,27],"killed_by":"Snake Plant","ascension_level":15}}