{"host":"waq1ashgqt0tulkv","time":1609673060,"event":{"mods":["Aspiration","BaseMod","BetterRewards","Colored Powertips","Conspire","Downfall","Duelist Mod","Hermit","Hubris","Infinite Spire","Minty Spire (QoL Compilation)","Quick Restart","Rare Cards Sparkle","Replay The Spire","StSLib","SuperFastMode","The Animator","The Bug Knight","The Construct","The Cursed","The Disciple","The Hierophant","The Necromancer","The Runesmith","The Servant 0.9.4","egg"],"gold_per_floor":[117,127,127,138,152,168,168,168,168,168,182,182,202,233,233,331,331,347,363,374,374,374,374,392,392,392,410,427,427,427],"floor_reached":29,"playtime":786,"items_purged":[],"score":231,"play_id":"a5e6e142-4330-4569-9350-019aca9cd995","local_time":"20210103042420","is_ascension_mode":false,"campfire_choices":[{"data":"ReplayTheSpireMod:Omega Cannon","floor":8,"key":"SMITH"},{"data":"Crystallizer","floor":10,"key":"SMITH"},{"data":"Hologram","floor":12,"key":"SMITH"},{"data":"Sweeping Beam","floor":15,"key":"SMITH"},{"floor":23,"key":"REST"}],"circlet_count":0,"master_deck":["Strike_B","Strike_B","Strike_B","Defend_B","Defend_B","Defend_B","Defend_B","Zap","Dualcast","ReplayTheSpireMod:Omega Cannon+1","hubris:Ukulele","Conserve Battery","Aggregate","Rip and Tear","Crystallizer+1","Hologram+1","Streamline","Sweeping Beam+1","Electrodynamics","Beam Cell+1","Ball Lightning","Redo+1","BasicCrystalCard+1","ReplayTheSpireMod:Dual Polarity"],"relics":["Cracked Core","infinitespire:Freezer","Orichalcum","Gambling Chip","Replay:Arrowhead","White Beast Statue","hubris:Towel","Quantum Egg"],"acts_visited":["Exordium","TheCity"],"potions_floor_usage":[13,14,16],"damage_taken":[{"damage":0.0,"enemies":"Cultist","floor":1.0,"turns":2.0},{"damage":5.0,"enemies":"Small Slimes","floor":2.0,"turns":2.0},{"damage":1.0,"enemies":"2 Louse","floor":4.0,"turns":2.0},{"damage":0.0,"enemies":"Lots of Slimes","floor":5.0,"turns":1.0},{"damage":0,"enemies":"Large Slime","floor":6,"turns":4},{"damage":4,"enemies":"Gremlin Gang","floor":11,"turns":2},{"damage":0,"enemies":"2 Fungi Beasts","floor":13,"turns":2},{"damage":8,"enemies":"Gremlin Nob","floor":14,"turns":3},{"damage":35,"enemies":"Hexaghost","floor":16,"turns":8},{"damage":28,"enemies":"3 Byrds","floor":18,"turns":3},{"damage":0,"enemies":"Chosen","floor":19,"turns":3},{"damage":25,"enemies":"Shelled Parasite and Fungi","floor":20,"turns":5},{"damage":13,"enemies":"Centurion and Healer","floor":24,"turns":5},{"damage":2,"enemies":"Cultist and Chosen","floor":27,"turns":3},{"damage":2,"enemies":"Sentry and Sphere","floor":28,"turns":3},{"damage":29,"enemies":"Book of Stabbing","floor":29,"turns":3}],"seed_played":"-6502399716987532082","potions_obtained":[{"floor":3.0,"key":"Death Potion"},{"floor":3.0,"key":"FearPotion"},{"floor":3.0,"key":"construct:ShiftPotion"},{"floor":4.0,"key":"ColorlessPotion"},{"floor":14,"key":"LiquidMemories"},{"floor":19,"key":"Dexterity Potion"},{"floor":24,"key":"FearPotion"},{"floor":27,"key":"Dexterity Potion"}],"is_trial":false,"path_per_floor":["M","M","?","M","M","M","?","R","T","R","M","R","M","E","R","B",null,"M","M","M","AVR","?","R","M","?","T","M","M","E"],"character_chosen":"DEFECT","items_purchased":[],"campfire_rested":1,"item_purchase_floors":[],"current_hp_per_floor":[75,70,70,69,69,69,69,69,69,69,65,65,65,57,57,22,75,47,47,22,22,22,44,31,31,31,29,27,0,0],"gold":427,"neow_bonus":"TRANSFORM_CARD","is_daily":false,"chose_seed":false,"campfire_upgraded":4,"win_rate":0.0,"timestamp":1609673060,"path_taken":["M","?","?","?","M","M","?","R","T","R","?","R","M","E","R","BOSS","M","M","M","AVR","?","R","?","?","T","M","M","E"],"items_purchased_type":[],"build_version":"2020-12-13","purchased_purges":0,"victory":false,"max_hp_per_floor":[75,75,75,75,75,75,75,75,75,75,75,75,75,75,75,75,75,75,75,75,75,75,75,75,75,75,75,75,75,75],"card_choices":[{"not_picked":["Storm","Force Field"],"picked":"hubris:Ukulele","floor":1.0},{"not_picked":["ReplayTheSpireMod:Reroute Power","Hologram"],"picked":"Conserve Battery","floor":2.0},{"not_picked":["Steam","ReplaySolidLightProjector"],"picked":"Aggregate","floor":4.0},{"not_picked":["ReplayTheSpireMod:Reroute Power","Consume"],"picked":"Rip and Tear","floor":5.0},{"not_picked":["Reinforced Body","Double Energy"],"picked":"Crystallizer","floor":6},{"not_picked":["hubris:PowerSurge","ReplayTheSpireMod:Calculation Training"],"picked":"Hologram","floor":11},{"not_picked":["Steam","Aggregate"],"picked":"Streamline","floor":13},{"not_picked":["BasicCrystalCard","hubris:Prefetch"],"picked":"Sweeping Beam","floor":14},{"not_picked":["Mirror Shield","Reboot"],"picked":"Electrodynamics","floor":16},{"not_picked":["Conserve Battery","Gash"],"picked":"Beam Cell+1","floor":18},{"not_picked":["Panic Button","Ball Lightning","Barrage+1"],"picked":"SKIP","floor":19},{"not_picked":["Panic Button","Barrage+1"],"picked":"Ball Lightning","floor":19},{"not_picked":["Gash","BasicCrystalCard"],"picked":"Redo+1","floor":20},{"not_picked":["Aggregate+1","Rebound"],"picked":"BasicCrystalCard+1","floor":24},{"not_picked":["Ball Lightning","Aggregate"],"picked":"ReplayTheSpireMod:Dual Polarity","floor":27},{"not_picked":["Tempest","ReplayTheSpireMod:Reroute Power+1","Sweeping Beam"],"picked":"SKIP","floor":28}],"player_experience":30405,"relics_obtained":[{"floor":9,"key":"Orichalcum"},{"floor":14,"key":"Gambling Chip"},{"floor":22,"key":"White Beast Statue"},{"floor":26,"key":"Quantum Egg"}],"event_choices":[{"damage_healed":0.0,"max_hp_gain":0.0,"max_hp_loss":0.0,"gold_gain":0.0,"event_name":"Lab","player_choice":"Got Potions","floor":3.0,"gold_loss":0.0,"damage_taken":0.0},{"damage_healed":0,"gold_gain":0,"player_choice":"Gave Potion","damage_taken":0,"relics_obtained":["infinitespire:Freezer"],"max_hp_gain":0,"max_hp_loss":0,"event_name":"WeMeetAgain","floor":7,"gold_loss":0},{"damage_healed":0,"gold_gain":0,"player_choice":"Relic","damage_taken":0,"max_hp_gain":0,"max_hp_loss":0,"event_name":"Wheel of Change","floor":22,"gold_loss":0}],"is_beta":false,"boss_relics":[{"not_picked":["hubris:TerracottaHorce","conspire:SlowCooker","hubris:VirtuousBlindfold"]}],"items_purged_floors":[],"is_endless":false,"potions_floor_spawned":[4,5,14,19,24,27,28],"killed_by":"Book of Stabbing","ascension_level":0}}