{"host":"hca6liskeo7s99fa","time":1609636668,"event":{"mods":["BaseMod","Downfall","Hermit","Minty Spire (QoL Compilation)","Replay The Spire","StSLib","The Cursed","The Dragon Tamer","The Servant 0.9.4"],"gold_per_floor":[115,115,115,115,115,144,144,172,199,224,270,270,302,337,337,351,351],"floor_reached":16,"playtime":970,"items_purged":[],"score":174,"play_id":"4024543a-6b33-4751-8f6a-d22c3108adf5","local_time":"20210102201748","is_ascension_mode":true,"campfire_choices":[{"data":"ReplayTheSpireMod:Tripwire","floor":12,"key":"SMITH"},{"data":"Distraction","floor":15,"key":"SMITH"}],"circlet_count":0,"master_deck":["Strike_G+1","Strike_G","Strike_G","Strike_G","Strike_G","Defend_G","Defend_G+1","Defend_G","Defend_G","Survivor","Neutralize","ReplayTheSpireMod:Tripwire+1","Dagger Throw","Hidden Blade","Sneak Up","Distraction+1"],"relics":["NeowsBlessing","Akabeko","Sizzling Blood","Replay:Bandana","Odd Mushroom","Anchor"],"acts_visited":["Exordium"],"potions_floor_usage":[11,14,14],"damage_taken":[{"damage":0,"enemies":"Cultist","floor":1,"turns":1},{"damage":0,"enemies":"3 Sentries","floor":6,"turns":1},{"damage":0,"enemies":"Gremlin Nob","floor":8,"turns":1},{"damage":0,"enemies":"2 Louse","floor":10,"turns":2},{"damage":21,"enemies":"The Mushroom Lair","floor":11,"turns":6},{"damage":2,"enemies":"Small Slimes","floor":13,"turns":4},{"damage":6,"enemies":"3 Sentries","floor":14,"turns":10},{"damage":55,"enemies":"Slime Boss","floor":16,"turns":7}],"seed_played":"-4027666610643444556","potions_obtained":[{"floor":10,"key":"Swift Potion"},{"floor":11,"key":"Elixir"},{"floor":13,"key":"LifebloodPotion"}],"is_trial":false,"path_per_floor":["M","$","$","?","?","E","?","E","T","M","?","R","M","E","R","B"],"character_chosen":"THE_SILENT","items_purchased":[],"campfire_rested":0,"item_purchase_floors":[],"current_hp_per_floor":[70,70,70,70,56,56,60,64,64,68,51,51,53,51,51,0,0],"gold":351,"neow_bonus":"THREE_ENEMY_KILL","is_daily":false,"chose_seed":false,"campfire_upgraded":2,"win_rate":0.0,"timestamp":1609636668,"path_taken":["M","?","$","?","?","E","?","E","T","?","?","R","M","E","R","BOSS"],"items_purchased_type":[],"build_version":"2020-12-22","purchased_purges":0,"victory":false,"max_hp_per_floor":[70,70,70,70,70,70,74,74,74,74,74,74,74,74,74,74,74],"card_choices":[{"not_picked":["Dagger Throw","Underhanded Strike"],"picked":"ReplayTheSpireMod:Tripwire","floor":1},{"not_picked":["Dagger Spray","Dodge and Roll","ReplayTheSpireMod:Shiv Toss"],"picked":"SKIP","floor":6},{"not_picked":["Cloak And Dagger","Malaise","Corpse Explosion"],"picked":"SKIP","floor":8},{"not_picked":["Acrobatics","Concentrate"],"picked":"Dagger Throw","floor":10},{"not_picked":["Dagger Throw","Riddle With Holes"],"picked":"Hidden Blade","floor":11},{"not_picked":["Slice","Sucker Punch"],"picked":"Sneak Up","floor":13},{"not_picked":["Bane","Dagger Throw"],"picked":"Distraction","floor":14}],"player_experience":232319,"relics_obtained":[{"floor":6,"key":"Akabeko"},{"floor":8,"key":"Replay:Bandana"},{"floor":11,"key":"Odd Mushroom"},{"floor":14,"key":"Anchor"}],"event_choices":[{"damage_healed":0,"gold_gain":0,"player_choice":"Entered Light","damage_taken":14,"max_hp_gain":0,"max_hp_loss":0,"event_name":"Shining Light","floor":5,"gold_loss":0,"cards_upgraded":["Defend_G","Strike_G"]},{"damage_healed":0,"gold_gain":0,"player_choice":"Fought Mushrooms","damage_taken":0,"max_hp_gain":0,"max_hp_loss":0,"event_name":"Mushrooms","floor":11,"gold_loss":0}],"is_beta":false,"boss_relics":[],"items_purged_floors":[],"is_endless":false,"potions_floor_spawned":[10,11,13],"killed_by":"Slime Boss","ascension_level":1}}