{"host":"9k1ekd5e3lrdz5qp","time":1609716971,"event":{"mods":["Act Like it!","Bard","BaseMod","Beaked The Cultist","Better Altar","Better Skull","Better Third Choice","Conspire","Downfall","Elementarium","Hubris","Infinite Spire","Minty Spire (QoL Compilation)","Replay The Spire","StSLib"],"gold_per_floor":[99,112,212,212,231,231,231,243,258,288,306,306,306,323,341,341,341,341],"floor_reached":16,"playtime":872,"items_purged":[],"score":109,"play_id":"d35ae6fb-1e0b-4197-89c1-d30f863f446e","local_time":"20210103163611","is_ascension_mode":true,"campfire_choices":[{"data":"champ:Taunt","floor":1.0,"key":"SMITH"},{"data":"champ:ShieldWall","floor":6.0,"key":"SMITH"},{"data":"champ:ViciousMockery","floor":13,"key":"SMITH"}],"circlet_count":0,"master_deck":["champ:Strike","champ:Strike","champ:Strike","champ:Strike","champ:Defend","champ:Defend","champ:Defend","champ:Execute","champ:Taunt+1","champ:ShieldWall+1","champ:ArenaPreparation","champ:Circumvent+1","champ:GladiatorsShout","champ:EnGarde","champ:ViciousMockery+1","champ:Encircle+1"],"relics":["beaked:MawFillet","CloakClasp","Replay:Bottled Eggs","Molten Egg 2"],"acts_visited":["Exordium"],"potions_floor_usage":[],"damage_taken":[{"damage":5.0,"enemies":"2 Louse","floor":2.0,"turns":2.0},{"damage":52.0,"enemies":"2 Louse","floor":3.0,"turns":9.0},{"damage":25.0,"enemies":"Small Slimes","floor":5.0,"turns":3.0},{"damage":10.0,"enemies":"Cultist","floor":8.0,"turns":3.0},{"damage":12.0,"enemies":"Exordium Wildlife","floor":9.0,"turns":4.0},{"damage":18,"enemies":"Lagavulin","floor":10,"turns":5},{"damage":25,"enemies":"Lots of Slimes","floor":11,"turns":4},{"damage":13,"enemies":"Large Slime","floor":14,"turns":5},{"damage":33,"enemies":"2 Fungi Beasts","floor":15,"turns":3},{"damage":0,"enemies":"downfall:Watcher","floor":16,"turns":1}],"seed_played":"2539419785315080970","potions_obtained":[{"floor":3.0,"key":"PowerPotion"},{"floor":8.0,"key":"EssenceOfSteel"},{"floor":14,"key":"Strength Potion"}],"is_trial":false,"path_per_floor":["R","M","?","?","M","R","T","M","M","E","M","?","R","M","M","B"],"character_chosen":"THE_CHAMP","items_purchased":[],"campfire_rested":0,"item_purchase_floors":[],"current_hp_per_floor":[90,90,58,58,58,58,58,58,56,48,38,38,38,35,17,17,17,17],"gold":341,"neow_bonus":"BOSS_RELIC","is_daily":false,"chose_seed":false,"campfire_upgraded":3,"win_rate":0.0,"timestamp":1609716971,"path_taken":["R","M","?","?","?","R","T","M","M","E","M","?","R","?","M","BOSS"],"items_purchased_type":[],"build_version":"2020-12-22","purchased_purges":0,"victory":false,"max_hp_per_floor":[90,90,90,90,90,90,90,90,90,90,90,90,90,90,90,90,90,90],"card_choices":[{"not_picked":["champ:ViciousMockery","champ:DefensiveShout"],"picked":"champ:ShieldWall","floor":2.0},{"not_picked":["champ:GutPunch","champ:ViciousMockery"],"picked":"champ:Circumvent","floor":5.0},{"not_picked":["champ:BerserkersShout","champ:Haymaker"],"picked":"champ:GladiatorsShout","floor":8.0},{"not_picked":["champ:AdrenalArmor","champ:DefensiveShout","champ:LastStand"],"picked":"SKIP","floor":9.0},{"not_picked":["champ:GladiatorsShout","champ:FocusedBerserking"],"picked":"champ:EnGarde","floor":10},{"not_picked":["champ:FightOn","champ:GutPunch+1"],"picked":"champ:ViciousMockery","floor":11},{"not_picked":["champ:EndlessRage","champ:RageSigil","champ:PreciseThrust+1"],"picked":"SKIP","floor":14},{"not_picked":["champ:TornadoPunch+1","champ:BringItOn"],"picked":"champ:Encircle+1","floor":15}],"player_experience":1246030,"relics_obtained":[{"floor":3.0,"key":"CloakClasp"},{"floor":7.0,"key":"Replay:Bottled Eggs"},{"floor":10,"key":"Molten Egg 2"}],"event_choices":[{"damage_healed":0.0,"max_hp_gain":0.0,"max_hp_loss":0.0,"gold_gain":0.0,"cards_transformed":["champ:Defend"],"event_name":"Transmorgrifier","player_choice":"Transformed","floor":4.0,"gold_loss":0.0,"damage_taken":0.0,"cards_obtained":["champ:ArenaPreparation"]},{"cards_removed":["hexamod:Float"],"damage_healed":0,"gold_gain":0,"player_choice":"Took Card","damage_taken":0,"max_hp_gain":0,"max_hp_loss":0,"event_name":"NoteForYourself","floor":12,"gold_loss":0,"cards_obtained":["hexamod:Float"]}],"is_beta":false,"boss_relics":[],"items_purged_floors":[],"is_endless":false,"potions_floor_spawned":[3,8,14,15],"killed_by":"downfall:Watcher","ascension_level":1}}