{"host":"oy4pyvr762z5n0bb","time":1609695292,"event":{"mods":["AchievementEnabler","BaseMod","Colored Map","Colored Powertips","Googly Eyes","Key Reminder","Minty Spire (QoL Compilation)","Quick Restart","Relic Sorter","StSLib","SuperFastMode","Unceasing Turn Reminder","slay the spire mod where everything is the same but ironclad has a cowboy hat"],"gold_per_floor":[119,119,135,151,222,222,248,248,274,292,292,307,323,63,63,164,164,179,195,294,314,314,314,314],"floor_reached":23,"playtime":657,"items_purged":["Strike_P"],"score":222,"play_id":"20b28ada-a065-4cae-a5d0-41fd86b78041","local_time":"20210103093452","is_ascension_mode":true,"campfire_choices":[{"data":"Conclude","floor":6,"key":"SMITH"},{"floor":11,"key":"REST"},{"data":"Meditate","floor":15,"key":"SMITH"}],"circlet_count":0,"master_deck":["Strike_P","Strike_P","Strike_P+1","Defend_P","Defend_P+1","Defend_P","Defend_P","Eruption","Vigilance","Conclude+1","Study","Halt","SandsOfTime","FollowUp","FollowUp","Wireheading","FlurryOfBlows","Meditate+1","DevaForm","DeceiveReality","Evaluate","FlyingSleeves"],"relics":["PureWater","NeowsBlessing","Shuriken","Dream Catcher","Ancient Tea Set","Philosopher\u0027s Stone","Nloth\u0027s Gift"],"acts_visited":["Exordium","TheCity"],"potions_floor_usage":[7,16,16,23,23],"damage_taken":[{"damage":0,"enemies":"Jaw Worm","floor":1,"turns":1},{"damage":0,"enemies":"Small Slimes","floor":3,"turns":1},{"damage":0,"enemies":"2 Louse","floor":4,"turns":1},{"damage":21,"enemies":"Gremlin Nob","floor":7,"turns":4},{"damage":24,"enemies":"Exordium Thugs","floor":10,"turns":4},{"damage":0,"enemies":"3 Louse","floor":12,"turns":2},{"damage":2,"enemies":"Large Slime","floor":13,"turns":3},{"damage":19,"enemies":"Hexaghost","floor":16,"turns":9},{"damage":24,"enemies":"Spheric Guardian","floor":18,"turns":5},{"damage":16,"enemies":"Shell Parasite","floor":19,"turns":6},{"damage":26,"enemies":"Centurion and Healer","floor":21,"turns":8},{"damage":45,"enemies":"Snecko","floor":23,"turns":3}],"seed_played":"1899226740139790996","potions_obtained":[{"floor":3,"key":"SteroidPotion"},{"floor":10,"key":"SteroidPotion"},{"floor":12,"key":"Fruit Juice"},{"floor":13,"key":"Swift Potion"},{"floor":19,"key":"Energy Potion"},{"floor":21,"key":"Strength Potion"}],"is_trial":false,"path_per_floor":["M","?","M","M","T","R","E","?","T","M","R","M","M","$","R","B",null,"M","M","?","M","?","M"],"character_chosen":"WATCHER","items_purchased":["Meditate","Ancient Tea Set"],"campfire_rested":1,"item_purchase_floors":[14,14],"current_hp_per_floor":[72,77,77,77,77,77,56,41,41,17,40,40,38,38,38,24,82,58,42,42,16,16,0,0],"gold":314,"neow_bonus":"THREE_ENEMY_KILL","is_daily":false,"chose_seed":false,"campfire_upgraded":2,"win_rate":0.0,"timestamp":1609695292,"path_taken":["M","?","M","M","?","R","E","?","T","M","R","M","M","$","R","BOSS","M","M","?","M","?","?"],"items_purchased_type":["Card","Relic"],"build_version":"2020-12-22","purchased_purges":1,"victory":false,"max_hp_per_floor":[72,77,77,77,77,77,77,77,77,77,77,77,77,77,77,82,82,82,82,82,82,82,82,82],"card_choices":[{"not_picked":["Crescendo","Consecrate"],"picked":"Conclude","floor":1},{"not_picked":["ClearTheMind","EmptyFist"],"picked":"Study","floor":3},{"not_picked":["Adaptation","Study"],"picked":"Halt","floor":4},{"not_picked":["Prostrate","EmptyBody"],"picked":"SandsOfTime","floor":7},{"not_picked":["SashWhip","Protect"],"picked":"FollowUp","floor":10},{"not_picked":["SpiritShield","SashWhip"],"picked":"FollowUp","floor":11},{"not_picked":["Study","SignatureMove"],"picked":"Wireheading","floor":12},{"not_picked":["Meditate","TalkToTheHand"],"picked":"FlurryOfBlows","floor":13},{"not_picked":["Blasphemy","Ragnarok"],"picked":"DevaForm","floor":16},{"not_picked":["Collect+1","EmptyMind"],"picked":"DeceiveReality","floor":18},{"not_picked":["Halt","EmptyFist"],"picked":"Evaluate","floor":19},{"not_picked":["Worship","CrushJoints"],"picked":"FlyingSleeves","floor":21}],"player_experience":629603,"relics_obtained":[{"floor":5,"key":"Shuriken"},{"floor":7,"key":"StrikeDummy"},{"floor":9,"key":"Dream Catcher"}],"event_choices":[{"damage_healed":0,"gold_gain":0,"player_choice":"Donut","damage_taken":0,"max_hp_gain":5,"max_hp_loss":0,"event_name":"Big Fish","floor":2,"gold_loss":0},{"damage_healed":0,"gold_gain":0,"player_choice":"Entered Light","damage_taken":15,"max_hp_gain":0,"max_hp_loss":0,"event_name":"Shining Light","floor":8,"gold_loss":0,"cards_upgraded":["Strike_P","Defend_P"]},{"damage_healed":0,"gold_gain":99,"player_choice":"Stole From Cult","damage_taken":0,"max_hp_gain":0,"max_hp_loss":0,"event_name":"Nest","floor":20,"gold_loss":0},{"damage_healed":0,"gold_gain":0,"player_choice":"Traded Relic","damage_taken":0,"relics_obtained":["Nloth\u0027s Gift"],"max_hp_gain":0,"max_hp_loss":0,"event_name":"N\u0027loth","floor":22,"relics_lost":["StrikeDummy"],"gold_loss":0}],"is_beta":false,"boss_relics":[{"not_picked":["Velvet Choker","SlaversCollar"],"picked":"Philosopher\u0027s Stone"}],"items_purged_floors":[14],"is_endless":false,"potions_floor_spawned":[3,10,12,13,19,21],"killed_by":"Snecko","ascension_level":3}}