{"host":"novohdx135h0xyrr","time":1609699784,"event":{"mods":["BaseMod","Colored Map","Colored Powertips","Highlight Path","Minty Spire (QoL Compilation)"],"gold_per_floor":[109,109,129,148,148,148,161,161,161,178,209,226,256,270,270,367,367,387,387,404,86,98,130,149,183,183,183,193,193,193,204,204,301,301,314,332,349,360,280,290,290,305,305,305,305,305],"floor_reached":45,"playtime":3159,"items_purged":["Defend_R","Defend_R"],"score":568,"play_id":"18f9f737-a2ff-46de-a35a-bbb4f0e49b8e","local_time":"20210103104944","is_ascension_mode":true,"campfire_choices":[{"data":"Bash","floor":6,"key":"SMITH"},{"data":"Twin Strike","floor":8,"key":"SMITH"},{"floor":15,"key":"REST"},{"floor":27,"key":"REST"},{"data":"Limit Break","floor":29,"key":"SMITH"},{"floor":32,"key":"REST"},{"floor":41,"key":"REST"},{"floor":44,"key":"REST"}],"circlet_count":0,"master_deck":["Strike_R","Strike_R+1","Strike_R","Strike_R","Strike_R","Defend_R+1","Bash+1","Iron Wave+1","Spot Weakness+1","Twin Strike+1","Twin Strike","Perfected Strike","Flex+1","Iron Wave+1","Limit Break+1","Twin Strike","Inflame","Wild Strike","Whirlwind","Seeing Red","Pummel","Carnage+1","Flex+1","Double Tap","True Grit+1","Battle Trance","Wild Strike","Iron Wave"],"relics":["Burning Blood","Vajra","Whetstone","Kunai","MealTicket","Velvet Choker","War Paint","StrikeDummy","The Courier","Busted Crown","Paper Frog"],"acts_visited":["Exordium","TheCity","TheBeyond"],"potions_floor_usage":[11,11,23,25,25,31,33,38,40,42],"damage_taken":[{"damage":6,"enemies":"Cultist","floor":1,"turns":3},{"damage":0,"enemies":"Small Slimes","floor":3,"turns":4},{"damage":7,"enemies":"Jaw Worm","floor":4,"turns":3},{"damage":18,"enemies":"Lots of Slimes","floor":7,"turns":5},{"damage":6,"enemies":"Gremlin Gang","floor":10,"turns":4},{"damage":21,"enemies":"Lagavulin","floor":11,"turns":5},{"damage":9,"enemies":"2 Fungi Beasts","floor":12,"turns":2},{"damage":33,"enemies":"3 Sentries","floor":13,"turns":5},{"damage":10,"enemies":"3 Louse","floor":14,"turns":2},{"damage":8,"enemies":"Slime Boss","floor":16,"turns":8},{"damage":7,"enemies":"Shell Parasite","floor":18,"turns":4},{"damage":0,"enemies":"Spheric Guardian","floor":20,"turns":2},{"damage":13,"enemies":"Shelled Parasite and Fungi","floor":22,"turns":3},{"damage":25,"enemies":"Slavers","floor":23,"turns":5},{"damage":37,"enemies":"Snecko","floor":24,"turns":4},{"damage":22,"enemies":"Book of Stabbing","floor":25,"turns":3},{"damage":8,"enemies":"3 Cultists","floor":28,"turns":4},{"damage":27,"enemies":"Centurion and Healer","floor":31,"turns":3},{"damage":20,"enemies":"Automaton","floor":33,"turns":6},{"damage":9,"enemies":"Orb Walker","floor":35,"turns":2},{"damage":26,"enemies":"3 Darklings","floor":36,"turns":3},{"damage":40,"enemies":"4 Shapes","floor":37,"turns":4},{"damage":11,"enemies":"Spire Growth","floor":38,"turns":3},{"damage":31,"enemies":"Transient","floor":40,"turns":5},{"damage":15,"enemies":"Jaw Worm Horde","floor":42,"turns":3},{"damage":56,"enemies":"Reptomancer","floor":45,"turns":5}],"seed_played":"8874262896229400517","potions_obtained":[{"floor":3,"key":"SkillPotion"},{"floor":7,"key":"DuplicationPotion"},{"floor":11,"key":"GamblersBrew"},{"floor":14,"key":"BlessingOfTheForge"},{"floor":16,"key":"BloodPotion"},{"floor":22,"key":"AttackPotion"},{"floor":24,"key":"DuplicationPotion"},{"floor":25,"key":"SteroidPotion"},{"floor":28,"key":"SpeedPotion"},{"floor":31,"key":"ElixirPotion"},{"floor":35,"key":"SkillPotion"},{"floor":36,"key":"SpeedPotion"},{"floor":40,"key":"AttackPotion"}],"is_trial":false,"path_per_floor":["M","?","M","M","?","R","M","R","T","M","E","M","E","M","R","B",null,"M","?","M","$","M","E","M","E","T","R","M","R","?","M","R","B",null,"M","M","M","M","$","M","R","M","T","R","E"],"character_chosen":"IRONCLAD","items_purchased":["Inflame","Wild Strike","War Paint"],"campfire_rested":5,"item_purchase_floors":[21,21,21],"current_hp_per_floor":[80,80,80,79,79,79,67,67,67,67,52,49,22,18,42,40,80,79,79,80,80,73,54,23,23,23,47,45,45,45,24,48,34,80,77,57,23,18,33,8,32,23,23,47,0,0],"gold":305,"neow_bonus":"RANDOM_COMMON_RELIC","is_daily":false,"chose_seed":false,"campfire_upgraded":3,"win_rate":0.0,"timestamp":1609699784,"path_taken":["M","?","M","M","?","R","M","R","T","M","E","M","E","M","R","BOSS","M","?","?","$","M","E","M","E","T","R","M","R","?","M","R","BOSS","M","M","?","M","$","M","R","M","T","R","E"],"items_purchased_type":["Card","Card","Relic"],"build_version":"2020-12-22","purchased_purges":2,"victory":false,"max_hp_per_floor":[80,80,80,80,80,80,80,80,80,80,80,80,80,80,80,80,80,80,80,80,80,80,80,80,80,80,80,80,80,80,80,80,80,80,80,80,80,80,80,80,80,80,80,80,80,80],"card_choices":[{"not_picked":["Cleave","Combust"],"picked":"Iron Wave","floor":1},{"not_picked":["Carnage","Blood for Blood","Rupture"],"picked":"SKIP","floor":3},{"not_picked":["Anger","Iron Wave"],"picked":"Spot Weakness","floor":4},{"not_picked":["Sword Boomerang","Perfected Strike"],"picked":"Twin Strike","floor":7},{"not_picked":["Clash","Uppercut"],"picked":"Twin Strike","floor":10},{"not_picked":["Flame Barrier","Seeing Red"],"picked":"Perfected Strike","floor":11},{"not_picked":["True Grit","Combust"],"picked":"Flex","floor":12},{"not_picked":["Blood for Blood","Fire Breathing","Ghostly Armor"],"picked":"SKIP","floor":13},{"not_picked":["Feel No Pain","Armaments"],"picked":"Iron Wave","floor":14},{"not_picked":["Barricade","Offering"],"picked":"Limit Break","floor":16},{"not_picked":["Headbutt+1","Iron Wave"],"picked":"Twin Strike","floor":18},{"not_picked":["Uppercut","Clash+1","Rupture"],"picked":"SKIP","floor":20},{"not_picked":["Inflame","Combust"],"picked":"Whirlwind","floor":22},{"not_picked":["Rupture","Dropkick"],"picked":"Seeing Red","floor":23},{"not_picked":["Anger","Headbutt","Clash"],"picked":"SKIP","floor":24},{"not_picked":["Intimidate","Blood for Blood+1"],"picked":"Pummel","floor":25},{"not_picked":["Flex","Sword Boomerang"],"picked":"Carnage+1","floor":28},{"not_picked":["Thunderclap+1","Armaments+1"],"picked":"Flex+1","floor":31},{"not_picked":["Brutality","Reaper"],"picked":"Double Tap","floor":33},{"not_picked":["Sword Boomerang+1"],"picked":"SKIP","floor":35},{"not_picked":["Dark Embrace+1"],"picked":"SKIP","floor":36},{"not_picked":[],"picked":"True Grit+1","floor":37},{"not_picked":[],"picked":"Battle Trance","floor":38},{"not_picked":[],"picked":"Wild Strike","floor":40},{"not_picked":[],"picked":"Iron Wave","floor":42}],"player_experience":193269,"relics_obtained":[{"floor":9,"key":"Whetstone"},{"floor":11,"key":"Kunai"},{"floor":13,"key":"MealTicket"},{"floor":23,"key":"StrikeDummy"},{"floor":25,"key":"The Courier"},{"floor":43,"key":"Paper Frog"}],"event_choices":[{"damage_healed":0,"gold_gain":0,"player_choice":"Ignored","damage_taken":0,"max_hp_gain":0,"max_hp_loss":0,"event_name":"Liars Game","floor":2,"gold_loss":0},{"damage_healed":0,"gold_gain":0,"player_choice":"Upgraded","damage_taken":0,"max_hp_gain":0,"max_hp_loss":0,"event_name":"Upgrade Shrine","floor":5,"gold_loss":0,"cards_upgraded":["Spot Weakness"]},{"cards_removed":["Defend_R"],"damage_healed":0,"gold_gain":0,"player_choice":"Purged","damage_taken":0,"max_hp_gain":0,"max_hp_loss":0,"event_name":"Purifier","floor":19,"gold_loss":0},{"damage_healed":0,"gold_gain":0,"player_choice":"Upgraded","damage_taken":0,"max_hp_gain":0,"max_hp_loss":0,"event_name":"Upgrade Shrine","floor":30,"gold_loss":0,"cards_upgraded":["Iron Wave"]}],"is_beta":false,"boss_relics":[{"not_picked":["Philosopher\u0027s Stone","Tiny House"],"picked":"Velvet Choker"},{"not_picked":["Black Star","Sozu"],"picked":"Busted Crown"}],"items_purged_floors":[21,39],"is_endless":false,"potions_floor_spawned":[3,7,11,14,16,22,24,25,28,31,35,36,40],"killed_by":"Reptomancer","ascension_level":4}}