{"host":"yvlk1m4foro8gl4v","time":1609718185,"event":{"mods":["AchievementEnabler","Act Like it!","BaseMod","Minty Spire (QoL Compilation)","Relic Stats","StSLib","The Servant 0.9.4","Uncapped"],"gold_per_floor":[109,284,302,351,370,400,410,423,423,423,198,228,228,238,238,334,334,349,349,349],"floor_reached":19,"playtime":943,"items_purged":["Doubt"],"score":296,"play_id":"7c810871-f9fa-4805-820b-bcfb0b8d8c54","local_time":"20210103235625","is_ascension_mode":true,"campfire_choices":[{"data":"True Grit","floor":10,"key":"SMITH"},{"floor":13,"key":"REST"},{"data":"Shockwave","floor":15,"key":"SMITH"}],"circlet_count":0,"master_deck":["Strike_R","Strike_R","Strike_R","Strike_R","Strike_R","Defend_R","Defend_R","Defend_R","Defend_R","Bash","Body Slam","True Grit","Sword Boomerang","True Grit+1","Shockwave+1","Bludgeon","Berserk","Combust+1"],"relics":["Burning Blood","NeowsBlessing","PreservedInsect","Ancient Tea Set","Shuriken","TheAbacus","Darkstone Periapt","Runic Pyramid"],"acts_visited":["Exordium","TheCity"],"potions_floor_usage":[8,12,12,12,12,12],"damage_taken":[{"damage":0,"enemies":"2 Louse","floor":1,"turns":1},{"damage":0,"enemies":"Jaw Worm","floor":3,"turns":1},{"damage":0,"enemies":"Small Slimes","floor":5,"turns":1},{"damage":55,"enemies":"3 Sentries","floor":6,"turns":11},{"damage":17,"enemies":"Blue Slaver","floor":7,"turns":5},{"damage":15,"enemies":"2 Fungi Beasts","floor":8,"turns":3},{"damage":0,"enemies":"Lagavulin","floor":12,"turns":5},{"damage":11,"enemies":"Large Slime","floor":14,"turns":9},{"damage":35,"enemies":"The Guardian","floor":16,"turns":9},{"damage":5,"enemies":"Chosen","floor":18,"turns":5},{"damage":68,"enemies":"Masked Bandits","floor":19,"turns":3}],"seed_played":"-3831735356210457750","potions_obtained":[{"floor":1,"key":"Ancient Potion"},{"floor":3,"key":"EntropicBrew"},{"floor":7,"key":"Strength Potion"},{"floor":16,"key":"DuplicationPotion"}],"is_trial":false,"path_per_floor":["M","?","M","T","M","E","M","M","T","R","$","E","R","M","R","B",null,"M","?"],"character_chosen":"IRONCLAD","items_purchased":["TheAbacus"],"campfire_rested":1,"item_purchase_floors":[11],"current_hp_per_floor":[78,78,80,80,80,31,20,11,11,11,11,17,41,36,36,7,62,63,0,0],"gold":349,"neow_bonus":"THREE_ENEMY_KILL","is_daily":false,"chose_seed":false,"campfire_upgraded":2,"win_rate":0.0,"timestamp":1609718185,"path_taken":["M","?","M","?","M","E","M","M","T","R","$","E","R","M","R","BOSS","M","?"],"items_purchased_type":["Relic"],"build_version":"2020-12-22","purchased_purges":1,"victory":false,"max_hp_per_floor":[80,80,80,80,80,80,80,80,80,80,80,80,80,80,80,80,80,80,80,80],"relic_stats":{"Darkstone Periapt":0,"TheAbacus":[54],"counters":[11,53],"Shuriken":[3],"PreservedInsect":63,"obtain_stats":[{"Darkstone Periapt":12,"TheAbacus":11,"NeowsBlessing":0,"Shuriken":9,"PreservedInsect":4,"Ancient Tea Set":6,"Burning Blood":0,"Runic Pyramid":17},{"Darkstone Periapt":7,"TheAbacus":6,"NeowsBlessing":0,"Shuriken":6,"PreservedInsect":2,"Ancient Tea Set":4,"Burning Blood":0,"Runic Pyramid":9},{"Darkstone Periapt":27,"TheAbacus":22,"NeowsBlessing":0,"Shuriken":22,"PreservedInsect":2,"Ancient Tea Set":14,"Burning Blood":0,"Runic Pyramid":45}],"Burning Blood":50},"card_choices":[{"not_picked":["Wild Strike","Armaments"],"picked":"Body Slam","floor":1},{"not_picked":["True Grit","Pommel Strike","Carnage"],"picked":"SKIP","floor":3},{"not_picked":["Pommel Strike","Carnage"],"picked":"True Grit","floor":3},{"not_picked":["Rampage","Bloodletting"],"picked":"Sword Boomerang","floor":5},{"not_picked":["Searing Blow","Rupture"],"picked":"True Grit","floor":6},{"not_picked":["Perfected Strike","Heavy Blade","Thunderclap"],"picked":"SKIP","floor":7},{"not_picked":["Rage","Wild Strike"],"picked":"Shockwave","floor":8},{"not_picked":["Reckless Charge","Pummel","Bloodletting"],"picked":"SKIP","floor":12},{"not_picked":["Heavy Blade","Dark Embrace"],"picked":"Bludgeon","floor":14},{"not_picked":["Offering","Exhume"],"picked":"Berserk","floor":16},{"not_picked":["Sword Boomerang","Clothesline"],"picked":"Combust+1","floor":18}],"player_experience":713881,"relics_obtained":[{"floor":4,"key":"PreservedInsect"},{"floor":6,"key":"Ancient Tea Set"},{"floor":9,"key":"Shuriken"},{"floor":12,"key":"Darkstone Periapt"}],"event_choices":[{"damage_healed":0,"gold_gain":175,"player_choice":"AGREE","damage_taken":0,"max_hp_gain":0,"max_hp_loss":0,"event_name":"Liars Game","floor":2,"gold_loss":0,"cards_obtained":["Doubt"]},{"damage_healed":0,"gold_gain":0,"player_choice":"Fought Bandits","damage_taken":0,"max_hp_gain":0,"max_hp_loss":0,"event_name":"Masked Bandits","floor":19,"gold_loss":0}],"is_beta":false,"boss_relics":[{"not_picked":["Fusion Hammer","Sozu"],"picked":"Runic Pyramid"}],"items_purged_floors":[11],"is_endless":false,"potions_floor_spawned":[1,3,7,16],"killed_by":"Masked Bandits","ascension_level":9}}