{"host":"byaz8jpbcvk71eys","time":1609655789,"event":{"mods":["BaseMod","Minty Spire (QoL Compilation)","StSLib"],"gold_per_floor":[119,119,294,294,308,343,359,359,359,284,309,309,309,324,324,425,425,445,370,338,338,338,338,358,358,381,381,33,33,7,25,25,127,127,137,137,151,26,26,51,67,81,152,183,183,33,48,61,61,61],"floor_reached":51,"playtime":1268,"items_purged":["Strike_R","Strike_R","Strike_R+1","Strike_R+1"],"score":1052,"play_id":"74bb4bad-5b84-4de4-8172-8c3c670668be","local_time":"20210103143629","is_ascension_mode":true,"campfire_choices":[{"data":"Armaments","floor":8,"key":"SMITH"},{"data":"Body Slam","floor":13,"key":"SMITH"},{"data":"Flex","floor":15,"key":"SMITH"},{"data":"Barricade","floor":23,"key":"SMITH"},{"data":"RitualDagger","floor":27,"key":"SMITH"},{"data":"Shrug It Off","floor":32,"key":"SMITH"}],"circlet_count":0,"master_deck":["Defend_R+1","Defend_R+1","Defend_R+1","Defend_R+1","Bash+1","Body Slam+1","Flex+1","Armaments+1","Barricade+1","Shrug It Off+1","Shrug It Off+1","RitualDagger+1","Shrug It Off+1","Battle Trance+1","Body Slam+1","Body Slam+1","Battle Trance+1"],"relics":["Burning Blood","NeowsBlessing","Matryoshka","Toy Ornithopter","Singing Bowl","Odd Mushroom","Blue Candle","Sundial","Coffee Dripper","MutagenicStrength","Red Skull","Toxic Egg 2","Sozu","Calipers","Self Forming Clay","Pantograph"],"acts_visited":["Exordium","TheCity","TheBeyond"],"potions_floor_usage":[11,16,16,16,24,24],"damage_taken":[{"damage":0,"enemies":"Cultist","floor":1,"turns":1},{"damage":0,"enemies":"2 Louse","floor":5,"turns":1},{"damage":0,"enemies":"3 Sentries","floor":6,"turns":2},{"damage":7,"enemies":"Jaw Worm","floor":7,"turns":3},{"damage":24,"enemies":"The Mushroom Lair","floor":11,"turns":5},{"damage":8,"enemies":"Blue Slaver","floor":14,"turns":2},{"damage":37,"enemies":"Hexaghost","floor":16,"turns":6},{"damage":36,"enemies":"Spheric Guardian","floor":18,"turns":7},{"damage":29,"enemies":"2 Thieves","floor":20,"turns":5},{"damage":7,"enemies":"Snake Plant","floor":24,"turns":4},{"damage":14,"enemies":"Centurion and Healer","floor":31,"turns":7},{"damage":0,"enemies":"Automaton","floor":33,"turns":8},{"damage":0,"enemies":"3 Darklings","floor":35,"turns":5},{"damage":3,"enemies":"Orb Walker","floor":37,"turns":3},{"damage":7,"enemies":"Reptomancer","floor":40,"turns":6},{"damage":0,"enemies":"Spire Growth","floor":41,"turns":3},{"damage":11,"enemies":"Writhing Mass","floor":42,"turns":4},{"damage":0,"enemies":"Giant Head","floor":44,"turns":4},{"damage":0,"enemies":"Sphere and 2 Shapes","floor":47,"turns":3},{"damage":0,"enemies":"Transient","floor":48,"turns":5},{"damage":0,"enemies":"Donu and Deca","floor":50,"turns":7}],"seed_played":"2308972994196930649","potions_obtained":[{"floor":1,"key":"CultistPotion"},{"floor":5,"key":"CultistPotion"},{"floor":7,"key":"Energy Potion"},{"floor":14,"key":"ColorlessPotion"},{"floor":18,"key":"Dexterity Potion"},{"floor":20,"key":"Dexterity Potion"}],"is_trial":false,"path_per_floor":["M","?","?","?","M","E","M","R","T","$","?","T","R","M","R","B",null,"M","?","M","?","?","R","M","?","T","R","$","?","$","M","R","B",null,"M","?","M","$","?","E","M","M","T","E","R","$","M","M","R","B",null],"character_chosen":"IRONCLAD","items_purchased":["Toxic Egg 2","Shrug It Off+1"],"campfire_rested":0,"item_purchase_floors":[28,30],"current_hp_per_floor":[80,80,80,80,80,80,79,79,79,79,64,64,64,64,64,48,84,56,56,33,33,33,33,42,36,36,36,36,36,36,30,30,38,90,90,90,90,90,90,91,92,89,89,96,96,96,98,98,98,98],"gold":61,"neow_bonus":"THREE_ENEMY_KILL","is_daily":false,"chose_seed":false,"campfire_upgraded":6,"win_rate":0.0,"timestamp":1609655789,"path_taken":["M","?","?","?","M","E","?","R","T","$","?","?","R","M","R","BOSS","M","?","M","?","?","R","M","?","T","R","$","?","$","M","R","BOSS","M","?","?","$","?","E","M","?","T","E","R","?","M","M","R","BOSS"],"items_purchased_type":["Relic","Card"],"build_version":"2020-12-22","purchased_purges":4,"victory":true,"max_hp_per_floor":[80,80,80,80,80,80,80,80,80,80,82,82,82,84,84,84,84,86,86,86,86,86,86,86,86,86,86,86,86,86,88,88,90,90,90,90,90,90,90,92,92,94,94,96,96,96,98,98,98,98],"card_choices":[{"not_picked":["Feel No Pain","Iron Wave"],"picked":"Body Slam","floor":1},{"not_picked":["Twin Strike","Perfected Strike"],"picked":"Flex","floor":5},{"not_picked":["Sword Boomerang","Wild Strike","Sever Soul"],"picked":"SKIP","floor":6},{"not_picked":["Perfected Strike","Clash"],"picked":"Armaments","floor":7},{"not_picked":["Clash","Pummel","Shrug It Off"],"picked":"Singing Bowl","floor":11},{"not_picked":["Uppercut","Sword Boomerang","Anger"],"picked":"Singing Bowl","floor":14},{"not_picked":["Berserk","Bludgeon"],"picked":"Barricade","floor":16},{"not_picked":["Searing Blow","Thunderclap","Twin Strike"],"picked":"Singing Bowl","floor":18},{"not_picked":["Perfected Strike","Intimidate"],"picked":"Shrug It Off+1","floor":20},{"not_picked":["Body Slam","Second Wind"],"picked":"Shrug It Off","floor":24},{"not_picked":["Ghostly Armor+1","Flex+1","Cleave"],"picked":"Singing Bowl","floor":31},{"not_picked":["Feed","Barricade","Exhume+1"],"picked":"Singing Bowl","floor":33},{"not_picked":["Rampage+1","Perfected Strike"],"picked":"Battle Trance+1","floor":35},{"not_picked":["Second Wind+1","Pommel Strike+1"],"picked":"Body Slam+1","floor":37},{"not_picked":["Sentinel+1","Rupture+1","Pommel Strike+1"],"picked":"Singing Bowl","floor":40},{"not_picked":["Second Wind+1","Twin Strike+1"],"picked":"Body Slam+1","floor":41},{"not_picked":["Bludgeon","Seeing Red+1","Whirlwind"],"picked":"Singing Bowl","floor":42},{"not_picked":["Clash+1","True Grit+1","Heavy Blade"],"picked":"Singing Bowl","floor":44},{"not_picked":["Thunderclap+1","Clash","Flex+1"],"picked":"Singing Bowl","floor":47},{"not_picked":["Rampage","Havoc+1"],"picked":"Battle Trance+1","floor":48}],"player_experience":39741,"relics_obtained":[{"floor":6,"key":"Matryoshka"},{"floor":9,"key":"Toy Ornithopter"},{"floor":9,"key":"Singing Bowl"},{"floor":11,"key":"Odd Mushroom"},{"floor":12,"key":"Blue Candle"},{"floor":12,"key":"Sundial"},{"floor":26,"key":"Red Skull"},{"floor":40,"key":"Calipers"},{"floor":43,"key":"Self Forming Clay"},{"floor":44,"key":"Pantograph"}],"event_choices":[{"damage_healed":0,"gold_gain":0,"player_choice":"Grow","damage_taken":0,"max_hp_gain":0,"max_hp_loss":0,"event_name":"Living Wall","floor":2,"gold_loss":0,"cards_upgraded":["Bash"]},{"damage_healed":0,"gold_gain":175,"player_choice":"AGREE","damage_taken":0,"max_hp_gain":0,"max_hp_loss":0,"event_name":"Liars Game","floor":3,"gold_loss":0,"cards_obtained":["Doubt"]},{"cards_removed":["Doubt"],"damage_healed":0,"gold_gain":0,"player_choice":"Removed Curses","damage_taken":0,"max_hp_gain":0,"max_hp_loss":0,"event_name":"Fountain of Cleansing","floor":4,"gold_loss":0},{"damage_healed":0,"gold_gain":0,"player_choice":"Fought Mushrooms","damage_taken":0,"max_hp_gain":0,"max_hp_loss":0,"event_name":"Mushrooms","floor":11,"gold_loss":0},{"cards_removed":["Strike_R"],"damage_healed":0,"gold_gain":0,"player_choice":"Gave Gold","damage_taken":0,"max_hp_gain":0,"max_hp_loss":0,"event_name":"Beggar","floor":19,"gold_loss":75},{"damage_healed":0,"gold_gain":0,"player_choice":"Ignored","damage_taken":0,"max_hp_gain":0,"max_hp_loss":0,"event_name":"Vampires","floor":21,"gold_loss":0},{"damage_healed":0,"gold_gain":0,"player_choice":"Inject Mutagens","damage_taken":0,"relics_obtained":["MutagenicStrength"],"max_hp_gain":0,"max_hp_loss":0,"event_name":"Drug Dealer","floor":22,"gold_loss":0},{"damage_healed":0,"gold_gain":0,"player_choice":"Joined the Cult","damage_taken":6,"max_hp_gain":0,"max_hp_loss":0,"event_name":"Nest","floor":25,"gold_loss":0,"cards_obtained":["RitualDagger"]},{"damage_healed":0,"gold_gain":0,"player_choice":"Simplicity","damage_taken":0,"max_hp_gain":0,"max_hp_loss":0,"event_name":"Back to Basics","floor":29,"gold_loss":0,"cards_upgraded":["Strike_R","Strike_R","Defend_R","Defend_R","Defend_R","Defend_R"]},{"damage_healed":0,"gold_gain":0,"player_choice":"Full Heal","damage_taken":0,"max_hp_gain":0,"max_hp_loss":0,"event_name":"Wheel of Change","floor":36,"gold_loss":0},{"damage_healed":0,"gold_gain":0,"player_choice":"Got Potions","damage_taken":0,"max_hp_gain":0,"max_hp_loss":0,"event_name":"Lab","floor":39,"gold_loss":0}],"is_beta":false,"boss_relics":[{"not_picked":["Runic Pyramid","Tiny House"],"picked":"Coffee Dripper"},{"not_picked":["Snecko Eye","Philosopher\u0027s Stone"],"picked":"Sozu"}],"items_purged_floors":[10,28,38,46],"is_endless":false,"potions_floor_spawned":[1,5,7,14,18,20,35,41,42],"ascension_level":3}}