{"host":"36ls4ricihodphgx","time":1609713792,"event":{"mods":["AchievementEnabler","BaseMod","Colored Map","Downfall","Hermit","HololiveMod","Marisa????????","Minty Spire (QoL Compilation)","Replay The Spire","Shop Mod","StSLib","SuperFastMode","The Animator","The Bug Knight","The Cursed","The Servant 0.9.4"],"gold_per_floor":[15,15,28,42,342,342,373,373,373,373,373,388,404,404,404,501,501,520,520,795,400,412,262,279,294,294,314,314,348,348,358,358,455,455,466,466,479,489,503,148,168,168,191,191,0,0,0,15,15,15],"floor_reached":51,"playtime":1627,"items_purged":["Regret","Parasite"],"score":819,"play_id":"ee589415-177e-4abd-b2bc-f24120a790d2","local_time":"20210103154312","is_ascension_mode":false,"campfire_choices":[{"data":"ReplayTheSpireMod:LeadingStrike","floor":6,"key":"SMITH"},{"floor":8,"key":"REST"},{"data":"Bash","floor":11,"key":"SMITH"},{"data":"Flex","floor":15,"key":"SMITH"},{"data":"Offering","floor":28,"key":"SMITH"},{"data":"Immolate","floor":30,"key":"SMITH"},{"floor":32,"key":"REST"},{"floor":42,"key":"REST"},{"data":"Armaments","floor":44,"key":"SMITH"},{"data":"Evolve","floor":46,"key":"SMITH"},{"data":"Fiend Fire","floor":49,"key":"SMITH"}],"circlet_count":0,"master_deck":["Strike_R","Strike_R","Strike_R","Defend_R","Defend_R","Defend_R","Bash+1","ReplayTheSpireMod:LeadingStrike+1","Thunderclap","Armaments+1","ReplayTheSpireMod:Strike From Hell","Offering+1","Flex+1","Intimidate","Rage","Immolate+1","Evolve+1","Second Wind+1","Reckless Charge","Power Through+1","Wild Strike","Dropkick+1","Fiend Fire+1"],"relics":["Burning Blood","Old Coin","Ancient Tea Set","ReplayTheSpireMod:Ninjato","CultistMask","Electric Blood","Pear","Lee\u0027s Waffle","Pantograph","Calipers","Runic Cube","Shuriken","Juzu Bracelet","Red Mask"],"acts_visited":["Exordium","TheCity","TheBeyond"],"potions_floor_usage":[7,16,29],"damage_taken":[{"damage":5,"enemies":"Jaw Worm","floor":1,"turns":4},{"damage":10,"enemies":"Cultist","floor":3,"turns":4},{"damage":7,"enemies":"Small Slimes","floor":4,"turns":3},{"damage":56,"enemies":"3 Sentries","floor":7,"turns":11},{"damage":6,"enemies":"Looter","floor":12,"turns":2},{"damage":15,"enemies":"Exordium Thugs","floor":13,"turns":3},{"damage":57,"enemies":"Hexaghost","floor":16,"turns":11},{"damage":15,"enemies":"Shell Parasite","floor":18,"turns":4},{"damage":26,"enemies":"2 Thieves","floor":22,"turns":3},{"damage":13,"enemies":"Snake Plant","floor":24,"turns":3},{"damage":15,"enemies":"3 Cultists","floor":25,"turns":4},{"damage":15,"enemies":"Centurion and Healer","floor":27,"turns":4},{"damage":25,"enemies":"Slavers","floor":29,"turns":3},{"damage":16,"enemies":"Snecko","floor":31,"turns":4},{"damage":80,"enemies":"Automaton","floor":33,"turns":9},{"damage":11,"enemies":"3 Darklings","floor":35,"turns":1},{"damage":11,"enemies":"Orb Walker","floor":37,"turns":1},{"damage":23,"enemies":"3 Darklings","floor":38,"turns":5},{"damage":17,"enemies":"Jaw Worm Horde","floor":39,"turns":2},{"damage":24,"enemies":"Transient","floor":41,"turns":5},{"damage":11,"enemies":"3 Darklings","floor":48,"turns":1},{"damage":72,"enemies":"Time Eater","floor":50,"turns":7}],"seed_played":"-1171431333820343874","potions_obtained":[{"floor":4,"key":"Flashbang"},{"floor":7,"key":"Block Potion"},{"floor":13,"key":"ElixirPotion"},{"floor":22,"key":"SpeedPotion"},{"floor":25,"key":"LiquidMemories"},{"floor":33,"key":"Elixir"}],"is_trial":false,"path_per_floor":["M","?","M","M","T","R","E","R","T","?","R","M","M","?","R","B",null,"M","?","?","$","M","$","M","M","T","M","R","E","R","M","R","B",null,"M","?","M","M","M","$","M","R","T","R","?","R","$","M","R","B",null],"character_chosen":"IRONCLAD","items_purchased":["Evolve","Pear","Lee\u0027s Waffle","Shuriken"],"campfire_rested":3,"item_purchase_floors":[21,21,23,40],"current_hp_per_floor":[80,80,76,75,75,75,25,49,49,69,69,69,60,60,60,9,80,71,71,71,81,61,97,90,81,81,72,72,53,53,43,72,23,97,92,107,102,85,74,74,56,87,87,87,87,87,87,82,82,38],"gold":15,"neow_bonus":"TRANSFORM_TWO_CARDS","is_daily":false,"chose_seed":false,"campfire_upgraded":8,"win_rate":0.0,"timestamp":1609713792,"path_taken":["M","?","?","?","?","R","E","R","T","?","R","M","M","?","R","BOSS","M","?","?","$","M","$","?","M","T","?","R","E","R","M","R","BOSS","M","?","?","M","?","$","M","R","T","R","?","R","$","M","R","BOSS"],"items_purchased_type":["Card","Relic","Relic","Relic"],"build_version":"2020-12-22","purchased_purges":2,"victory":true,"max_hp_per_floor":[80,80,80,80,80,80,80,80,80,80,80,80,80,80,80,80,80,80,80,80,90,90,97,97,97,97,97,97,97,97,97,97,97,97,97,107,107,107,107,104,104,104,104,104,104,104,104,104,104,104],"card_choices":[{"not_picked":["Uppercut","Sword Boomerang"],"picked":"Armaments","floor":1},{"not_picked":["Run Through","Clothesline"],"picked":"ReplayTheSpireMod:Strike From Hell","floor":3},{"not_picked":["Iron Wave","Disarm"],"picked":"Offering","floor":4},{"not_picked":["Headbutt","Blood for Blood"],"picked":"Flex","floor":7},{"not_picked":["Anger","Clothesline"],"picked":"Intimidate","floor":12},{"not_picked":["Armaments","Hemokinesis"],"picked":"Rage","floor":13},{"not_picked":["Replay:Many Hands","Berserk"],"picked":"Immolate","floor":16},{"not_picked":["Pommel Strike","Thunderclap","Sword Boomerang"],"picked":"SKIP","floor":18},{"not_picked":["Intimidate","Battle Trance","Body Slam"],"picked":"SKIP","floor":22},{"not_picked":["Sword Boomerang","Flex"],"picked":"Second Wind+1","floor":24},{"not_picked":["ReplayTheSpireMod:Stacked","Rampage","Pommel Strike+1"],"picked":"SKIP","floor":25},{"not_picked":["ReplayTheSpireMod:Strike From Hell","ReplayTheSpireMod:Limb From Limb+1","Battle Trance+1"],"picked":"SKIP","floor":27},{"not_picked":["ReplayTheSpireMod:Strike From Hell+1","Carnage"],"picked":"Reckless Charge","floor":29},{"not_picked":["Massacre","Warcry","Replay:Undeath\u0027s Touch"],"picked":"SKIP","floor":31},{"not_picked":["Replay:Many Hands","Barricade"],"picked":"Demon Form","floor":33},{"not_picked":["Twin Strike","Second Wind+1"],"picked":"Power Through+1","floor":35},{"not_picked":["Warcry","ReplayTheSpireMod:Stacked+1","Anger+1"],"picked":"SKIP","floor":37},{"not_picked":["Run Through","Twin Strike"],"picked":"Wild Strike","floor":38},{"not_picked":["Sword Boomerang","Heavy Blade"],"picked":"Dropkick+1","floor":39},{"not_picked":["Sword Boomerang","Headbutt","True Grit"],"picked":"SKIP","floor":41},{"not_picked":["Abandon+1","True Grit+1"],"picked":"Fiend Fire","floor":48}],"player_experience":44109,"relics_obtained":[{"floor":5,"key":"Old Coin"},{"floor":7,"key":"Ancient Tea Set"},{"floor":9,"key":"ReplayTheSpireMod:Ninjato"},{"floor":26,"key":"Pantograph"},{"floor":29,"key":"Calipers"},{"floor":43,"key":"Juzu Bracelet"}],"event_choices":[{"cards_removed":["Strike_R"],"damage_healed":0,"gold_gain":0,"player_choice":"Purged","damage_taken":0,"max_hp_gain":0,"max_hp_loss":0,"event_name":"Purifier","floor":2,"gold_loss":0},{"damage_healed":20,"gold_gain":0,"player_choice":"Healed and dodged fight","damage_taken":0,"max_hp_gain":0,"max_hp_loss":0,"event_name":"Mushrooms","floor":10,"gold_loss":0,"cards_obtained":["Parasite"]},{"damage_healed":0,"gold_gain":0,"player_choice":"Trade","damage_taken":0,"relics_obtained":["CultistMask"],"max_hp_gain":0,"max_hp_loss":0,"event_name":"FaceTrader","floor":14,"gold_loss":0},{"damage_healed":0,"gold_gain":0,"player_choice":"Ignored","damage_taken":0,"max_hp_gain":0,"max_hp_loss":0,"event_name":"Ghosts","floor":19,"gold_loss":0},{"damage_healed":0,"gold_gain":275,"player_choice":"Desecrate","damage_taken":0,"max_hp_gain":0,"max_hp_loss":0,"event_name":"Golden Shrine","floor":20,"gold_loss":0,"cards_obtained":["Regret"]},{"cards_removed":["Demon Form"],"damage_healed":5,"gold_gain":0,"player_choice":"Offered Rare","damage_taken":0,"max_hp_gain":10,"max_hp_loss":0,"event_name":"Bonfire Elementals","floor":36,"gold_loss":0},{"damage_healed":0,"gold_gain":0,"player_choice":"Paid","damage_taken":0,"relics_obtained":["Red Mask"],"max_hp_gain":0,"max_hp_loss":0,"event_name":"Tomb of Lord Red Mask","floor":45,"gold_loss":191}],"is_beta":false,"boss_relics":[{"not_picked":["Runic Pyramid","Tiny House"],"picked":"Electric Blood"},{"not_picked":["Astrolabe","Sozu"],"picked":"Runic Cube"}],"items_purged_floors":[21,40],"is_endless":false,"potions_floor_spawned":[4,7,13,22,25,27,33,39,48],"ascension_level":0}}