{"host":"kev6uqotw4tlyx8l","time":1609645736,"event":{"mods":["Act Like it!","Aspiration","BaseMod","Colored Powertips","Dota2Spire","Downfall","Hallownest","Infinite Spire","Marisa????????","Minty Spire (QoL Compilation)","Quick Restart","Remilia??????","Replay The Spire","StSLib","The Cursed","The Jungle","The Marked","The Mystic","The Servant 0.9.4"],"gold_per_floor":[118,172,7,57,76,104,76,76,126,151,163,175,42,66,66,66,66],"floor_reached":16,"playtime":271,"items_purged":[],"score":148,"play_id":"83be3d7f-581f-4445-98f7-254a329a9f3a","local_time":"20210103104856","is_ascension_mode":true,"campfire_choices":[{"data":"infinitespire:OneForAll","floor":8,"key":"SMITH"},{"data":"Defy Death","floor":11,"key":"SMITH"},{"data":"Blood for Blood","floor":15,"key":"SMITH"}],"circlet_count":0,"master_deck":["Strike_R","Strike_R","Strike_R","Strike_R","Strike_R","Defend_R","Defend_R","Defend_R","Defend_R","Bash","Uppercut","infinitespire:OneForAll+1","Blind","Looming Evil","Sword Boomerang","Defy Death+1","Dropkick","Slimebound:Icky","Blood for Blood+1","Injury","Cleave"],"relics":["Burning Blood","NeowsBlessing","Ring of Panic","Ring of Greed","MealTicket","Blue Doll","aspiration:FetidBarrel","MawBank","Golden Idol","Dota2Spire:EchoSabre"],"acts_visited":["Exordium"],"potions_floor_usage":[],"damage_taken":[{"damage":0,"enemies":"Small Slimes","floor":1,"turns":1},{"damage":0,"enemies":"2 Louse","floor":5,"turns":1},{"damage":0,"enemies":"3 Sentries","floor":6,"turns":2},{"damage":12,"enemies":"Jaw Worm","floor":10,"turns":4},{"damage":8,"enemies":"3 Louse","floor":14,"turns":4},{"damage":49,"enemies":"Hexaghost","floor":16,"turns":6}],"seed_played":"-190564311047979668","potions_obtained":[{"floor":1,"key":"champ:CounterPotion"},{"floor":6,"key":"Guardian:BlockOnCardUsePotion"}],"is_trial":false,"path_per_floor":["M","?","$","?","M","E","$","R","T","M","R","?","$","M","R","B"],"character_chosen":"IRONCLAD","items_purchased":["infinitespire:OneForAll","Blind","Dropkick","Dota2Spire:EchoSabre"],"campfire_rested":0,"item_purchase_floors":[3,3,7,13],"current_hp_per_floor":[80,80,80,80,80,80,80,80,80,74,74,74,80,78,78,29,29],"gold":66,"neow_bonus":"THREE_ENEMY_KILL","is_daily":false,"chose_seed":false,"campfire_upgraded":3,"win_rate":0.0,"timestamp":1609645736,"path_taken":["M","?","$","?","M","E","?","R","T","M","R","?","?","?","R","BOSS"],"items_purchased_type":["Card","Card","Card","Relic"],"build_version":"2020-12-22","purchased_purges":0,"victory":false,"max_hp_per_floor":[80,80,80,80,80,80,80,80,80,80,80,80,80,80,80,80,80],"card_choices":[{"not_picked":["Whirlwind","Flex"],"picked":"Uppercut","floor":1},{"not_picked":["ReplayTheSpireMod:Stacked","Armaments"],"picked":"Sword Boomerang","floor":5},{"not_picked":["Barricade","Entrench"],"picked":"Defy Death","floor":6},{"not_picked":["Havoc","Bloodletting"],"picked":"Blood for Blood","floor":10},{"not_picked":["Dark Embrace","Shrug It Off"],"picked":"Cleave","floor":14}],"player_experience":74664,"relics_obtained":[{"floor":4,"key":"Ring of Panic"},{"floor":4,"key":"Ring of Greed"},{"floor":4,"key":"MealTicket"},{"floor":4,"key":"Blue Doll"},{"floor":6,"key":"aspiration:FetidBarrel"},{"floor":9,"key":"MawBank"}],"event_choices":[{"damage_healed":0,"gold_gain":54,"player_choice":"Gained Gold","damage_taken":0,"max_hp_gain":0,"max_hp_loss":0,"event_name":"Golden Wing","floor":2,"gold_loss":0},{"damage_healed":0,"gold_gain":0,"player_choice":"Take Wound","damage_taken":0,"relics_obtained":["Golden Idol"],"max_hp_gain":0,"max_hp_loss":0,"event_name":"Golden Idol","floor":12,"gold_loss":0,"cards_obtained":["Injury"]}],"is_beta":false,"boss_relics":[],"items_purged_floors":[],"is_endless":false,"potions_floor_spawned":[1,6],"killed_by":"Hexaghost","ascension_level":4}}