{"host":"oiai0qxasotny765","time":1609674037,"event":{"mods":["2.2 Compatiblity","AchievementEnabler","BaseMod","Colored Map","Minty Spire (QoL Compilation)","Permanent Neow","Relic Stats","StSLib","SuperFastMode","everything is the same but u backflip on backflip"],"gold_per_floor":[362,33,33,52,52,52,86,86,86,100,25,25,25,63,63,191,191,212,212,256,272,100,100,136,136,136,11,11,52,71,84,84,212,212,225,241,57,81,96,130,130,153,180,204,204,245,266,286,286,286],"floor_reached":51,"playtime":1950,"items_purged":["Strike_R","Bash","Strike_R"],"score":1363,"play_id":"1f5b406c-91ce-439f-8700-3fb2d650206a","local_time":"20210103204037","is_ascension_mode":true,"campfire_choices":[{"data":"Carnage","floor":6.0,"key":"SMITH"},{"data":"Burning Pact","floor":8.0,"key":"SMITH"},{"floor":13.0,"key":"REST"},{"data":"Fire Breathing","floor":15.0,"key":"SMITH"},{"data":"Uppercut","floor":23,"key":"SMITH"},{"data":"Body Slam","floor":25,"key":"SMITH"},{"data":"Offering","floor":32,"key":"SMITH"},{"data":"Offering","floor":41,"key":"SMITH"},{"floor":45,"key":"REST"},{"data":"Juggernaut","floor":49,"key":"SMITH"}],"circlet_count":0,"master_deck":["AscendersBane","Strike_R","Defend_R","Defend_R+1","Defend_R+1","Defend_R","Shame","Carnage+1","Power Through","Burning Pact+1","Reaper","Fire Breathing+1","Second Wind","Offering+1","Pommel Strike","Uppercut+1","Body Slam+1","Offering+1","Fiend Fire","Battle Trance","Exhume","CurseOfTheBell","Sentinel","Feel No Pain","Feel No Pain","Juggernaut+1","Disarm","True Grit+1"],"relics":["Burning Blood","Bird Faced Urn","Vajra","Blue Candle","Golden Idol","Charon\u0027s Ashes","SacredBark","Red Mask","Pantograph","Lantern","Ginger","Calling Bell","War Paint","Matryoshka","Lizard Tail","Orrery","Sundial","Potion Belt","Toy Ornithopter","Singing Bowl"],"acts_visited":["Exordium","TheCity","TheBeyond"],"potions_floor_usage":[16,16,33,44,50,50,50],"damage_taken":[{"damage":16.0,"enemies":"2 Louse","floor":1.0,"turns":3.0},{"damage":7.0,"enemies":"Jaw Worm","floor":4.0,"turns":2.0},{"damage":52.0,"enemies":"3 Sentries","floor":7.0,"turns":13.0},{"damage":14.0,"enemies":"Small Slimes","floor":10.0,"turns":3.0},{"damage":34.0,"enemies":"Gremlin Nob","floor":14.0,"turns":5.0},{"damage":17,"enemies":"Hexaghost","floor":16,"turns":8},{"damage":6,"enemies":"Chosen","floor":18,"turns":4},{"damage":10,"enemies":"Masked Bandits","floor":20,"turns":3},{"damage":6,"enemies":"Spheric Guardian","floor":21,"turns":3},{"damage":35,"enemies":"Slavers","floor":24,"turns":3},{"damage":14,"enemies":"Gremlin Leader","floor":29,"turns":4},{"damage":34,"enemies":"Snecko","floor":30,"turns":5},{"damage":9,"enemies":"Snake Plant","floor":31,"turns":2},{"damage":37,"enemies":"Automaton","floor":33,"turns":6},{"damage":6,"enemies":"Orb Walker","floor":35,"turns":1},{"damage":19,"enemies":"3 Darklings","floor":36,"turns":3},{"damage":32,"enemies":"Transient","floor":38,"turns":5},{"damage":32,"enemies":"Sphere and 2 Shapes","floor":39,"turns":4},{"damage":18,"enemies":"Reptomancer","floor":40,"turns":2},{"damage":18,"enemies":"Maw","floor":42,"turns":3},{"damage":57,"enemies":"Transient","floor":44,"turns":5},{"damage":24,"enemies":"Giant Head","floor":46,"turns":5},{"damage":12,"enemies":"Sphere and 2 Shapes","floor":47,"turns":3},{"damage":18,"enemies":"4 Shapes","floor":48,"turns":1},{"damage":18,"enemies":"Donu and Deca","floor":50,"turns":4}],"seed_played":"8788942959809579729","potions_obtained":[{"floor":1.0,"key":"Swift Potion"},{"floor":7.0,"key":"Strength Potion"},{"floor":14.0,"key":"BlessingOfTheForge"},{"floor":18,"key":"BloodPotion"},{"floor":31,"key":"AttackPotion"},{"floor":33,"key":"HeartOfIron"},{"floor":46,"key":"Block Potion"},{"floor":48,"key":"ColorlessPotion"}],"is_trial":false,"path_per_floor":["M","$","?","M","?","R","E","R","T","M","$","?","R","E","R","B",null,"M","?","?","M","$","R","E","R","T","$","?","E","M","M","R","B",null,"M","M","$","M","M","E","R","M","T","M","R","E","M","M","R","B",null],"character_chosen":"IRONCLAD","items_purchased":["Power Through","Bird Faced Urn","Uppercut","Feel No Pain","Orrery"],"campfire_rested":2,"item_purchase_floors":[2,2,22,37,37],"current_hp_per_floor":[62,62,55,54,54,54,20,20,20,24,24,24,46,20,20,11,58,65,65,74,74,74,74,55,55,55,55,55,64,43,42,42,43,66,66,65,65,52,37,41,41,40,40,36,58,60,69,65,65,76],"gold":286,"neow_bonus":"TWO_FIFTY_GOLD","is_daily":false,"chose_seed":false,"campfire_upgraded":8,"win_rate":0.0,"timestamp":1609674037,"path_taken":["M","$","?","M","?","R","E","R","T","M","?","?","R","E","R","BOSS","M","?","?","M","$","R","E","R","T","$","?","E","?","M","R","BOSS","M","M","$","M","M","E","R","M","T","M","R","E","M","M","R","BOSS"],"items_purchased_type":["Card","Relic","Card","Card","Relic"],"build_version":"2020-12-22","purchased_purges":3,"victory":true,"max_hp_per_floor":[80,80,80,80,80,80,80,80,80,80,80,74,74,74,74,74,74,74,74,74,74,74,74,74,74,74,74,74,74,74,74,74,74,74,74,74,74,74,74,74,74,74,74,74,74,76,78,80,80,80],"relic_stats":{"Singing Bowl":6,"counters":[25,100],"Golden Idol":169,"Blue Candle":[1],"Charon\u0027s Ashes":[943],"Ginger":[5],"War Paint":["Defend_R","Defend_R"],"Burning Blood":144,"Lizard Tail":0,"Sundial":[6],"Bird Faced Urn":[78],"Pantograph":40,"obtain_stats":[{"Potion Belt":43,"Lantern":26,"Singing Bowl":46,"Golden Idol":12,"Blue Candle":9,"SacredBark":17,"Vajra":7,"Charon\u0027s Ashes":14,"Ginger":29,"War Paint":34,"Burning Blood":0,"Calling Bell":34,"Lizard Tail":34,"Matryoshka":34,"Sundial":40,"Bird Faced Urn":2,"Pantograph":24,"Orrery":37,"Red Mask":20,"Toy Ornithopter":43},{"Potion Belt":20,"Lantern":10,"Singing Bowl":22,"Golden Idol":4,"Blue Candle":3,"SacredBark":6,"Vajra":3,"Charon\u0027s Ashes":5,"Ginger":11,"War Paint":14,"Burning Blood":0,"Calling Bell":14,"Lizard Tail":14,"Matryoshka":14,"Sundial":19,"Bird Faced Urn":1,"Pantograph":10,"Orrery":16,"Red Mask":8,"Toy Ornithopter":20},{"Potion Belt":82,"Lantern":47,"Singing Bowl":92,"Golden Idol":21,"Blue Candle":18,"SacredBark":34,"Vajra":18,"Charon\u0027s Ashes":26,"Ginger":51,"War Paint":64,"Burning Blood":0,"Calling Bell":64,"Lizard Tail":64,"Matryoshka":64,"Sundial":79,"Bird Faced Urn":3,"Pantograph":47,"Orrery":68,"Red Mask":41,"Toy Ornithopter":82}],"Toy Ornithopter":7},"card_choices":[{"not_picked":["Rage","Evolve"],"picked":"Carnage","floor":1.0},{"not_picked":["Pummel","Rupture"],"picked":"Burning Pact","floor":4.0},{"not_picked":["Sever Soul","Hemokinesis"],"picked":"Fire Breathing","floor":7.0},{"not_picked":["Flex","Thunderclap"],"picked":"Second Wind","floor":10.0},{"not_picked":["Limit Break","Flame Barrier","Demon Form"],"picked":"SKIP","floor":14.0},{"not_picked":["Berserk","Corruption"],"picked":"Offering","floor":16},{"not_picked":["Armaments+1","Sword Boomerang+1","Iron Wave"],"picked":"SKIP","floor":18},{"not_picked":["Cleave","Flex+1"],"picked":"Pommel Strike","floor":20},{"not_picked":["Seeing Red","True Grit","Combust"],"picked":"SKIP","floor":21},{"not_picked":["Rupture+1","Sword Boomerang+1"],"picked":"Body Slam","floor":24},{"not_picked":["Pommel Strike","Clash+1"],"picked":"Fiend Fire","floor":29},{"not_picked":["Armaments","True Grit","Sever Soul"],"picked":"SKIP","floor":30},{"not_picked":["Body Slam","Iron Wave"],"picked":"Battle Trance","floor":31},{"not_picked":["Offering","Corruption"],"picked":"Exhume","floor":33},{"not_picked":["Bloodletting","Havoc"],"picked":"Sentinel","floor":35},{"not_picked":["Shockwave+1","Pommel Strike","Headbutt"],"picked":"SKIP","floor":36},{"not_picked":["True Grit","Rupture"],"picked":"Feel No Pain","floor":37},{"not_picked":["Cleave","Iron Wave+1"],"picked":"Juggernaut","floor":37},{"not_picked":["Shockwave","Dual Wield"],"picked":"Disarm","floor":37},{"not_picked":["Body Slam","Anger","Cleave"],"picked":"SKIP","floor":38},{"not_picked":["Feel No Pain+1","Carnage+1","Anger"],"picked":"SKIP","floor":39},{"not_picked":["Double Tap","Entrench+1","Uppercut+1"],"picked":"SKIP","floor":40},{"not_picked":["Armaments","Reckless Charge+1","Clothesline"],"picked":"SKIP","floor":42},{"not_picked":["Wild Strike","Havoc"],"picked":"True Grit+1","floor":44},{"not_picked":["Thunderclap","Shrug It Off","Flex+1"],"picked":"Singing Bowl","floor":46},{"not_picked":["Infernal Blade","Dual Wield","Clothesline"],"picked":"Singing Bowl","floor":47},{"not_picked":["Flex","Fire Breathing+1","True Grit+1"],"picked":"Singing Bowl","floor":48}],"player_experience":295835,"relics_obtained":[{"floor":7.0,"key":"Vajra"},{"floor":9.0,"key":"Blue Candle"},{"floor":14.0,"key":"Charon\u0027s Ashes"},{"floor":20,"key":"Red Mask"},{"floor":24,"key":"Pantograph"},{"floor":26,"key":"Lantern"},{"floor":29,"key":"Ginger"},{"floor":34,"key":"War Paint"},{"floor":34,"key":"Matryoshka"},{"floor":34,"key":"Lizard Tail"},{"floor":40,"key":"Sundial"},{"floor":43,"key":"Potion Belt"},{"floor":43,"key":"Toy Ornithopter"},{"floor":46,"key":"Singing Bowl"}],"event_choices":[{"cards_removed":["Strike_R"],"damage_healed":0.0,"max_hp_gain":0.0,"max_hp_loss":0.0,"gold_gain":0.0,"event_name":"Golden Wing","player_choice":"Card Removal","floor":3.0,"gold_loss":0.0,"damage_taken":7.0},{"damage_healed":0.0,"max_hp_gain":0.0,"max_hp_loss":0.0,"gold_gain":0.0,"cards_transformed":["Strike_R"],"event_name":"Living Wall","player_choice":"Change","floor":5.0,"gold_loss":0.0,"damage_taken":0.0,"cards_obtained":["Reaper"]},{"damage_healed":0.0,"max_hp_gain":0.0,"max_hp_loss":6.0,"gold_gain":0.0,"event_name":"Golden Idol","player_choice":"Lose Max HP","floor":12.0,"gold_loss":0.0,"damage_taken":0.0,"relics_obtained":["Golden Idol"]},{"damage_healed":0,"gold_gain":0,"player_choice":"Ignored","damage_taken":0,"max_hp_gain":0,"max_hp_loss":0,"event_name":"Vampires","floor":19,"gold_loss":0},{"damage_healed":0,"gold_gain":0,"player_choice":"Fought Bandits","damage_taken":0,"max_hp_gain":0,"max_hp_loss":0,"event_name":"Masked Bandits","floor":20,"gold_loss":0},{"damage_healed":0,"gold_gain":0,"player_choice":"Copied","damage_taken":0,"max_hp_gain":0,"max_hp_loss":0,"event_name":"Duplicator","floor":28,"gold_loss":0,"cards_obtained":["Offering"]}],"is_beta":false,"boss_relics":[{"not_picked":["SlaversCollar","Fusion Hammer"],"picked":"SacredBark"},{"not_picked":["Runic Pyramid","Velvet Choker"],"picked":"Calling Bell"}],"items_purged_floors":[11,22,27],"is_endless":false,"potions_floor_spawned":[1,7,14,18,31,33,38,39,42,46,48],"ascension_level":12}}