{"host":"a99cgagtsic7fuyb","time":1609662468,"event":{"mods":["BaseMod","Downfall","Hermit","Lobotomy","Minty Spire (QoL Compilation)","Replay The Spire","StSLib","The Cursed"],"gold_per_floor":[114,129,144,144,12,27,27,42,42,42,57,72,102,117,117,117,117,117],"floor_reached":16,"playtime":1095,"items_purged":[],"score":106,"play_id":"cfc7318b-fe13-4da1-971b-48fbc3b7ce26","local_time":"20210103162748","daily_mods":["SealedDeck","Uncertain Future","Lethality"],"is_ascension_mode":false,"campfire_choices":[{"floor":10,"key":"REST"},{"floor":15,"key":"REST"}],"circlet_count":0,"master_deck":["Guardian:SpikerProtocol","Guardian:SpikerProtocol","Guardian:EvasiveProtocol","Guardian:WalkerClaw","Guardian:WalkerClaw","Guardian:RollAttack","Guardian:RollAttack","Guardian:DecasProtection","Guardian:Preprogram","Guardian:TimeBomb","Guardian:Clone","Guardian:TemporalStrike","Guardian:Recover","Replay:SS_hec_4","Guardian:TemporalStrike","Guardian:Incinerate","Guardian:Orbwalk","Guardian:PiercingHide"],"relics":["Guardian:ModeShifter","Pocketwatch","Blood Vial","Ornamental Fan"],"acts_visited":["Exordium"],"potions_floor_usage":[8,13,16,16],"damage_taken":[{"damage":12,"enemies":"Small Slimes","floor":1,"turns":3},{"damage":0,"enemies":"2 Louse","floor":2,"turns":1},{"damage":9,"enemies":"Cultist","floor":3,"turns":3},{"damage":6,"enemies":"Gremlin Gang","floor":6,"turns":2},{"damage":24,"enemies":"2 Fungi Beasts","floor":8,"turns":4},{"damage":10,"enemies":"Exordium Wildlife","floor":11,"turns":3},{"damage":15,"enemies":"3 Louse","floor":12,"turns":2},{"damage":17,"enemies":"3 Sentries","floor":13,"turns":3},{"damage":11,"enemies":"Red Slaver","floor":14,"turns":4},{"damage":59,"enemies":"Hexaghost","floor":16,"turns":7}],"seed_played":"4251252283042701915","potions_obtained":[{"floor":1,"key":"LifebloodPotion"},{"floor":2,"key":"Venom Potion"},{"floor":6,"key":"LiquidBronze"},{"floor":11,"key":"Swift Potion"},{"floor":14,"key":"Dexterity Potion"}],"is_trial":false,"path_per_floor":["M","M","M","?","$","M","?","M","T","R","M","M","E","M","R","B"],"character_chosen":"GUARDIAN","items_purchased":["Guardian:Recover","Replay:SS_hec_4"],"campfire_rested":2,"item_purchase_floors":[5,5],"current_hp_per_floor":[68,68,59,47,47,41,80,56,56,80,70,57,42,33,57,0,0,0],"gold":117,"neow_bonus":"","is_daily":true,"chose_seed":false,"campfire_upgraded":0,"win_rate":0.0,"timestamp":1609662468,"path_taken":["M","M","M","?","$","M","?","?","T","R","M","M","E","M","R","BOSS"],"items_purchased_type":["Card","Card"],"build_version":"2020-12-22","purchased_purges":0,"victory":false,"max_hp_per_floor":[80,80,80,80,80,80,80,80,80,80,80,80,80,80,80,80,80,80],"card_choices":[{"not_picked":["Guardian:Recover","Guardian:ShieldCharger"],"picked":"Guardian:Clone","floor":1},{"not_picked":["Guardian:PrimingBeam","Guardian:PrismaticBeam"],"picked":"Guardian:TemporalStrike","floor":2},{"not_picked":["Guardian:RefractedBeam","Guardian:SpikerProtocol"],"picked":"Guardian:FloatingOrbs","floor":3},{"not_picked":["Guardian:ShieldCharger","Guardian:WalkerClaw"],"picked":"Guardian:TemporalStrike","floor":6},{"not_picked":["Guardian:TemporalStrike","Guardian:Recover"],"picked":"Guardian:Incinerate","floor":8},{"not_picked":["Guardian:Gem_Lightblue","Guardian:Gem_Cyan"],"picked":"Guardian:Orbwalk","floor":11},{"not_picked":["Guardian:TemporalShield","Guardian:RollAttack"],"picked":"Guardian:PiercingHide","floor":12},{"not_picked":["Guardian:CrystalBeam","Guardian:HyperBeam_Guardian","Guardian:Planning"],"picked":"SKIP","floor":13},{"not_picked":["Guardian:TemporalShield","Guardian:ShieldCharger","Guardian:Planning"],"picked":"SKIP","floor":14}],"player_experience":120678,"relics_obtained":[{"floor":9,"key":"Blood Vial"},{"floor":13,"key":"Ornamental Fan"}],"event_choices":[{"damage_healed":0,"gold_gain":0,"player_choice":"Success","damage_taken":12,"relics_obtained":["Pocketwatch"],"max_hp_gain":0,"max_hp_loss":0,"event_name":"Scrap Ooze","floor":4,"gold_loss":0},{"cards_removed":["Guardian:FloatingOrbs"],"damage_healed":39,"gold_gain":0,"player_choice":"Offered Uncommon","damage_taken":0,"max_hp_gain":0,"max_hp_loss":0,"event_name":"Bonfire Elementals","floor":7,"gold_loss":0}],"is_beta":false,"boss_relics":[],"items_purged_floors":[],"is_endless":false,"potions_floor_spawned":[1,2,6,11,14],"killed_by":"Hexaghost","ascension_level":0}}