{"host":"xz7n3qy1zq36rzpg","time":1609664490,"event":{"mods":["BaseMod","Colored Map","Colored Powertips","Highlight Path","Minty Spire (QoL Compilation)","Quick Restart","Shop Mod"],"gold_per_floor":[117,117,137,137,147,147,247,275,275,293,293,318,278,13,13,110,110,125,40,54,64,81,81,107,124,149,149,161,61,61,88,88,88,88],"floor_reached":33,"playtime":9295,"items_purged":["Defend_G","Venomology"],"score":328,"play_id":"89185815-32b6-4027-ba56-e7d6e9615538","local_time":"20210103100130","is_ascension_mode":true,"campfire_choices":[{"data":"Deflect","floor":6.0,"key":"SMITH"},{"floor":15.0,"key":"REST"},{"floor":23,"key":"REST"},{"floor":27,"key":"REST"},{"floor":32,"key":"REST"}],"circlet_count":0,"master_deck":["Strike_G","Strike_G","Strike_G","Strike_G","Defend_G","Defend_G","Defend_G","Survivor","Neutralize","Deflect+1","Poisoned Stab","Bouncing Flask","Quick Slash","Bane","Footwork","Finisher+1","Cloak And Dagger+1","Crippling Poison+1","Bane+1","Terror","Riddle With Holes+1","Dagger Spray+1","Crippling Poison","Phantasmal Killer","Dodge and Roll"],"relics":["Ring of the Snake","StrikeDummy","Potion Belt","Matryoshka","Bag of Preparation","Tough Bandages","Meat on the Bone","Orichalcum","Toy Ornithopter","Sozu","Tiny Chest","Ancient Tea Set","Omamori","Pen Nib"],"acts_visited":["Exordium","TheCity"],"potions_floor_usage":[24],"damage_taken":[{"damage":2.0,"enemies":"Cultist","floor":1.0,"turns":4.0},{"damage":0.0,"enemies":"2 Louse","floor":3.0,"turns":2.0},{"damage":0.0,"enemies":"Small Slimes","floor":5.0,"turns":2.0},{"damage":26.0,"enemies":"3 Sentries","floor":8.0,"turns":8.0},{"damage":5.0,"enemies":"Red Slaver","floor":10.0,"turns":3.0},{"damage":35.0,"enemies":"The Guardian","floor":16.0,"turns":8.0},{"damage":17,"enemies":"Shell Parasite","floor":18,"turns":5},{"damage":6,"enemies":"3 Byrds","floor":20,"turns":5},{"damage":14,"enemies":"Snake Plant","floor":21,"turns":4},{"damage":12,"enemies":"Centurion and Healer","floor":22,"turns":4},{"damage":31,"enemies":"Book of Stabbing","floor":24,"turns":5},{"damage":34,"enemies":"Shelled Parasite and Fungi","floor":25,"turns":4},{"damage":0,"enemies":"3 Cultists","floor":28,"turns":3},{"damage":35,"enemies":"Gremlin Leader","floor":31,"turns":7},{"damage":52,"enemies":"Champ","floor":33,"turns":7}],"seed_played":"9150432445062331217","potions_obtained":[{"floor":1.0,"key":"LiquidBronze"},{"floor":8.0,"key":"Strength Potion"},{"floor":10.0,"key":"AttackPotion"},{"floor":16.0,"key":"Strength Potion"}],"is_trial":false,"path_per_floor":["M","T","M","?","M","R","?","E","T","M","?","T","?","$","R","B",null,"M","?","M","M","M","R","E","M","T","R","M","$","?","E","R","B"],"character_chosen":"THE_SILENT","items_purchased":["Footwork","Toy Ornithopter"],"campfire_rested":4,"item_purchase_floors":[14,14],"current_hp_per_floor":[75,75,75,63,63,63,63,37,37,32,32,32,32,32,55,37,77,60,60,54,40,40,63,49,27,27,50,50,50,50,27,50,0,0],"gold":88,"neow_bonus":"TEN_PERCENT_HP_BONUS","is_daily":false,"chose_seed":false,"campfire_upgraded":1,"win_rate":0.0,"timestamp":1609664490,"path_taken":["M","?","M","?","M","R","?","E","T","?","?","?","?","$","R","BOSS","M","?","M","M","M","R","E","M","T","R","M","$","?","E","R","BOSS"],"items_purchased_type":["Card","Relic"],"build_version":"2020-12-22","purchased_purges":2,"victory":false,"max_hp_per_floor":[77,77,77,77,77,77,77,77,77,77,77,77,77,77,77,77,77,77,77,77,77,77,77,77,77,77,77,77,77,77,77,77,77,77],"card_choices":[{"not_picked":["Skewer","Prepared"],"picked":"Deflect","floor":1.0},{"not_picked":["Tactician","Choke"],"picked":"Poisoned Stab","floor":3.0},{"not_picked":["Endless Agony","Setup"],"picked":"Bouncing Flask","floor":5.0},{"not_picked":["Acrobatics","Blade Dance"],"picked":"Quick Slash","floor":8.0},{"not_picked":["Quick Slash","Prepared"],"picked":"Bane","floor":10.0},{"not_picked":["Adrenaline","Unload"],"picked":"Venomology","floor":16.0},{"not_picked":["Endless Agony","Dodge and Roll"],"picked":"Finisher+1","floor":18},{"not_picked":["Catalyst+1","Blade Dance"],"picked":"Cloak And Dagger+1","floor":20},{"not_picked":["Blade Dance","Bane"],"picked":"Crippling Poison+1","floor":21},{"not_picked":["Eviscerate","Masterful Stab"],"picked":"Bane+1","floor":22},{"not_picked":["Finisher","Dagger Throw"],"picked":"Terror","floor":24},{"not_picked":["Setup+1","Flying Knee"],"picked":"Riddle With Holes+1","floor":25},{"not_picked":["PiercingWail","Adrenaline"],"picked":"Dagger Spray+1","floor":28},{"not_picked":["Choke","Dagger Spray"],"picked":"Dodge and Roll","floor":31}],"player_experience":280107,"relics_obtained":[{"floor":2.0,"key":"StrikeDummy"},{"floor":8.0,"key":"Matryoshka"},{"floor":9.0,"key":"Bag of Preparation"},{"floor":9.0,"key":"Tough Bandages"},{"floor":12.0,"key":"Meat on the Bone"},{"floor":12.0,"key":"Orichalcum"},{"floor":24,"key":"Ancient Tea Set"},{"floor":26,"key":"Omamori"},{"floor":31,"key":"Pen Nib"}],"event_choices":[{"damage_healed":0.0,"max_hp_gain":0.0,"max_hp_loss":0.0,"gold_gain":0.0,"event_name":"Scrap Ooze","player_choice":"Success","floor":4.0,"gold_loss":0.0,"damage_taken":12.0,"relics_obtained":["Potion Belt"]},{"damage_healed":0.0,"max_hp_gain":0.0,"max_hp_loss":0.0,"gold_gain":100.0,"event_name":"Golden Shrine","player_choice":"Pray","floor":7.0,"gold_loss":0.0,"damage_taken":0.0},{"damage_healed":0.0,"max_hp_gain":0.0,"max_hp_loss":0.0,"gold_gain":0.0,"event_name":"Shining Light","player_choice":"Ignored","floor":11.0,"gold_loss":0.0,"damage_taken":0.0},{"damage_healed":0.0,"max_hp_gain":0.0,"max_hp_loss":0.0,"gold_gain":0.0,"event_name":"World of Goop","player_choice":"Left Gold","floor":13.0,"gold_loss":40.0,"damage_taken":0.0},{"damage_healed":0,"gold_gain":0,"player_choice":"Obtained Relic","damage_taken":0,"relics_obtained":["Tiny Chest"],"max_hp_gain":0,"max_hp_loss":0,"event_name":"Addict","floor":19,"gold_loss":85},{"damage_healed":0,"gold_gain":0,"cards_transformed":["Strike_G","Defend_G"],"player_choice":"Became Test Subject","damage_taken":0,"max_hp_gain":0,"max_hp_loss":0,"event_name":"Drug Dealer","floor":30,"gold_loss":0,"cards_obtained":["Crippling Poison","Phantasmal Killer"]}],"is_beta":false,"boss_relics":[{"not_picked":["Pandora\u0027s Box","Snecko Eye"],"picked":"Sozu"}],"items_purged_floors":[14,29],"is_endless":false,"potions_floor_spawned":[1,8,10,16,21,22,25],"killed_by":"Champ","ascension_level":3}}