{"host":"na09lpbrez4gbfiz","time":1609704554,"event":{"mods":["Act Like it!","BaseMod","BetterRewards","Colored Map","Colored Powertips","DeckTracker","Googly Eyes","Highlight Path","Minty Spire (QoL Compilation)","Quick Restart","Spicy Shops","StSLib","SuperFastMode","Synergy Search"],"gold_per_floor":[118,118,293,243,255,283,283,317,344,375,405,35,135,147,147,251,251,263,276,1,21,34,61,61,89,115,127,139,177,268,295,307,319,319],"floor_reached":33,"playtime":1030,"items_purged":["Strike_R","Strike_R","Defend_R","Defend_R"],"score":415,"play_id":"b2aa094d-6050-4692-b80d-b68cebdb7421","local_time":"20210103210914","is_ascension_mode":true,"campfire_choices":[{"data":"Uppercut","floor":7,"key":"SMITH"},{"floor":15,"key":"REST"},{"floor":24,"key":"REST"},{"floor":27,"key":"REST"},{"floor":32,"key":"REST"}],"circlet_count":0,"master_deck":["Strike_R+1","Strike_R+1","Defend_R+1","Defend_R","Bash","Shockwave+1","Uppercut+1","Rage","Seeing Red","Offering","Metallicize","Flex+1","Shrug It Off","Rampage"],"relics":["Burning Blood","NeowsBlessing","Whetstone","Paper Frog","Pen Nib","Bag of Marbles","Odd Mushroom","War Paint","Black Star","Matryoshka","Ancient Tea Set","Kunai","Shuriken","Juzu Bracelet","MawBank","Self Forming Clay","Anchor","Smiling Mask","Dream Catcher","Frozen Egg 2"],"acts_visited":["Exordium","TheCity"],"potions_floor_usage":[8,16,16,22,22,23,23,33],"damage_taken":[{"damage":0,"enemies":"Small Slimes","floor":1,"turns":1},{"damage":0,"enemies":"Cultist","floor":5,"turns":1},{"damage":0,"enemies":"Gremlin Nob","floor":6,"turns":1},{"damage":10,"enemies":"Lagavulin","floor":8,"turns":5},{"damage":40,"enemies":"3 Sentries","floor":10,"turns":7},{"damage":20,"enemies":"The Mushroom Lair","floor":11,"turns":4},{"damage":1,"enemies":"Jaw Worm","floor":14,"turns":2},{"damage":17,"enemies":"Hexaghost","floor":16,"turns":11},{"damage":18,"enemies":"Chosen","floor":18,"turns":5},{"damage":17,"enemies":"Shell Parasite","floor":19,"turns":5},{"damage":9,"enemies":"Cultist and Chosen","floor":21,"turns":5},{"damage":9,"enemies":"Snake Plant","floor":22,"turns":3},{"damage":52,"enemies":"Slavers","floor":23,"turns":9},{"damage":42,"enemies":"Book of Stabbing","floor":25,"turns":7},{"damage":11,"enemies":"Slavers","floor":29,"turns":6},{"damage":6,"enemies":"3 Cultists","floor":31,"turns":5},{"damage":67,"enemies":"Automaton","floor":33,"turns":10}],"seed_played":"-4723609823323526106","potions_obtained":[{"floor":1,"key":"ElixirPotion"},{"floor":5,"key":"DistilledChaos"},{"floor":11,"key":"BloodPotion"},{"floor":14,"key":"BlessingOfTheForge"},{"floor":18,"key":"Regen Potion"},{"floor":19,"key":"ColorlessPotion"},{"floor":22,"key":"ElixirPotion"},{"floor":25,"key":"Fire Potion"},{"floor":29,"key":"Fire Potion"}],"is_trial":false,"path_per_floor":["M","?","?","?","M","E","R","E","T","E","?","$","?","M","R","B",null,"M","M","$","M","M","E","R","E","T","R","?","E","T","M","R","B"],"character_chosen":"IRONCLAD","items_purchased":["War Paint","Block Potion"],"campfire_rested":4,"item_purchase_floors":[12,12],"current_hp_per_floor":[80,73,73,73,79,80,80,76,76,42,28,28,28,33,57,46,80,68,57,57,54,60,30,54,18,18,42,42,37,37,37,61,0,0],"gold":319,"neow_bonus":"THREE_ENEMY_KILL","is_daily":false,"chose_seed":false,"campfire_upgraded":1,"win_rate":0.0,"timestamp":1609704554,"path_taken":["M","?","?","?","M","E","R","E","T","E","?","$","?","M","R","BOSS","M","?","$","M","M","E","R","E","T","R","?","E","?","M","R","BOSS"],"items_purchased_type":["Relic","Potion"],"build_version":"2020-12-22","purchased_purges":4,"victory":false,"max_hp_per_floor":[80,80,80,80,80,80,80,80,80,80,80,80,80,80,80,80,80,80,80,80,80,80,80,80,80,80,80,80,80,80,80,80,80,80],"card_choices":[{"not_picked":["Twin Strike","Clothesline","Thunderclap"],"picked":"SKIP","floor":1},{"not_picked":["Anger","Sword Boomerang"],"picked":"Shockwave","floor":5},{"not_picked":["Sentinel","Disarm"],"picked":"Uppercut","floor":6},{"not_picked":["Flame Barrier","Intimidate","Sentinel"],"picked":"SKIP","floor":8},{"not_picked":["Wild Strike","Shockwave"],"picked":"Rage","floor":10},{"not_picked":["Warcry","Body Slam"],"picked":"Seeing Red","floor":11},{"not_picked":["Twin Strike","Iron Wave","Havoc"],"picked":"SKIP","floor":14},{"not_picked":["Juggernaut","Barricade"],"picked":"Offering","floor":16},{"not_picked":["Clash","Sword Boomerang","Wild Strike"],"picked":"SKIP","floor":18},{"not_picked":["Iron Wave","Anger"],"picked":"Metallicize","floor":19},{"not_picked":["Intimidate","Exhume"],"picked":"Flex+1","floor":21},{"not_picked":["Thunderclap","Heavy Blade"],"picked":"Shrug It Off","floor":22},{"not_picked":["Combust","Sword Boomerang","Evolve"],"picked":"SKIP","floor":23},{"not_picked":["Anger","Sever Soul"],"picked":"Rampage","floor":25},{"not_picked":["Body Slam","Headbutt","Feel No Pain"],"picked":"SKIP","floor":29},{"not_picked":["Dual Wield","Sword Boomerang","Sever Soul+1"],"picked":"SKIP","floor":31}],"player_experience":146686,"relics_obtained":[{"floor":6,"key":"Whetstone"},{"floor":8,"key":"Paper Frog"},{"floor":9,"key":"Pen Nib"},{"floor":10,"key":"Bag of Marbles"},{"floor":11,"key":"Odd Mushroom"},{"floor":23,"key":"Matryoshka"},{"floor":23,"key":"Ancient Tea Set"},{"floor":25,"key":"Kunai"},{"floor":25,"key":"Shuriken"},{"floor":26,"key":"Juzu Bracelet"},{"floor":26,"key":"MawBank"},{"floor":29,"key":"Anchor"},{"floor":29,"key":"Smiling Mask"},{"floor":30,"key":"Dream Catcher"},{"floor":30,"key":"Frozen Egg 2"}],"event_choices":[{"cards_removed":["Strike_R"],"damage_healed":0,"gold_gain":0,"player_choice":"Card Removal","damage_taken":7,"max_hp_gain":0,"max_hp_loss":0,"event_name":"Golden Wing","floor":2,"gold_loss":0},{"damage_healed":0,"gold_gain":175,"player_choice":"AGREE","damage_taken":0,"max_hp_gain":0,"max_hp_loss":0,"event_name":"Liars Game","floor":3,"gold_loss":0,"cards_obtained":["Doubt"]},{"cards_removed":["Doubt"],"damage_healed":0,"gold_gain":0,"player_choice":"Card Removal","damage_taken":0,"max_hp_gain":0,"max_hp_loss":0,"event_name":"The Cleric","floor":4,"gold_loss":50},{"damage_healed":0,"gold_gain":0,"player_choice":"Fought Mushrooms","damage_taken":0,"max_hp_gain":0,"max_hp_loss":0,"event_name":"Mushrooms","floor":11,"gold_loss":0},{"damage_healed":0,"gold_gain":100,"player_choice":"Pray","damage_taken":0,"max_hp_gain":0,"max_hp_loss":0,"event_name":"Golden Shrine","floor":13,"gold_loss":0},{"damage_healed":0,"gold_gain":0,"player_choice":"Opened","damage_taken":0,"relics_obtained":["Self Forming Clay"],"max_hp_gain":0,"max_hp_loss":0,"event_name":"The Mausoleum","floor":28,"gold_loss":0}],"is_beta":false,"boss_relics":[{"not_picked":["Ectoplasm","Mark of Pain"],"picked":"Black Star"}],"items_purged_floors":[12,12,20,20],"is_endless":false,"potions_floor_spawned":[1,5,11,14,18,19,22,25,29],"killed_by":"Automaton","ascension_level":4}}