{"host":"pf5oese4ka0eje7d","time":1609671565,"event":{"mods":["AchievementEnabler","BaseMod","Colored Map","Minty Spire (QoL Compilation)","StSLib","SuperFastMode"],"gold_per_floor":[117,117,136,136,61,94,94,104,104,137,167,167,202,222,222,322,322,334,354,365,365,376,376,336,38,38,38,56,56,68,82,82,82,82],"floor_reached":33,"playtime":610,"items_purged":["Strike_B"],"score":365,"play_id":"6bb1bec3-1bb1-450b-8c45-92dacb16680c","local_time":"20210103115925","is_ascension_mode":true,"campfire_choices":[{"data":"Defragment","floor":7,"key":"SMITH"},{"floor":12,"key":"REST"},{"floor":15,"key":"REST"},{"floor":23,"key":"REST"},{"data":"Dualcast","floor":27,"key":"SMITH"},{"floor":32,"key":"REST"}],"circlet_count":0,"master_deck":["Strike_B+1","Strike_B","Strike_B","Defend_B+1","Defend_B","Defend_B+1","Defend_B","Zap+1","Dualcast+1","Defragment+1","Loop+1","Ball Lightning","Self Repair","CurseOfTheBell","Ball Lightning","Defragment","Redo"],"relics":["Cracked Core","NeowsBlessing","TungstenRod","Symbiotic Virus","Happy Flower","Gremlin Horn","Potion Belt","Calling Bell","War Paint","Ornamental Fan","Unceasing Top","Anchor","Runic Capacitor","Blood Vial","Mummified Hand"],"acts_visited":["Exordium","TheCity"],"potions_floor_usage":[16,16,16,31],"damage_taken":[{"damage":0,"enemies":"2 Louse","floor":1,"turns":1},{"damage":0,"enemies":"Jaw Worm","floor":3,"turns":1},{"damage":0,"enemies":"Gremlin Nob","floor":6,"turns":1},{"damage":6,"enemies":"Small Slimes","floor":8,"turns":3},{"damage":23,"enemies":"3 Sentries","floor":10,"turns":6},{"damage":23,"enemies":"Lagavulin","floor":13,"turns":4},{"damage":6,"enemies":"Exordium Wildlife","floor":14,"turns":3},{"damage":8,"enemies":"Hexaghost","floor":16,"turns":7},{"damage":5,"enemies":"Spheric Guardian","floor":18,"turns":3},{"damage":5,"enemies":"Chosen","floor":19,"turns":4},{"damage":26,"enemies":"Snake Plant","floor":20,"turns":3},{"damage":18,"enemies":"Centurion and Healer","floor":22,"turns":4},{"damage":4,"enemies":"3 Cultists","floor":28,"turns":4},{"damage":10,"enemies":"Snake Plant","floor":30,"turns":4},{"damage":39,"enemies":"Shelled Parasite and Fungi","floor":31,"turns":5},{"damage":70,"enemies":"Automaton","floor":33,"turns":6}],"seed_played":"-5667255922071177058","potions_obtained":[{"floor":6,"key":"Explosive Potion"},{"floor":10,"key":"ColorlessPotion"},{"floor":13,"key":"SkillPotion"},{"floor":16,"key":"SpeedPotion"},{"floor":18,"key":"SteroidPotion"},{"floor":28,"key":"GamblersBrew"},{"floor":31,"key":"PowerPotion"}],"is_trial":false,"path_per_floor":["M","?","M","?","$","E","R","M","T","E","?","R","E","M","R","B",null,"M","M","M","?","M","R","?","$","T","R","M","$","M","M","R","B"],"character_chosen":"DEFECT","items_purchased":["Runic Capacitor","Blood Vial"],"campfire_rested":4,"item_purchase_floors":[25,25],"current_hp_per_floor":[75,60,60,60,60,60,60,54,54,31,31,53,30,24,46,45,68,63,65,46,46,35,57,57,57,57,57,62,62,61,31,53,0,0],"gold":82,"neow_bonus":"THREE_ENEMY_KILL","is_daily":false,"chose_seed":false,"campfire_upgraded":2,"win_rate":0.0,"timestamp":1609671565,"path_taken":["M","?","M","?","$","E","R","M","T","E","?","R","E","?","R","BOSS","M","M","M","?","?","R","?","$","T","R","?","$","M","M","R","BOSS"],"items_purchased_type":["Relic","Relic"],"build_version":"2020-12-22","purchased_purges":1,"victory":false,"max_hp_per_floor":[75,75,75,75,75,75,75,75,75,75,75,75,75,75,75,75,75,75,75,75,75,75,75,75,75,75,75,75,75,75,75,75,75,75],"card_choices":[{"not_picked":["Conserve Battery","Steam"],"picked":"Defragment","floor":1},{"not_picked":["Doom and Gloom","Cold Snap","Hologram"],"picked":"SKIP","floor":3},{"not_picked":["FTL","Sweeping Beam"],"picked":"Loop","floor":6},{"not_picked":["Streamline","Barrage","Undo"],"picked":"SKIP","floor":8},{"not_picked":["Auto Shields","Sweeping Beam","Stack"],"picked":"SKIP","floor":10},{"not_picked":["Coolheaded","Rebound"],"picked":"Ball Lightning","floor":13},{"not_picked":["Aggregate","Double Energy"],"picked":"Self Repair","floor":14},{"not_picked":["Stack","Lockon","Force Field+1"],"picked":"SKIP","floor":18},{"not_picked":["Steam","Lockon","Chaos"],"picked":"SKIP","floor":19},{"not_picked":["Cold Snap","Streamline"],"picked":"Ball Lightning","floor":20},{"not_picked":["Leap","Rebound+1","Steam"],"picked":"SKIP","floor":22},{"not_picked":["Loop","Ball Lightning"],"picked":"Defragment","floor":28},{"not_picked":["Stack","Capacitor"],"picked":"Redo","floor":30},{"not_picked":["Turbo","Go for the Eyes+1","Compile Driver+1"],"picked":"SKIP","floor":31}],"player_experience":313958,"relics_obtained":[{"floor":6,"key":"TungstenRod"},{"floor":9,"key":"Symbiotic Virus"},{"floor":10,"key":"Happy Flower"},{"floor":13,"key":"Potion Belt"},{"floor":17,"key":"War Paint"},{"floor":17,"key":"Ornamental Fan"},{"floor":17,"key":"Unceasing Top"},{"floor":26,"key":"Mummified Hand"}],"event_choices":[{"damage_healed":0,"gold_gain":0,"player_choice":"Entered Light","damage_taken":15,"max_hp_gain":0,"max_hp_loss":0,"event_name":"Shining Light","floor":2,"gold_loss":0,"cards_upgraded":["Strike_B","Defend_B"]},{"damage_healed":0,"gold_gain":0,"player_choice":"Ignored","damage_taken":0,"max_hp_gain":0,"max_hp_loss":0,"event_name":"Liars Game","floor":4,"gold_loss":0},{"damage_healed":0,"gold_gain":30,"player_choice":"Searched \u00272\u0027 times","damage_taken":0,"relics_obtained":["Gremlin Horn"],"max_hp_gain":0,"max_hp_loss":0,"event_name":"Dead Adventurer","floor":11,"gold_loss":0},{"damage_healed":0,"gold_gain":0,"player_choice":"Gave Potion","damage_taken":0,"relics_obtained":["Anchor"],"max_hp_gain":0,"max_hp_loss":0,"event_name":"WeMeetAgain","floor":21,"gold_loss":0},{"damage_healed":0,"gold_gain":0,"player_choice":"Upgrade","damage_taken":0,"max_hp_gain":0,"max_hp_loss":0,"event_name":"Designer","floor":24,"gold_loss":40,"cards_upgraded":["Loop"]}],"is_beta":false,"boss_relics":[{"not_picked":["Astrolabe","Ectoplasm"],"picked":"Calling Bell"}],"items_purged_floors":[5],"is_endless":false,"potions_floor_spawned":[6,10,13,16,18,28,31],"killed_by":"Automaton","ascension_level":5}}