{"host":"3j2m8n0ywf988fwb","time":1609666733,"event":{"mods":["2.2 Compatiblity","Act Like it!","Aspiration","Astrologer","BaseMod","Beaked The Cultist","Better Altar","Better Match","Better Note","Better Sensory Stone","Better Skull","Better Third Choice","CCEM","Colored Map","Colored Powertips","Conspire","Energized Spire","Evolution","Fireblade Mod","GifTheSpireLib","Googly Eyes","Halation","Hallownest","Highlight Path","Hubris","Infinite Spire","Jedi Mod","Marisa????????","Marked Mod","Mimic Mod","Minty Spire (QoL Compilation)","Random Character Button","Relic Stats","Replay The Spire","Robot Space Explorer","Shop Mod","Somnambulant","StSLib","Stuff the Spire","The Bug Knight","The Caster","The Hierophant","The Marked","The Runesmith","TheFirefly","Unceasing Turn Reminder","everything is the same but u backflip on backflip"],"gold_per_floor":[112,127,127,127,138,138,154,166,203,235,235,265,265,279,279,379,379,390,390,390,390,390,390,390],"floor_reached":23,"playtime":786,"items_purged":[],"score":254,"play_id":"e72a914c-c099-4ff5-a8ab-91b3e4cd2fa9","local_time":"20210103033853","is_ascension_mode":true,"campfire_choices":[{"data":"Perfected Strike","floor":6,"key":"SMITH"},{"data":"jedi:fear","floor":15,"key":"SMITH"}],"circlet_count":0,"master_deck":["ReplayTheSpireMod:Strike From Hell","ReplayTheSpireMod:Strike From Hell","Strike_R","Strike_R","Strike_R+1","Defend_R","Defend_R+1","Defend_R","Defend_R","Spot Weakness","Flex","Perfected Strike+1","Pommel Strike","Perfected Strike","jedi:fear+1","Havoc","Havoc"],"relics":["Burning Blood","EVO:Axolotl","Pen Nib","hubris:Spice","Juzu Bracelet","Simple Rune","halation:MonkeysPaw"],"acts_visited":["Exordium","TheCity"],"potions_floor_usage":[16],"damage_taken":[{"damage":4,"enemies":"Cultist","floor":1,"turns":5},{"damage":5,"enemies":"Small Slimes","floor":2,"turns":2},{"damage":12,"enemies":"Jaw Worm","floor":5,"turns":3},{"damage":20,"enemies":"Gremlin Gang","floor":7,"turns":3},{"damage":0,"enemies":"Large Slime","floor":8,"turns":4},{"damage":6,"enemies":"2 Fungi Beasts","floor":9,"turns":3},{"damage":40,"enemies":"Lagavulin","floor":10,"turns":6},{"damage":8,"enemies":"Gremlin Nob","floor":12,"turns":3},{"damage":0,"enemies":"2 Fungi Beasts","floor":14,"turns":2},{"damage":23,"enemies":"The Guardian","floor":16,"turns":7},{"damage":33,"enemies":"2 Thieves","floor":18,"turns":3},{"damage":74,"enemies":"Slavers","floor":23,"turns":4}],"seed_played":"4255532879304317536","potions_obtained":[{"floor":5,"key":"Elixir"},{"floor":8,"key":"ColorlessPotion"},{"floor":12,"key":"LifebloodPotion"},{"floor":13,"key":"jedi:holywater"},{"floor":18,"key":"DistilledChaos"}],"is_trial":false,"path_per_floor":["M","M","?","?","M","R","M","M","MIM","E","?","E","?","M","R","B",null,"M","$","?","?","?","E"],"character_chosen":"IRONCLAD","items_purchased":[],"campfire_rested":0,"item_purchase_floors":[],"current_hp_per_floor":[80,80,88,88,82,82,68,74,74,48,48,46,46,52,52,35,96,69,69,69,74,74,0,0],"gold":390,"neow_bonus":"RANDOM_COMMON_RELIC","is_daily":false,"chose_seed":false,"campfire_upgraded":2,"win_rate":0.0,"timestamp":1609666733,"path_taken":["M","?","?","?","?","R","?","M","MIM","E","?","E","?","M","R","BOSS","M","?","?","?","?","E"],"items_purchased_type":[],"build_version":"2020-12-22","purchased_purges":0,"victory":false,"max_hp_per_floor":[80,80,88,88,88,88,88,88,88,96,96,96,96,96,96,96,96,96,96,96,96,96,96,96],"relic_stats":{"counters":[12,45],"Pen Nib":[7],"Juzu Bracelet":2,"obtain_stats":[{"halation:MonkeysPaw":17,"hubris:Spice":3,"Simple Rune":12,"Pen Nib":0,"Juzu Bracelet":9,"EVO:Axolotl":0,"Burning Blood":0},{"halation:MonkeysPaw":10,"hubris:Spice":2,"Simple Rune":8,"Pen Nib":0,"Juzu Bracelet":6,"EVO:Axolotl":0,"Burning Blood":0},{"halation:MonkeysPaw":38,"hubris:Spice":7,"Simple Rune":29,"Pen Nib":0,"Juzu Bracelet":20,"EVO:Axolotl":0,"Burning Blood":0}],"Burning Blood":63},"card_choices":[{"not_picked":["Wild Strike","Massacre"],"picked":"Spot Weakness","floor":1},{"not_picked":["Rage","Body Slam"],"picked":"Flex","floor":2},{"not_picked":["Headbutt","Clothesline"],"picked":"Perfected Strike","floor":5},{"not_picked":["hubris:ReadiedAction","Body Slam"],"picked":"Pommel Strike","floor":7},{"not_picked":["ReplayTheSpireMod:Stacked","Shrug It Off","Run Through"],"picked":"SKIP","floor":8},{"not_picked":["Clash","StuffTheSpire:Pyroclast"],"picked":"Perfected Strike","floor":10},{"not_picked":["Thunderclap","hubris:SpiceAddiction"],"picked":"jedi:fear","floor":12},{"not_picked":["Shrug It Off","Flex","Rupture"],"picked":"SKIP","floor":14},{"not_picked":["hubris:SpiceAddiction","Seeing Red+1","Warcry"],"picked":"SKIP","floor":18}],"player_experience":1051809,"relics_obtained":[{"floor":9,"key":"Juzu Bracelet"},{"floor":10,"key":"hubris:Spice"},{"floor":12,"key":"Simple Rune"}],"event_choices":[{"damage_healed":0,"gold_gain":0,"player_choice":"Box","damage_taken":0,"relics_obtained":["hubris:Spice"],"max_hp_gain":0,"max_hp_loss":0,"event_name":"Big Fish","floor":3,"gold_loss":0,"cards_obtained":["Regret"]},{"cards_removed":["Regret"],"damage_healed":0,"gold_gain":0,"player_choice":"Forget","damage_taken":0,"max_hp_gain":0,"max_hp_loss":0,"event_name":"Living Wall","floor":4,"gold_loss":0},{"damage_healed":0,"gold_gain":0,"cards_transformed":["Bash"],"player_choice":"Transformed","damage_taken":0,"max_hp_gain":0,"max_hp_loss":0,"event_name":"Transmorgrifier","floor":11,"gold_loss":0,"cards_obtained":["conspire:Charge"]},{"damage_healed":0,"gold_gain":0,"player_choice":"Got Potions","damage_taken":0,"max_hp_gain":0,"max_hp_loss":0,"event_name":"Lab","floor":13,"gold_loss":0},{"damage_healed":0,"gold_gain":0,"cards_transformed":["conspire:Charge"],"player_choice":"Transformed","damage_taken":0,"max_hp_gain":0,"max_hp_loss":0,"event_name":"Transmorgrifier","floor":20,"gold_loss":0,"cards_obtained":["Havoc"]},{"damage_healed":5,"gold_gain":0,"player_choice":"LEAVE ","damage_taken":0,"relics_obtained":[],"max_hp_gain":0,"max_hp_loss":0,"event_name":"betterSkull:BetterSkull","floor":21,"gold_loss":0,"cards_upgraded":[]},{"damage_healed":0,"gold_gain":0,"player_choice":"Copied","damage_taken":0,"max_hp_gain":0,"max_hp_loss":0,"event_name":"Duplicator","floor":22,"gold_loss":0,"cards_obtained":["Havoc"]}],"is_beta":false,"boss_relics":[{"not_picked":["hubris:Spice","halation:Risk"],"picked":"halation:MonkeysPaw"}],"items_purged_floors":[],"is_endless":false,"potions_floor_spawned":[5,8,12,14,18],"killed_by":"Slavers","ascension_level":3}}