{"host":"p4v0hquynnreu717","time":1609701009,"event":{"mods":["BaseMod","Better Vampires","DeckTracker","Googly Eyes","Minty Spire (QoL Compilation)","Quick Restart","StSLib","SuperFastMode"],"gold_per_floor":[115,115,163,4,18,18,47,67,67,87,87,113,124,143,143,220,220,195,120,120,135,60,60,71,71,141,62,78,78,31,41,41,119,119,134,459,473,489,499,499,524,543,569,569,600,618,627,661,661,661],"floor_reached":51,"playtime":2191,"items_purged":["Bash"],"score":1358,"play_id":"a8230257-7326-4577-ac48-c6d5fb1c7b83","local_time":"20210104031009","is_ascension_mode":true,"campfire_choices":[{"data":"Rupture","floor":6.0,"key":"SMITH"},{"data":"Armaments","floor":11.0,"key":"SMITH"},{"data":"True Grit","floor":15.0,"key":"SMITH"},{"floor":32.0,"key":"REST"},{"data":"Entrench","floor":40.0,"key":"SMITH"},{"data":"Barricade","floor":49.0,"key":"SMITH"}],"circlet_count":0,"master_deck":["AscendersBane","Defend_R","Defend_R","Rampage","Rupture+1","Spot Weakness","Thunderclap","Armaments+1","Carnage","Barricade+1","Sword Boomerang","True Grit","True Grit+1","Offering","True Grit+1","Second Wind+1","Warcry+1","Disarm","Feel No Pain","Entrench+1","Shrug It Off","Reaper","Madness","Madness","Berserk"],"relics":["Burning Blood","NeowsBlessing","Orichalcum","Ginger","InkBottle","Happy Flower","Astrolabe","Singing Bowl","Busted Crown","Old Coin","Nunchaku","Art of War","CeramicFish"],"acts_visited":["Exordium","TheCity","TheBeyond"],"potions_floor_usage":[50],"damage_taken":[{"damage":0.0,"enemies":"Small Slimes","floor":1.0,"turns":1.0},{"damage":0.0,"enemies":"Jaw Worm","floor":5.0,"turns":1.0},{"damage":0.0,"enemies":"3 Sentries","floor":7.0,"turns":1.0},{"damage":8.0,"enemies":"2 Louse","floor":8.0,"turns":3.0},{"damage":6.0,"enemies":"Exordium Thugs","floor":10.0,"turns":5.0},{"damage":20.0,"enemies":"Lagavulin","floor":12.0,"turns":8.0},{"damage":2.0,"enemies":"Large Slime","floor":13.0,"turns":6.0},{"damage":10.0,"enemies":"Looter","floor":14.0,"turns":3.0},{"damage":37.0,"enemies":"Hexaghost","floor":16.0,"turns":11.0},{"damage":18.0,"enemies":"2 Thieves","floor":18.0,"turns":5.0},{"damage":9.0,"enemies":"Shell Parasite","floor":21.0,"turns":4.0},{"damage":17.0,"enemies":"Snake Plant","floor":24.0,"turns":7.0},{"damage":24.0,"enemies":"Centurion and Healer","floor":28.0,"turns":7.0},{"damage":0.0,"enemies":"Cultist and Chosen","floor":29.0,"turns":1.0},{"damage":24.0,"enemies":"Snake Plant","floor":31.0,"turns":9.0},{"damage":17.0,"enemies":"Automaton","floor":33.0,"turns":15.0},{"damage":6.0,"enemies":"3 Shapes","floor":35.0,"turns":8.0},{"damage":27.0,"enemies":"Mind Bloom Boss Battle","floor":36.0,"turns":16.0},{"damage":24.0,"enemies":"Orb Walker","floor":37.0,"turns":5.0},{"damage":6.0,"enemies":"Sphere and 2 Shapes","floor":38.0,"turns":12.0},{"damage":83.0,"enemies":"Transient","floor":39.0,"turns":5.0},{"damage":15.0,"enemies":"3 Darklings","floor":42.0,"turns":18.0},{"damage":6.0,"enemies":"Giant Head","floor":45.0,"turns":12.0},{"damage":47.0,"enemies":"Nemesis","floor":48.0,"turns":17.0},{"damage":85,"enemies":"Time Eater","floor":50,"turns":19}],"seed_played":"-3432402583535154848","potions_obtained":[{"floor":5.0,"key":"Explosive Potion"},{"floor":10.0,"key":"SmokeBomb"},{"floor":13.0,"key":"AttackPotion"},{"floor":24.0,"key":"ColorlessPotion"},{"floor":33.0,"key":"FearPotion"},{"floor":35.0,"key":"FairyPotion"},{"floor":48.0,"key":"BloodPotion"}],"is_trial":false,"path_per_floor":["M","?","T","$","M","R","E","M","T","M","R","E","M","M","R","B",null,"M","?","?","M","$","?","M","?","T","$","M","M","$","M","R","B",null,"M","?","M","M","M","R","T","M","T","?","E","?","?","E","R","B",null],"character_chosen":"IRONCLAD","items_purchased":["Rupture","Spot Weakness","Thunderclap","Entrench","Shrug It Off"],"campfire_rested":1,"item_purchase_floors":[4,4,4,27,30],"current_hp_per_floor":[74,67,67,67,73,73,75,73,73,73,73,59,63,59,59,28,63,51,51,51,48,48,48,37,37,37,37,21,27,27,11,34,23,65,81,80,64,78,13,13,13,91,91,91,93,76,76,71,71,11],"gold":661,"neow_bonus":"THREE_ENEMY_KILL","is_daily":false,"chose_seed":false,"campfire_upgraded":5,"win_rate":0.0,"timestamp":1609701009,"path_taken":["M","?","?","?","M","R","E","M","T","M","R","E","M","M","R","BOSS","M","?","?","?","$","?","M","?","T","?","M","M","$","M","R","BOSS","M","?","M","M","M","R","?","M","T","?","E","?","?","E","R","BOSS"],"items_purchased_type":["Card","Card","Card","Card","Card"],"build_version":"2020-12-22","purchased_purges":1,"victory":true,"max_hp_per_floor":[75,75,75,75,75,75,75,75,75,75,75,75,75,75,75,75,75,75,75,75,75,75,75,75,75,75,75,77,77,77,79,79,79,79,81,83,85,87,89,89,89,91,91,91,93,93,93,95,95,95],"card_choices":[{"not_picked":["Flex","Feel No Pain"],"picked":"Rampage","floor":1.0},{"not_picked":["Cleave","Pommel Strike","Infernal Blade"],"picked":"SKIP","floor":5.0},{"not_picked":["Sever Soul","Perfected Strike"],"picked":"Armaments","floor":7.0},{"not_picked":["Clothesline","Armaments"],"picked":"Carnage","floor":8.0},{"not_picked":["Sword Boomerang","Rage"],"picked":"Barricade","floor":10.0},{"not_picked":["Ghostly Armor","Rampage"],"picked":"Sword Boomerang","floor":12.0},{"not_picked":["Body Slam","Warcry"],"picked":"True Grit","floor":13.0},{"not_picked":["Havoc","Carnage"],"picked":"True Grit","floor":14.0},{"not_picked":["Juggernaut","Corruption"],"picked":"Offering","floor":16.0},{"not_picked":["Clothesline","Headbutt"],"picked":"Disarm","floor":18.0},{"not_picked":["Disarm","Anger"],"picked":"Feel No Pain","floor":21.0},{"not_picked":["Heavy Blade","Armaments","Pommel Strike"],"picked":"SKIP","floor":24.0},{"not_picked":["Iron Wave","Rage","Hemokinesis"],"picked":"Singing Bowl","floor":28.0},{"not_picked":["Warcry+1","Headbutt","Blood for Blood"],"picked":"Singing Bowl","floor":31.0},{"not_picked":["Brutality","Bludgeon"],"picked":"Reaper","floor":33.0},{"not_picked":["Spot Weakness+1"],"picked":"Singing Bowl","floor":35.0},{"not_picked":["Dropkick+1"],"picked":"Singing Bowl","floor":36.0},{"not_picked":["Wild Strike+1"],"picked":"Singing Bowl","floor":37.0},{"not_picked":["Sword Boomerang"],"picked":"Singing Bowl","floor":38.0},{"not_picked":["Carnage+1"],"picked":"Singing Bowl","floor":39.0},{"not_picked":["Iron Wave"],"picked":"Singing Bowl","floor":42.0},{"not_picked":["Havoc"],"picked":"Singing Bowl","floor":45.0},{"not_picked":["Flex"],"picked":"Singing Bowl","floor":48.0}],"player_experience":754403,"relics_obtained":[{"floor":3.0,"key":"Orichalcum"},{"floor":7.0,"key":"Ginger"},{"floor":9.0,"key":"InkBottle"},{"floor":12.0,"key":"Happy Flower"},{"floor":26.0,"key":"Singing Bowl"},{"floor":36.0,"key":"Old Coin"},{"floor":41.0,"key":"Nunchaku"},{"floor":43.0,"key":"Art of War"},{"floor":45.0,"key":"CeramicFish"}],"event_choices":[{"cards_removed":["Strike_R"],"damage_healed":0.0,"max_hp_gain":0.0,"max_hp_loss":0.0,"gold_gain":0.0,"event_name":"Golden Wing","player_choice":"Card Removal","floor":2.0,"gold_loss":0.0,"damage_taken":7.0},{"cards_removed":["Strike_R"],"damage_healed":0.0,"max_hp_gain":0.0,"max_hp_loss":0.0,"gold_gain":0.0,"event_name":"Beggar","player_choice":"Gave Gold","floor":19.0,"gold_loss":75.0,"damage_taken":0.0},{"damage_healed":0.0,"max_hp_gain":0.0,"max_hp_loss":0.0,"gold_gain":0.0,"event_name":"Vampires","player_choice":"Ignored","floor":20.0,"gold_loss":0.0,"damage_taken":0.0},{"cards_removed":["Defend_R"],"damage_healed":0.0,"max_hp_gain":0.0,"max_hp_loss":0.0,"gold_gain":0.0,"event_name":"Back to Basics","player_choice":"Elegance","floor":25.0,"gold_loss":0.0,"damage_taken":0.0},{"damage_healed":0.0,"max_hp_gain":0.0,"max_hp_loss":0.0,"gold_gain":0.0,"event_name":"MindBloom","player_choice":"Fight","floor":36.0,"gold_loss":0.0,"damage_taken":0.0},{"damage_healed":0.0,"max_hp_gain":0.0,"max_hp_loss":0.0,"gold_gain":0.0,"event_name":"Tomb of Lord Red Mask","player_choice":"Ignored","floor":44.0,"gold_loss":0.0,"damage_taken":0.0},{"damage_healed":0.0,"max_hp_gain":0.0,"max_hp_loss":0.0,"gold_gain":0.0,"event_name":"Winding Halls","player_choice":"Embrace Madness","floor":46.0,"gold_loss":0.0,"damage_taken":17.0,"cards_obtained":["Madness","Madness"]},{"damage_healed":0.0,"max_hp_gain":0.0,"max_hp_loss":0.0,"gold_gain":0.0,"cards_transformed":["Defend_R"],"event_name":"Transmorgrifier","player_choice":"Transformed","floor":47.0,"gold_loss":0.0,"damage_taken":0.0,"cards_obtained":["Berserk"]}],"is_beta":false,"boss_relics":[{"not_picked":["SacredBark","Mark of Pain"],"picked":"Astrolabe"},{"not_picked":["Calling Bell","Cursed Key"],"picked":"Busted Crown"}],"items_purged_floors":[22],"is_endless":false,"potions_floor_spawned":[5,10,13,24,33,35,36,48],"ascension_level":15}}