{"host":"873t0y8ybyo38pfq","time":1609689282,"event":{"mods":["BaseMod","Bestiary","Colored Map","Colored Powertips","Highlight Path","Minty Spire (QoL Compilation)","Quick Restart","RNG Fix","Rare Cards Sparkle","Relic Stats","StSLib"],"gold_per_floor":[20,20,20,33,44,44,58,58,58,58,58,28,59,73,73,150,150,165,32,49,69,69,104,104,137,161,161,211,211,226,242,242,318,318,332,345,364,189,209,209,226,226,226],"floor_reached":42,"playtime":1493,"items_purged":["Parasite","Decay"],"score":930,"play_id":"f04cabfb-ca0c-4413-b9ab-158d134866d2","local_time":"20210103105442","is_ascension_mode":true,"campfire_choices":[{"floor":6,"key":"REST"},{"floor":10,"key":"REST"},{"floor":15,"key":"REST"},{"floor":24,"key":"REST"},{"floor":27,"key":"REST"},{"floor":29,"key":"REST"},{"data":"Echo Form","floor":32,"key":"SMITH"},{"floor":40,"key":"REST"}],"circlet_count":0,"master_deck":["AscendersBane","Strike_B","Strike_B","Strike_B","Defend_B+1","Defend_B","Defend_B+1","Zap","Dualcast+1","Lockon+1","Static Discharge","Doom and Gloom","Stack+1","White Noise+1","Cold Snap","Rainbow+1","Genetic Algorithm+1","Redo+1","Conserve Battery+1","BootSequence+1","Echo Form+1","Redo+1","Leap+1","Machine Learning","Glacier+1","Defragment","Glacier+1"],"relics":["Cracked Core","FossilizedHelix","Toxic Egg 2","Cables","Cursed Key","Nilry\u0027s Codex","War Paint","Potion Belt","Bag of Marbles","Velvet Choker"],"acts_visited":["Exordium","TheCity","TheBeyond"],"potions_floor_usage":[13,14,16,23,23,31,31,41,41,42],"damage_taken":[{"damage":7,"enemies":"2 Louse","floor":1,"turns":3},{"damage":7,"enemies":"Small Slimes","floor":4,"turns":2},{"damage":7,"enemies":"Jaw Worm","floor":5,"turns":2},{"damage":23,"enemies":"3 Louse","floor":7,"turns":3},{"damage":33,"enemies":"Gremlin Nob","floor":13,"turns":3},{"damage":3,"enemies":"Blue Slaver","floor":14,"turns":4},{"damage":18,"enemies":"The Guardian","floor":16,"turns":9},{"damage":5,"enemies":"Shell Parasite","floor":18,"turns":3},{"damage":0,"enemies":"Spheric Guardian","floor":20,"turns":4},{"damage":23,"enemies":"Snake Plant","floor":21,"turns":3},{"damage":9,"enemies":"Book of Stabbing","floor":23,"turns":5},{"damage":11,"enemies":"Gremlin Leader","floor":25,"turns":6},{"damage":2,"enemies":"Snecko","floor":30,"turns":5},{"damage":15,"enemies":"Centurion and Healer","floor":31,"turns":10},{"damage":5,"enemies":"Collector","floor":33,"turns":9},{"damage":0,"enemies":"3 Shapes","floor":35,"turns":2},{"damage":14,"enemies":"3 Darklings","floor":36,"turns":6},{"damage":12,"enemies":"4 Shapes","floor":37,"turns":4},{"damage":0,"enemies":"Jaw Worm Horde","floor":39,"turns":4},{"damage":16,"enemies":"3 Darklings","floor":41,"turns":8},{"damage":59,"enemies":"Reptomancer","floor":42,"turns":3}],"seed_played":"886103417210630275","potions_obtained":[{"floor":2,"key":"SpeedPotion"},{"floor":2,"key":"FocusPotion"},{"floor":5,"key":"Regen Potion"},{"floor":13,"key":"BlessingOfTheForge"},{"floor":16,"key":"CultistPotion"},{"floor":20,"key":"Weak Potion"},{"floor":25,"key":"Swift Potion"},{"floor":30,"key":"Fruit Juice"},{"floor":33,"key":"Strength Potion"},{"floor":37,"key":"Swift Potion"},{"floor":39,"key":"Energy Potion"}],"is_trial":false,"path_per_floor":["M","?","?","M","M","R","M","?","T","R","T","$","E","M","R","B",null,"M","$","M","M","?","E","R","E","T","R","?","R","M","M","R","B",null,"M","M","M","$","M","R","M","E"],"character_chosen":"DEFECT","items_purchased":["Stack+1","Redo+1","Defragment"],"campfire_rested":7,"item_purchase_floors":[12,19,38],"current_hp_per_floor":[57,57,36,29,22,43,20,37,37,58,58,58,25,34,55,37,63,58,58,58,35,14,5,25,14,14,34,34,54,52,42,42,37,64,64,50,38,38,38,59,43,0,0],"gold":226,"neow_bonus":"REMOVE_TWO","is_daily":false,"chose_seed":false,"campfire_upgraded":1,"win_rate":0.0,"timestamp":1609689282,"path_taken":["M","?","?","M","M","R","?","?","T","R","?","?","E","M","R","BOSS","M","$","M","M","?","E","R","E","T","R","?","R","?","M","R","BOSS","M","M","M","$","M","R","M","E"],"items_purchased_type":["Card","Card","Card"],"build_version":"2020-12-22","purchased_purges":2,"victory":false,"max_hp_per_floor":[71,71,71,71,71,71,71,71,71,71,71,71,71,71,71,71,71,71,68,68,68,68,68,68,68,68,68,68,68,68,73,73,73,73,73,73,73,73,73,73,73,73,73],"relic_stats":{"counters":[21,98],"War Paint":["Defend_B","Defend_B"],"Cursed Key":1,"obtain_stats":[{"Potion Belt":25,"Nilry\u0027s Codex":22,"Velvet Choker":34,"Bag of Marbles":26,"Toxic Egg 2":11,"War Paint":23,"Cracked Core":0,"Cursed Key":17,"FossilizedHelix":9,"Cables":13},{"Potion Belt":12,"Nilry\u0027s Codex":10,"Velvet Choker":15,"Bag of Marbles":12,"Toxic Egg 2":4,"War Paint":11,"Cracked Core":0,"Cursed Key":7,"FossilizedHelix":4,"Cables":5},{"Potion Belt":47,"Nilry\u0027s Codex":36,"Velvet Choker":71,"Bag of Marbles":47,"Toxic Egg 2":10,"War Paint":41,"Cracked Core":0,"Cursed Key":26,"FossilizedHelix":10,"Cables":13}],"Cables":[71,38,14,19,0]},"card_choices":[{"not_picked":["Steam","Turbo"],"picked":"Lockon","floor":1},{"not_picked":["Rip and Tear","Compile Driver"],"picked":"Static Discharge","floor":4},{"not_picked":["Compile Driver","Blizzard","Barrage"],"picked":"SKIP","floor":5},{"not_picked":["Coolheaded","Hologram"],"picked":"Doom and Gloom","floor":7},{"not_picked":["Storm","Barrage"],"picked":"White Noise+1","floor":13},{"not_picked":["Rebound","Turbo+1"],"picked":"Cold Snap","floor":14},{"not_picked":["Biased Cognition","Amplify+1"],"picked":"Rainbow+1","floor":16},{"not_picked":["Fusion+1","Sweeping Beam"],"picked":"Genetic Algorithm+1","floor":18},{"not_picked":["Recycle+1","Turbo+1"],"picked":"Conserve Battery+1","floor":20},{"not_picked":["Beam Cell","Sweeping Beam","BootSequence+1"],"picked":"SKIP","floor":21},{"not_picked":["Beam Cell","Sweeping Beam"],"picked":"BootSequence+1","floor":21},{"not_picked":["Redo+1","Storm"],"picked":"Echo Form","floor":23},{"not_picked":["Reprogram+1","Streamline"],"picked":"Redo+1","floor":25},{"not_picked":["Steam Power+1","Gash"],"picked":"Leap+1","floor":30},{"not_picked":["Stack+1","Sunder","Steam Power+1"],"picked":"SKIP","floor":31},{"not_picked":["Electrodynamics","Meteor Strike"],"picked":"Machine Learning","floor":33},{"not_picked":["Rebound","Turbo+1","Cold Snap"],"picked":"SKIP","floor":35},{"not_picked":["Rebound+1","Stack+1"],"picked":"Glacier+1","floor":36},{"not_picked":["Melter","Sweeping Beam+1","Steam+1"],"picked":"SKIP","floor":37},{"not_picked":["Static Discharge+1","Streamline","Steam+1"],"picked":"SKIP","floor":39},{"not_picked":["Coolheaded+1","Sweeping Beam"],"picked":"Glacier+1","floor":41}],"player_experience":1488712,"relics_obtained":[{"floor":9,"key":"FossilizedHelix"},{"floor":11,"key":"Toxic Egg 2"},{"floor":13,"key":"Cables"},{"floor":22,"key":"Nilry\u0027s Codex"},{"floor":23,"key":"War Paint"},{"floor":25,"key":"Potion Belt"},{"floor":26,"key":"Bag of Marbles"}],"event_choices":[{"damage_healed":0,"gold_gain":0,"player_choice":"Got Potions","damage_taken":0,"max_hp_gain":0,"max_hp_loss":0,"event_name":"Lab","floor":2,"gold_loss":0},{"damage_healed":0,"gold_gain":0,"player_choice":"Entered Light","damage_taken":21,"max_hp_gain":0,"max_hp_loss":0,"event_name":"Shining Light","floor":3,"gold_loss":0,"cards_upgraded":["Lockon","Dualcast"]},{"damage_healed":17,"gold_gain":0,"player_choice":"Healed and dodged fight","damage_taken":0,"max_hp_gain":0,"max_hp_loss":0,"event_name":"Mushrooms","floor":8,"gold_loss":0,"cards_obtained":["Parasite"]},{"damage_healed":0,"gold_gain":0,"player_choice":"Obtained Book","damage_taken":21,"max_hp_gain":0,"max_hp_loss":0,"event_name":"Cursed Tome","floor":22,"gold_loss":0},{"damage_healed":0,"gold_gain":50,"player_choice":"Stole From Cult","damage_taken":0,"max_hp_gain":0,"max_hp_loss":0,"event_name":"Nest","floor":28,"gold_loss":0}],"is_beta":false,"boss_relics":[{"not_picked":["Snecko Eye","Ectoplasm"],"picked":"Cursed Key"},{"not_picked":["Empty Cage","Calling Bell"],"picked":"Velvet Choker"}],"items_purged_floors":[19,38],"is_endless":false,"potions_floor_spawned":[5,13,16,20,25,30,33,37,39],"killed_by":"Reptomancer","ascension_level":20}}