{"host":"54vghy6hfkyy1r39","time":1609654750,"event":{"mods":["AchievementEnabler","BaseMod","Minty Spire (QoL Compilation)","StSLib","SuperFastMode","everything is the same but u backflip on backflip"],"gold_per_floor":[112,37,37,37,37,68,89,125,206,222,222,237,276,276,276,395,395,408,427,72,72,91,91,122,142,169,209,0,0,0,25,25,150,150,166,66,66,104,129,129,152,175,202,202,217,217,217,0,0,0],"floor_reached":51,"playtime":1435,"items_purged":["Strike_P","FlyingSleeves"],"score":762,"play_id":"0fa88553-6b00-4923-b796-3e5cd4070907","local_time":"20210103151910","is_ascension_mode":true,"campfire_choices":[{"floor":11.0,"key":"REST"},{"floor":15.0,"key":"REST"},{"floor":23.0,"key":"REST"},{"floor":32,"key":"REST"},{"floor":40,"key":"DIG"},{"floor":44,"key":"REST"},{"floor":47,"key":"REST"},{"floor":49,"key":"REST"}],"circlet_count":0,"master_deck":["Eruption+1","Vigilance+1","EmptyFist","FlurryOfBlows","EmptyBody","Adaptation","Vault","Ragnarok","FlurryOfBlows","FearNoEvil","Halt","J.A.X.","Swivel+1","Halt","Wish","PathToVictory","JustLucky","SandsOfTime","Establishment","Fasting2","Halt+1","Tantrum+1","CrushJoints+1"],"relics":["PureWater","NeowsBlessing","Centennial Puzzle","Golden Idol","PreservedInsect","Ice Cream","Matryoshka","Pocketwatch","Runic Pyramid","Shovel","Ginger","Bag of Marbles","Art of War","Mercury Hourglass","Pandora\u0027s Box","Orichalcum","Boot","Omamori","Smiling Mask","Red Mask"],"acts_visited":["Exordium","TheCity","TheBeyond"],"potions_floor_usage":[24,33,33,50,50,50,50],"damage_taken":[{"damage":0.0,"enemies":"Jaw Worm","floor":1.0,"turns":1.0},{"damage":0.0,"enemies":"3 Sentries","floor":6.0,"turns":2.0},{"damage":0.0,"enemies":"2 Louse","floor":7.0,"turns":1.0},{"damage":12.0,"enemies":"Gremlin Nob","floor":8.0,"turns":3.0},{"damage":0.0,"enemies":"Small Slimes","floor":10.0,"turns":3.0},{"damage":1.0,"enemies":"2 Fungi Beasts","floor":12.0,"turns":2.0},{"damage":1.0,"enemies":"Lagavulin","floor":13.0,"turns":4.0},{"damage":6.0,"enemies":"Slime Boss","floor":16.0,"turns":7.0},{"damage":0.0,"enemies":"Chosen","floor":18.0,"turns":4.0},{"damage":22.0,"enemies":"3 Byrds","floor":19.0,"turns":6.0},{"damage":17.0,"enemies":"Snake Plant","floor":22.0,"turns":5.0},{"damage":14,"enemies":"Gremlin Leader","floor":24,"turns":4},{"damage":13,"enemies":"Sentry and Sphere","floor":25,"turns":5},{"damage":16,"enemies":"Slavers","floor":27,"turns":4},{"damage":8,"enemies":"Centurion and Healer","floor":31,"turns":4},{"damage":11,"enemies":"Automaton","floor":33,"turns":8},{"damage":24,"enemies":"3 Shapes","floor":35,"turns":2},{"damage":7,"enemies":"Orb Walker","floor":38,"turns":4},{"damage":17,"enemies":"Spire Growth","floor":41,"turns":3},{"damage":16,"enemies":"Maw","floor":42,"turns":3},{"damage":9,"enemies":"4 Shapes","floor":45,"turns":4},{"damage":23,"enemies":"Donu and Deca","floor":50,"turns":5}],"seed_played":"433778994277085748","potions_obtained":[{"floor":6.0,"key":"Dexterity Potion"},{"floor":7.0,"key":"Fire Potion"},{"floor":13.0,"key":"Strength Potion"},{"floor":18.0,"key":"Block Potion"},{"floor":25,"key":"SpeedPotion"},{"floor":31,"key":"Strength Potion"},{"floor":37,"key":"EntropicBrew"},{"floor":37,"key":"DistilledChaos"},{"floor":37,"key":"PowerPotion"}],"is_trial":false,"path_per_floor":["M","$","?","?","?","E","M","E","T","M","R","M","E","?","R","B",null,"M","M","$","?","M","R","E","M","T","E","?","?","$","M","R","B",null,"M","$","?","M","T","R","M","M","T","R","M","?","R","?","R","B",null],"character_chosen":"WATCHER","items_purchased":["Halt","Shovel"],"campfire_rested":7,"item_purchase_floors":[20,20],"current_hp_per_floor":[72,72,69,55,37,37,37,25,25,25,46,45,44,49,72,66,77,77,55,55,55,38,61,47,34,34,18,18,18,18,10,33,22,77,53,53,53,46,46,46,29,13,13,36,27,27,50,50,73,50],"gold":0,"neow_bonus":"THREE_ENEMY_KILL","is_daily":false,"chose_seed":false,"campfire_upgraded":0,"win_rate":0.0,"timestamp":1609654750,"path_taken":["M","$","?","?","?","E","?","E","T","M","R","M","E","?","R","BOSS","M","M","$","?","M","R","E","M","T","E","?","?","$","?","R","BOSS","M","$","?","?","?","R","M","M","T","R","M","?","R","?","R","BOSS"],"items_purchased_type":["Card","Relic"],"build_version":"2020-12-22","purchased_purges":2,"victory":true,"max_hp_per_floor":[72,72,72,72,72,72,72,72,72,72,72,72,72,77,77,77,77,77,77,77,77,77,77,77,77,77,77,77,77,77,77,77,77,77,77,77,77,77,77,77,77,77,77,77,77,77,77,77,77,77],"card_choices":[{"not_picked":["JustLucky","SashWhip","ClearTheMind"],"picked":"SKIP","floor":1.0},{"not_picked":["Evaluate","Perseverance"],"picked":"EmptyFist","floor":6.0},{"not_picked":["PathToVictory","CarveReality"],"picked":"FlurryOfBlows","floor":7.0},{"not_picked":["Protect","Study"],"picked":"EmptyBody","floor":8.0},{"not_picked":["JustLucky","SashWhip"],"picked":"Adaptation","floor":10.0},{"not_picked":["Weave","Consecrate","Perseverance"],"picked":"SKIP","floor":12.0},{"not_picked":["JustLucky","Crescendo"],"picked":"Vault","floor":13.0},{"not_picked":["LessonLearned","Wish"],"picked":"Ragnarok","floor":16.0},{"not_picked":["Indignation","Prostrate"],"picked":"FlurryOfBlows","floor":18.0},{"not_picked":["Prostrate+1","FollowUp"],"picked":"FearNoEvil","floor":19.0},{"not_picked":["WheelKick+1","PathToVictory+1"],"picked":"Swivel+1","floor":22.0},{"not_picked":["Consecrate","Study","Swivel"],"picked":"SKIP","floor":24},{"not_picked":["CutThroughFate","BowlingBash","Worship"],"picked":"SKIP","floor":25},{"not_picked":["CutThroughFate","SandsOfTime"],"picked":"Halt","floor":27},{"not_picked":["EmptyMind","Worship","WheelKick"],"picked":"SKIP","floor":31},{"not_picked":["Establishment","Alpha"],"picked":"Wish","floor":33},{"not_picked":["Wireheading+1","Weave+1"],"picked":"Halt+1","floor":35},{"not_picked":["Nirvana","Weave+1"],"picked":"Tantrum+1","floor":38},{"not_picked":["Sanctity+1","Crescendo+1"],"picked":"CrushJoints+1","floor":41},{"not_picked":["WindmillStrike+1","SandsOfTime+1","CrushJoints+1"],"picked":"SKIP","floor":42},{"not_picked":["FollowUp+1","SashWhip","WheelKick"],"picked":"SKIP","floor":45}],"player_experience":176963,"relics_obtained":[{"floor":6.0,"key":"PreservedInsect"},{"floor":8.0,"key":"Ice Cream"},{"floor":9.0,"key":"Matryoshka"},{"floor":13.0,"key":"Pocketwatch"},{"floor":24,"key":"Ginger"},{"floor":26,"key":"Bag of Marbles"},{"floor":26,"key":"Art of War"},{"floor":27,"key":"Mercury Hourglass"},{"floor":39,"key":"Orichalcum"},{"floor":39,"key":"Boot"},{"floor":40,"key":"Omamori"},{"floor":43,"key":"Smiling Mask"}],"event_choices":[{"damage_healed":0.0,"max_hp_gain":0.0,"max_hp_loss":0.0,"gold_gain":0.0,"event_name":"Scrap Ooze","player_choice":"Success","floor":3.0,"gold_loss":0.0,"damage_taken":3.0,"relics_obtained":["Centennial Puzzle"]},{"damage_healed":0.0,"max_hp_gain":0.0,"max_hp_loss":0.0,"gold_gain":0.0,"event_name":"Shining Light","player_choice":"Entered Light","floor":4.0,"gold_loss":0.0,"damage_taken":14.0,"cards_upgraded":["Vigilance","Eruption"]},{"damage_healed":0.0,"max_hp_gain":0.0,"max_hp_loss":0.0,"gold_gain":0.0,"event_name":"Golden Idol","player_choice":"Take Damage","floor":5.0,"gold_loss":0.0,"damage_taken":18.0,"relics_obtained":["Golden Idol"]},{"damage_healed":0.0,"max_hp_gain":5.0,"max_hp_loss":0.0,"gold_gain":0.0,"event_name":"Big Fish","player_choice":"Donut","floor":14.0,"gold_loss":0.0,"damage_taken":0.0},{"damage_healed":0.0,"max_hp_gain":0.0,"max_hp_loss":0.0,"gold_gain":0.0,"event_name":"Drug Dealer","player_choice":"Obtain J.A.X.","floor":21.0,"gold_loss":0.0,"damage_taken":0.0,"cards_obtained":["J.A.X."]},{"damage_healed":0,"gold_gain":0,"player_choice":"Paid Fearfully","damage_taken":0,"max_hp_gain":0,"max_hp_loss":0,"event_name":"Masked Bandits","floor":28,"gold_loss":209},{"damage_healed":0,"gold_gain":0,"player_choice":"Ignored","damage_taken":0,"max_hp_gain":0,"max_hp_loss":0,"event_name":"Cursed Tome","floor":29,"gold_loss":0},{"damage_healed":0,"gold_gain":0,"player_choice":"Got Potions","damage_taken":0,"max_hp_gain":0,"max_hp_loss":0,"event_name":"Lab","floor":37,"gold_loss":0},{"cards_removed":["Ragnarok"],"damage_healed":0,"gold_gain":0,"player_choice":"Removed Attack","damage_taken":0,"max_hp_gain":0,"max_hp_loss":0,"event_name":"Falling","floor":46,"gold_loss":0},{"damage_healed":0,"gold_gain":0,"player_choice":"Paid","damage_taken":0,"relics_obtained":["Red Mask"],"max_hp_gain":0,"max_hp_loss":0,"event_name":"Tomb of Lord Red Mask","floor":48,"gold_loss":217}],"is_beta":false,"boss_relics":[{"not_picked":["Velvet Choker","Runic Dome"],"picked":"Runic Pyramid"},{"not_picked":["Black Star","Tiny House"],"picked":"Pandora\u0027s Box"}],"items_purged_floors":[2,36],"is_endless":false,"potions_floor_spawned":[6,7,13,18,25,31,41,42],"ascension_level":1}}