{"host":"j45ucdvl5ntpx4kf","time":1609640405,"event":{"mods":["AchievementEnabler","BaseMod","Colored Map","Colored Powertips","Minty Spire (QoL Compilation)","StSLib"],"gold_per_floor":[110,110,110,128,146,146,146,172,172,203,203,236,246,260,260,364,364,377,377,12,27,27,27,54,54,54,87,87,98,98,116,116,217,217,231,231,250,266,286,321,321,338,338,338,352,352,370,389,389,389,389,389,14,47,47,47],"floor_reached":55,"playtime":2404,"items_purged":["Strike_R"],"score":911,"play_id":"33dead0d-eb93-4c45-aebc-1277bed4d298","local_time":"20210102212005","is_ascension_mode":true,"campfire_choices":[{"data":"Spot Weakness","floor":6.0,"key":"SMITH"},{"floor":11.0,"key":"REST"},{"floor":15.0,"key":"REST"},{"data":"Pummel","floor":23.0,"key":"SMITH"},{"data":"Iron Wave","floor":25.0,"key":"SMITH"},{"data":"Heavy Blade","floor":32.0,"key":"SMITH"},{"data":"Inflame","floor":41.0,"key":"SMITH"},{"floor":46,"key":"REST"},{"floor":49,"key":"RECALL"},{"data":"Anger","floor":52,"key":"SMITH"}],"circlet_count":0,"master_deck":["Strike_R+1","Strike_R+1","Strike_R+1","Defend_R+1","Defend_R+1","Defend_R+1","Defend_R+1","Bash","Spot Weakness+1","Cleave","Pummel+1","Pommel Strike","Battle Trance+1","Shrug It Off+1","Reaper","Iron Wave+1","Inflame+1","Limit Break+1","Shrug It Off+1","Intimidate+1","Sword Boomerang","Anger+1","Heavy Blade+1","Double Tap+1","Heavy Blade+1","Battle Trance+1","Flex+1","Bloodletting+1","Disarm+1","Spot Weakness+1"],"relics":["Burning Blood","Toxic Egg 2","Bag of Preparation","Centennial Puzzle","Akabeko","Ornamental Fan","SlaversCollar","Pocketwatch","Mummified Hand","Omamori","Calling Bell","Blood Vial","HornCleat","Calipers","Toy Ornithopter","Membership Card","Pen Nib","Anchor","White Beast Statue"],"acts_visited":["Exordium","TheCity","TheBeyond","TheEnding"],"potions_floor_usage":[50,55,55,55],"damage_taken":[{"damage":5.0,"enemies":"2 Louse","floor":1.0,"turns":4.0},{"damage":12.0,"enemies":"Jaw Worm","floor":4.0,"turns":3.0},{"damage":7.0,"enemies":"Small Slimes","floor":5.0,"turns":3.0},{"damage":16.0,"enemies":"Gremlin Nob","floor":8.0,"turns":3.0},{"damage":38.0,"enemies":"Lagavulin","floor":10.0,"turns":8.0},{"damage":11.0,"enemies":"3 Sentries","floor":12.0,"turns":5.0},{"damage":0.0,"enemies":"3 Louse","floor":13.0,"turns":2.0},{"damage":0.0,"enemies":"Looter","floor":14.0,"turns":2.0},{"damage":47.0,"enemies":"The Guardian","floor":16.0,"turns":13.0},{"damage":0.0,"enemies":"Spheric Guardian","floor":18.0,"turns":3.0},{"damage":19.0,"enemies":"2 Thieves","floor":21.0,"turns":4.0},{"damage":9.0,"enemies":"Gremlin Leader","floor":24.0,"turns":7.0},{"damage":6.0,"enemies":"Book of Stabbing","floor":27.0,"turns":4.0},{"damage":16.0,"enemies":"Sentry and Sphere","floor":29.0,"turns":4.0},{"damage":6.0,"enemies":"Shelled Parasite and Fungi","floor":31.0,"turns":3.0},{"damage":37.0,"enemies":"Automaton","floor":33.0,"turns":5.0},{"damage":0.0,"enemies":"Orb Walker","floor":35.0,"turns":3.0},{"damage":0.0,"enemies":"3 Shapes","floor":37.0,"turns":4.0},{"damage":3.0,"enemies":"3 Darklings","floor":38.0,"turns":4.0},{"damage":18.0,"enemies":"Jaw Worm Horde","floor":39.0,"turns":4.0},{"damage":3.0,"enemies":"Reptomancer","floor":40.0,"turns":2.0},{"damage":16.0,"enemies":"Writhing Mass","floor":42.0,"turns":6.0},{"damage":49,"enemies":"Spire Growth","floor":45,"turns":5},{"damage":5,"enemies":"Maw","floor":47,"turns":6},{"damage":3,"enemies":"Sphere and 2 Shapes","floor":48,"turns":3},{"damage":52,"enemies":"Time Eater","floor":50,"turns":5},{"damage":26,"enemies":"Shield and Spear","floor":54,"turns":4},{"damage":154,"enemies":"The Heart","floor":55,"turns":6}],"seed_played":"-1391525655716813","potions_obtained":[{"floor":1.0,"key":"AttackPotion"},{"floor":4.0,"key":"Dexterity Potion"},{"floor":5.0,"key":"ColorlessPotion"},{"floor":16.0,"key":"AttackPotion"},{"floor":24.0,"key":"Explosive Potion"},{"floor":27.0,"key":"BloodPotion"},{"floor":35.0,"key":"Swift Potion"},{"floor":47,"key":"Dexterity Potion"}],"is_trial":false,"path_per_floor":["M","?","?","M","M","R","?","E","T","E","R","E","M","M","R","B",null,"M","?","$","M","?","R","E","R","T","E","?","M","?","M","R","B",null,"M","?","M","M","M","E","R","M","T","?","M","R","M","M","R","B",null,"R","$","E","B"],"character_chosen":"IRONCLAD","items_purchased":["Inflame","Limit Break+1","Shrug It Off+1","SkillPotion","Membership Card","Pen Nib","Disarm+1","Anchor","Energy Potion"],"campfire_rested":3,"item_purchase_floors":[20,20,20,20,53,53,53,53,53],"current_hp_per_floor":[88,76,76,70,69,69,51,41,41,9,35,30,36,42,68,27,88,88,88,88,75,75,75,88,88,88,88,88,78,78,78,78,47,88,88,88,88,88,76,88,88,88,88,88,45,71,88,88,88,42,88,88,88,68,0,0],"gold":47,"neow_bonus":"TEN_PERCENT_HP_BONUS","is_daily":false,"chose_seed":false,"campfire_upgraded":6,"win_rate":0.0,"timestamp":1609640405,"path_taken":["M","?","?","M","M","R","?","E","T","E","R","E","M","M","R","BOSS","M","?","$","M","?","R","E","R","T","E","?","M","?","M","R","BOSS","M","?","?","M","M","E","R","M","T","?","M","R","M","M","R","BOSS","R","$","E","BOSS"],"items_purchased_type":["Card","Card","Card","Potion","Relic","Relic","Card","Relic","Potion"],"build_version":"2020-12-22","purchased_purges":1,"victory":false,"max_hp_per_floor":[88,88,88,88,88,88,88,88,88,88,88,88,88,88,88,88,88,88,88,88,88,88,88,88,88,88,88,88,88,88,88,88,88,88,88,88,88,88,88,88,88,88,88,88,88,88,88,88,88,88,88,88,88,88,88,88],"card_choices":[{"not_picked":["Rage","Dark Embrace"],"picked":"Spot Weakness","floor":1.0},{"not_picked":["True Grit+1","Rampage","Evolve"],"picked":"SKIP","floor":4.0},{"not_picked":["Thunderclap","Reckless Charge"],"picked":"Cleave","floor":5.0},{"not_picked":["Clothesline","Body Slam","Second Wind+1"],"picked":"SKIP","floor":8.0},{"not_picked":["Flex+1","Brutality"],"picked":"Pummel","floor":10.0},{"not_picked":["Cleave","Twin Strike"],"picked":"Pommel Strike","floor":12.0},{"not_picked":["Second Wind+1","Headbutt"],"picked":"Battle Trance+1","floor":13.0},{"not_picked":["Wild Strike","Sever Soul"],"picked":"Shrug It Off+1","floor":14.0},{"not_picked":["Barricade","Corruption"],"picked":"Reaper","floor":16.0},{"not_picked":["Cleave+1","Warcry+1"],"picked":"Iron Wave","floor":18.0},{"not_picked":["Searing Blow","Cleave"],"picked":"Intimidate+1","floor":21.0},{"not_picked":["Juggernaut","Burning Pact+1","Dropkick+1"],"picked":"SKIP","floor":24.0},{"not_picked":["Wild Strike+1","Armaments+1"],"picked":"Sword Boomerang","floor":27.0},{"not_picked":["Armaments+1","Perfected Strike","Twin Strike"],"picked":"SKIP","floor":29.0},{"not_picked":["Infernal Blade+1","Pommel Strike"],"picked":"Heavy Blade","floor":31.0},{"not_picked":["Barricade","Demon Form"],"picked":"Double Tap+1","floor":33.0},{"not_picked":["Dark Embrace","Anger"],"picked":"Heavy Blade+1","floor":35.0},{"not_picked":["Whirlwind","Pommel Strike+1"],"picked":"Flex+1","floor":37.0},{"not_picked":["Feed","Headbutt","Iron Wave+1"],"picked":"SKIP","floor":38.0},{"not_picked":["Searing Blow","Pommel Strike+1"],"picked":"Bloodletting+1","floor":39.0},{"not_picked":["Shockwave+1","Fire Breathing+1","Impervious+1"],"picked":"SKIP","floor":40.0},{"not_picked":["Clash+1","Shrug It Off+1","Cleave+1"],"picked":"SKIP","floor":42.0},{"not_picked":["Wild Strike+1","Ghostly Armor+1","Clash+1"],"picked":"SKIP","floor":45},{"not_picked":["Clothesline","Thunderclap","Cleave+1"],"picked":"SKIP","floor":47},{"not_picked":["Flame Barrier+1","Wild Strike","Brutality"],"picked":"SKIP","floor":48},{"not_picked":["Feel No Pain","Warcry+1"],"picked":"Spot Weakness+1","floor":54}],"player_experience":119784,"relics_obtained":[{"floor":8.0,"key":"Bag of Preparation"},{"floor":9.0,"key":"Centennial Puzzle"},{"floor":10.0,"key":"Akabeko"},{"floor":12.0,"key":"Ornamental Fan"},{"floor":24.0,"key":"Pocketwatch"},{"floor":26.0,"key":"Mummified Hand"},{"floor":27.0,"key":"Omamori"},{"floor":34.0,"key":"Blood Vial"},{"floor":34.0,"key":"HornCleat"},{"floor":34.0,"key":"Calipers"},{"floor":40.0,"key":"Toy Ornithopter"},{"floor":54,"key":"White Beast Statue"}],"event_choices":[{"damage_healed":0.0,"max_hp_gain":0.0,"max_hp_loss":0.0,"gold_gain":0.0,"event_name":"Scrap Ooze","player_choice":"Success","floor":2.0,"gold_loss":0.0,"damage_taken":12.0,"relics_obtained":["Toxic Egg 2"]},{"cards_removed":["Strike_R"],"damage_healed":0.0,"max_hp_gain":0.0,"max_hp_loss":0.0,"gold_gain":0.0,"event_name":"Living Wall","player_choice":"Forget","floor":3.0,"gold_loss":0.0,"damage_taken":0.0},{"damage_healed":0.0,"max_hp_gain":0.0,"max_hp_loss":0.0,"gold_gain":0.0,"event_name":"Shining Light","player_choice":"Entered Light","floor":7.0,"gold_loss":0.0,"damage_taken":18.0,"cards_upgraded":["Strike_R","Defend_R"]},{"damage_healed":0.0,"max_hp_gain":0.0,"max_hp_loss":0.0,"gold_gain":0.0,"event_name":"Ghosts","player_choice":"Ignored","floor":19.0,"gold_loss":0.0,"damage_taken":0.0},{"damage_healed":0.0,"max_hp_gain":0.0,"max_hp_loss":0.0,"gold_gain":0.0,"event_name":"The Library","player_choice":"Read","floor":28.0,"gold_loss":0.0,"damage_taken":0.0,"cards_obtained":["Anger"]},{"damage_healed":0.0,"max_hp_gain":0.0,"max_hp_loss":0.0,"gold_gain":0.0,"event_name":"Back to Basics","player_choice":"Simplicity","floor":30.0,"gold_loss":0.0,"damage_taken":0.0,"cards_upgraded":["Strike_R","Strike_R","Defend_R","Defend_R","Defend_R"]},{"damage_healed":0.0,"max_hp_gain":0.0,"max_hp_loss":0.0,"gold_gain":0.0,"event_name":"Duplicator","player_choice":"Copied","floor":36.0,"gold_loss":0.0,"damage_taken":0.0,"cards_obtained":["Battle Trance"]},{"damage_healed":0,"gold_gain":0,"player_choice":"0 cards matched","damage_taken":0,"max_hp_gain":0,"max_hp_loss":0,"event_name":"Match and Keep!","floor":44,"gold_loss":0,"cards_obtained":[]}],"is_beta":false,"boss_relics":[{"not_picked":["Sozu","Ectoplasm"],"picked":"SlaversCollar"},{"not_picked":["Tiny House","Snecko Eye"],"picked":"Calling Bell"}],"items_purged_floors":[20],"is_endless":false,"potions_floor_spawned":[1,4,5,16,24,27,35,38,39,47,48,54],"killed_by":"The Heart","ascension_level":4}}