{"host":"fuszjwm6fqgjjp4d","time":1609718049,"event":{"mods":["BaseMod","Bestiary","Colored Map","DeckTracker","Minty Spire (QoL Compilation)","Permanent Neow","Relic Sorter","Relic Stats","StSLib"],"gold_per_floor":[113,113,113,166,180,180,180,180],"floor_reached":7,"playtime":461,"items_purged":[],"score":78,"play_id":"5df2f93b-252d-46c3-86f2-97f9b3789140","local_time":"20210103175409","is_ascension_mode":true,"campfire_choices":[{"data":"Dash","floor":6,"key":"SMITH"}],"circlet_count":0,"master_deck":["AscendersBane","Strike_G","Strike_G","Strike_G","Strike_G","Strike_G","Defend_G+1","Defend_G","Defend_G","Defend_G+1","Defend_G","Survivor","Neutralize","Dash+1","PiercingWail"],"relics":["Ring of the Snake","Regal Pillow"],"acts_visited":["Exordium"],"potions_floor_usage":[],"damage_taken":[{"damage":6,"enemies":"Cultist","floor":1,"turns":5},{"damage":0,"enemies":"2 Louse","floor":5,"turns":3},{"damage":42,"enemies":"3 Sentries","floor":7,"turns":15}],"seed_played":"8340858611959394840","potions_obtained":[],"is_trial":false,"path_per_floor":["M","?","?","T","M","R","E"],"character_chosen":"THE_SILENT","items_purchased":[],"campfire_rested":0,"item_purchase_floors":[],"current_hp_per_floor":[53,58,37,37,37,37,0,0],"gold":180,"neow_bonus":"THREE_CARDS","is_daily":false,"chose_seed":false,"campfire_upgraded":1,"win_rate":0.0,"timestamp":1609718049,"path_taken":["M","?","?","?","M","R","E"],"items_purchased_type":[],"build_version":"2020-12-22","purchased_purges":0,"victory":false,"max_hp_per_floor":[66,71,71,71,71,71,71,71],"relic_stats":{"Regal Pillow":0,"counters":[3,23],"obtain_stats":[{"Regal Pillow":4,"Ring of the Snake":0},{"Regal Pillow":1,"Ring of the Snake":0},{"Regal Pillow":5,"Ring of the Snake":0}],"Ring of the Snake":[6]},"card_choices":[{"not_picked":["Deflect","Bane"],"picked":"Dash","floor":0},{"not_picked":["Accuracy","Sucker Punch"],"picked":"PiercingWail","floor":1},{"not_picked":["Acrobatics","Outmaneuver","Deflect"],"picked":"SKIP","floor":5}],"player_experience":1240897,"relics_obtained":[{"floor":4,"key":"Regal Pillow"}],"event_choices":[{"damage_healed":0,"gold_gain":0,"player_choice":"Donut","damage_taken":0,"max_hp_gain":5,"max_hp_loss":0,"event_name":"Big Fish","floor":2,"gold_loss":0},{"damage_healed":0,"gold_gain":0,"player_choice":"Entered Light","damage_taken":21,"max_hp_gain":0,"max_hp_loss":0,"event_name":"Shining Light","floor":3,"gold_loss":0,"cards_upgraded":["Defend_G","Defend_G"]}],"is_beta":false,"boss_relics":[],"items_purged_floors":[],"is_endless":false,"potions_floor_spawned":[],"killed_by":"3 Sentries","ascension_level":20}}