{"host":"y89x8uui45kcjy42","time":1609684740,"event":{"mods":["2.2 Compatiblity","BaseMod","CapriCore","Colored Map","Colored Powertips","Custom Start","Friendly Minions","Keyboard Shortcuts","Minty Spire (QoL Compilation)","Relic Stats","Slay the Relics Exporter","StSLib","SuperFastMode"],"gold_per_floor":[111,111,111,36,50,50,66,66,66],"floor_reached":8,"playtime":143,"items_purged":["Writhe"],"score":92,"play_id":"8f5d2c18-fe15-4c11-a409-cfb330d04812","local_time":"20210103233900","is_ascension_mode":true,"campfire_choices":[{"data":"Strike_B","floor":6,"key":"PURGE"}],"circlet_count":0,"master_deck":["AscendersBane","Strike_B","Strike_B","Strike_B","Defend_B","Defend_B+1","Defend_B+1","Defend_B","Zap","Dualcast","Gash","Genetic Algorithm","Glacier"],"relics":["Cracked Core","Peace Pipe","HornCleat"],"acts_visited":["Exordium"],"potions_floor_usage":[],"damage_taken":[{"damage":17,"enemies":"Small Slimes","floor":1,"turns":5},{"damage":0,"enemies":"2 Louse","floor":5,"turns":3},{"damage":0,"enemies":"Jaw Worm","floor":7,"turns":4},{"damage":6,"enemies":"Lagavulin","floor":8,"turns":3}],"seed_played":"3027598225907107626","potions_obtained":[{"floor":1,"key":"FairyPotion"},{"floor":5,"key":"SpeedPotion"}],"is_trial":false,"path_per_floor":["M","?","?","$","M","R","M","E"],"character_chosen":"DEFECT","items_purchased":[],"campfire_rested":0,"item_purchase_floors":[],"current_hp_per_floor":[47,26,2,2,2,2,2,0,0],"gold":66,"neow_bonus":"ONE_RARE_RELIC","is_daily":false,"chose_seed":false,"campfire_upgraded":0,"win_rate":0.0,"timestamp":1609684740,"path_taken":["M","?","?","$","M","R","M","E"],"items_purchased_type":[],"build_version":"2020-12-22","purchased_purges":1,"victory":false,"max_hp_per_floor":[71,71,71,71,71,71,71,71,71],"relic_stats":{"Peace Pipe":1,"counters":[4,15],"obtain_stats":[{"Peace Pipe":0,"HornCleat":3,"Cracked Core":0},{"Peace Pipe":0,"HornCleat":1,"Cracked Core":0},{"Peace Pipe":0,"HornCleat":5,"Cracked Core":0}]},"card_choices":[{"not_picked":["Conserve Battery","Compile Driver"],"picked":"Gash","floor":1},{"not_picked":["Ball Lightning","Cold Snap"],"picked":"Genetic Algorithm","floor":5},{"not_picked":["Steam Power","Coolheaded"],"picked":"Glacier","floor":7}],"player_experience":552396,"relics_obtained":[],"event_choices":[{"damage_healed":0,"gold_gain":0,"player_choice":"Entered Light","damage_taken":21,"max_hp_gain":0,"max_hp_loss":0,"event_name":"Shining Light","floor":2,"gold_loss":0,"cards_upgraded":["Defend_B","Defend_B"]},{"damage_healed":0,"gold_gain":0,"player_choice":"Success","damage_taken":45,"relics_obtained":["HornCleat"],"max_hp_gain":0,"max_hp_loss":0,"event_name":"Scrap Ooze","floor":3,"gold_loss":0}],"is_beta":false,"boss_relics":[],"items_purged_floors":[4],"is_endless":false,"potions_floor_spawned":[1,5],"killed_by":"Lagavulin","ascension_level":20}}