{"host":"y7sd46uq4xlni546","time":1609707543,"event":{"mods":["AchievementEnabler","BaseMod","Colored Map","Colored Powertips","Curses Come First","Filter the Spire","Minty Spire (QoL Compilation)","Quick Restart","Random Character Button","Rare Cards Sparkle","StSLib"],"gold_per_floor":[113,64,80,30,44,44,77,91,115,164,35,35,48,73,73,194,194,217,205,205,225,225,225],"floor_reached":22,"playtime":912,"items_purged":["Defend_R"],"score":188,"play_id":"94ecd2bd-0bee-4ccd-9922-5127cf306953","local_time":"20210103215903","is_ascension_mode":false,"campfire_choices":[{"floor":6.0,"key":"REST"},{"floor":15.0,"key":"REST"}],"circlet_count":0,"master_deck":["Strike_R","Strike_R","Strike_R","Defend_R","Bash","CurseOfTheBell","Armaments+1","Shrug It Off+1","Shrug It Off+1","Flex+1","Uppercut+1","Warcry+1","Body Slam"],"relics":["Calling Bell","Tiny Chest","Toxic Egg 2","Ginger","Centennial Puzzle","Bag of Marbles","MealTicket","Golden Idol","Astrolabe"],"acts_visited":["Exordium","TheCity"],"potions_floor_usage":[16,21],"damage_taken":[{"damage":21.0,"enemies":"Cultist","floor":1.0,"turns":7.0},{"damage":0.0,"enemies":"Small Slimes","floor":3.0,"turns":3.0},{"damage":7.0,"enemies":"Jaw Worm","floor":5.0,"turns":3.0},{"damage":21.0,"enemies":"3 Sentries","floor":7.0,"turns":9.0},{"damage":9.0,"enemies":"Exordium Wildlife","floor":8.0,"turns":4.0},{"damage":10.0,"enemies":"Looter","floor":13.0,"turns":3.0},{"damage":2.0,"enemies":"Blue Slaver","floor":14.0,"turns":4.0},{"damage":49,"enemies":"The Guardian","floor":16,"turns":15},{"damage":7,"enemies":"Shell Parasite","floor":18,"turns":7},{"damage":6,"enemies":"2 Thieves","floor":19,"turns":4},{"damage":63,"enemies":"Cultist and Chosen","floor":21,"turns":10},{"damage":13,"enemies":"Centurion and Healer","floor":22,"turns":3}],"seed_played":"721888967445359940","potions_obtained":[{"floor":3.0,"key":"Explosive Potion"},{"floor":13.0,"key":"GamblersBrew"},{"floor":16,"key":"LiquidBronze"},{"floor":18,"key":"ColorlessPotion"},{"floor":19,"key":"SpeedPotion"}],"is_trial":false,"path_per_floor":["M","$","M","?","M","R","E","M","T","T","$","?","M","M","R","B",null,"M","M","$","M","M"],"character_chosen":"IRONCLAD","items_purchased":["Armaments+1","Shrug It Off+1"],"campfire_rested":2,"item_purchase_floors":[2,11],"current_hp_per_floor":[59,59,59,59,52,76,55,46,46,46,61,61,51,49,71,22,74,67,61,74,11,0,0],"gold":225,"neow_bonus":"BOSS_RELIC","is_daily":false,"chose_seed":false,"campfire_upgraded":0,"win_rate":0.0,"timestamp":1609707543,"path_taken":["M","?","?","?","M","R","E","M","T","?","?","?","M","M","R","BOSS","M","M","$","M","M"],"items_purchased_type":["Card","Card"],"build_version":"2020-12-22","purchased_purges":1,"victory":false,"max_hp_per_floor":[80,80,80,80,80,80,80,80,80,80,80,74,74,74,74,74,74,74,74,74,74,74,74],"card_choices":[{"not_picked":["Shockwave+1","Headbutt","Clothesline"],"picked":"SKIP","floor":1.0},{"not_picked":["Sever Soul","Twin Strike","Anger"],"picked":"SKIP","floor":3.0},{"not_picked":["Iron Wave","Thunderclap","Flame Barrier+1"],"picked":"SKIP","floor":5.0},{"not_picked":["Warcry+1","Dark Embrace","Immolate"],"picked":"SKIP","floor":7.0},{"not_picked":["Anger","Dual Wield+1","Twin Strike"],"picked":"SKIP","floor":8.0},{"not_picked":["Burning Pact+1","Immolate"],"picked":"Shrug It Off+1","floor":13.0},{"not_picked":["Clothesline","Disarm+1","Clash"],"picked":"SKIP","floor":14.0},{"not_picked":["Armaments+1","Flame Barrier+1","Iron Wave"],"picked":"SKIP","floor":18},{"not_picked":["Perfected Strike","Heavy Blade","Sword Boomerang+1"],"picked":"SKIP","floor":19},{"not_picked":["Intimidate+1","Wild Strike"],"picked":"Body Slam","floor":21}],"player_experience":599035,"relics_obtained":[{"floor":0.0,"key":"Tiny Chest"},{"floor":0.0,"key":"Toxic Egg 2"},{"floor":0.0,"key":"Ginger"},{"floor":7.0,"key":"Centennial Puzzle"},{"floor":9.0,"key":"Bag of Marbles"},{"floor":10.0,"key":"MealTicket"}],"event_choices":[{"cards_removed":["Defend_R"],"damage_healed":0.0,"max_hp_gain":0.0,"max_hp_loss":0.0,"gold_gain":0.0,"event_name":"The Cleric","player_choice":"Card Removal","floor":4.0,"gold_loss":50.0,"damage_taken":0.0},{"damage_healed":0.0,"max_hp_gain":0.0,"max_hp_loss":6.0,"gold_gain":0.0,"event_name":"Golden Idol","player_choice":"Lose Max HP","floor":12.0,"gold_loss":0.0,"damage_taken":0.0,"relics_obtained":["Golden Idol"]}],"is_beta":false,"boss_relics":[{"not_picked":["Runic Cube","Runic Dome"],"picked":"Astrolabe"}],"items_purged_floors":[11],"is_endless":false,"potions_floor_spawned":[3,13,16,18,19],"killed_by":"Centurion and Healer","ascension_level":0}}