{"host":"armnliea5o2aqs4b","time":1609676309,"event":{"mods":["BaseMod","Hubris","Infinite Spire","Minty Spire (QoL Compilation)","Quick Restart","StSLib"],"gold_per_floor":[109,109,109,123,223,257,268,302,302,302,317,334,334,334,334,334,334],"floor_reached":16,"playtime":344,"items_purged":[],"score":162,"play_id":"fb1d33c1-db73-4f11-a95e-fe62f46af181","local_time":"20210103231829","is_ascension_mode":true,"campfire_choices":[{"data":"Barricade","floor":10,"key":"SMITH"},{"data":"Perfected Strike","floor":13,"key":"SMITH"},{"data":"Flex","floor":15,"key":"SMITH"}],"circlet_count":0,"master_deck":["Strike_R","Strike_R","Strike_R","Strike_R","Strike_R","Defend_R","Defend_R","Defend_R","Defend_R","Bash","Perfected Strike+1","Whirlwind","Flex+1","Barricade+1","Thunderclap","Flex","Parasite"],"relics":["Burning Blood","NeowsBlessing","Strawberry","infinitespire:Satchel","hubris:MobiusCoin"],"acts_visited":["Exordium"],"potions_floor_usage":[16,16,16],"damage_taken":[{"damage":0,"enemies":"2 Louse","floor":1,"turns":1},{"damage":0,"enemies":"Cultist","floor":4,"turns":1},{"damage":0,"enemies":"3 Sentries","floor":6,"turns":1},{"damage":7,"enemies":"Jaw Worm","floor":7,"turns":2},{"damage":47,"enemies":"Lagavulin","floor":8,"turns":10},{"damage":13,"enemies":"Blue Slaver","floor":11,"turns":5},{"damage":8,"enemies":"Gremlin Gang","floor":12,"turns":2},{"damage":64,"enemies":"Hexaghost","floor":16,"turns":7}],"seed_played":"8151330940387901277","potions_obtained":[{"floor":1,"key":"Energy Potion"},{"floor":7,"key":"infinitespire:BlackPotion"},{"floor":11,"key":"ColorlessPotion"}],"is_trial":false,"path_per_floor":["M","?","$","M","?","E","M","E","T","R","M","M","R","?","R","B"],"character_chosen":"IRONCLAD","items_purchased":[],"campfire_rested":0,"item_purchase_floors":[],"current_hp_per_floor":[80,80,80,80,80,87,86,45,45,45,38,36,36,57,57,0,0],"gold":334,"neow_bonus":"THREE_ENEMY_KILL","is_daily":false,"chose_seed":false,"campfire_upgraded":3,"win_rate":0.0,"timestamp":1609676309,"path_taken":["M","?","?","M","?","E","M","E","T","R","?","?","R","?","R","BOSS"],"items_purchased_type":[],"build_version":"2020-12-22","purchased_purges":0,"victory":false,"max_hp_per_floor":[80,80,80,80,80,87,87,87,87,87,87,87,87,87,87,87,87],"card_choices":[{"not_picked":["Havoc","Anger"],"picked":"Carnage","floor":1},{"not_picked":["Entrench","Twin Strike"],"picked":"Whirlwind","floor":4},{"not_picked":["Heavy Blade","Sword Boomerang"],"picked":"Flex","floor":6},{"not_picked":["Entrench","True Grit"],"picked":"Barricade","floor":7},{"not_picked":["Perfected Strike","Ghostly Armor"],"picked":"Thunderclap","floor":8},{"not_picked":["Sword Boomerang","hubris:CleavingFinish","Havoc"],"picked":"SKIP","floor":11},{"not_picked":["Blood for Blood","Rupture"],"picked":"Flex","floor":12}],"player_experience":155655,"relics_obtained":[{"floor":6,"key":"Strawberry"},{"floor":8,"key":"infinitespire:Satchel"},{"floor":9,"key":"hubris:MobiusCoin"}],"event_choices":[{"damage_healed":0,"gold_gain":0,"cards_transformed":["Carnage"],"player_choice":"Transformed","damage_taken":0,"max_hp_gain":0,"max_hp_loss":0,"event_name":"Transmorgrifier","floor":2,"gold_loss":0,"cards_obtained":["Perfected Strike"]},{"damage_healed":0,"gold_gain":100,"player_choice":"Pray","damage_taken":0,"max_hp_gain":0,"max_hp_loss":0,"event_name":"Golden Shrine","floor":5,"gold_loss":0},{"damage_healed":21,"gold_gain":0,"player_choice":"Healed and dodged fight","damage_taken":0,"max_hp_gain":0,"max_hp_loss":0,"event_name":"Mushrooms","floor":14,"gold_loss":0,"cards_obtained":["Parasite"]}],"is_beta":false,"boss_relics":[],"items_purged_floors":[],"is_endless":false,"potions_floor_spawned":[1,7,11,12],"killed_by":"Hexaghost","ascension_level":4}}