{"host":"usmj8g4rsh7mny1q","time":1609703182,"event":{"mods":["BaseMod","DeckTracker","Minty Spire (QoL Compilation)","SIMod","StSLib"],"gold_per_floor":[116,116,41,55,55,55,74,74,98,98,98,248,35,45,45,124,124,144,0,0,0,12,12,12,12,35,35,35,85,102,113,113,190,190,203,503,503,503,516,516,534,484,509,459,459,504,522,522,522,522,522],"floor_reached":52,"playtime":1377,"items_purged":["GemstoneDetection","Doubt","Louder","AppleFeast","Batlization+1"],"score":1939,"play_id":"21c38a14-2e4f-403d-841c-189af5fe682b","local_time":"20210103144622","daily_mods":["Draft","Vintage","Heirloom","Time Dilation","Flight","Lethality","Binary"],"is_ascension_mode":true,"campfire_choices":[{"data":"Boundary","floor":6,"key":"SMITH"},{"data":"Tornado","floor":8,"key":"SMITH"},{"data":"Boundary","floor":10,"key":"SMITH"},{"data":"Boundary","floor":15,"key":"SMITH"},{"data":"DevaForm","floor":23,"key":"SMITH"},{"data":"Echo Form","floor":24,"key":"SMITH"},{"data":"Wraith Form v2","floor":25,"key":"SMITH"},{"data":"RunningOfTheLeaves","floor":28,"key":"SMITH"},{"data":"SwiftKick","floor":32,"key":"SMITH"},{"data":"Batlization","floor":40,"key":"SMITH"},{"data":"SwiftKick","floor":45,"key":"SMITH"},{"data":"Madness","floor":49,"key":"SMITH"}],"circlet_count":0,"master_deck":["Wraith Form v2+1","Echo Form+1","DevaForm+1","AscendersBane","SwiftKick+1","Tornado+1","Boundary+1","SwiftKick","TenInstruments","Boundary+1","RunningOfTheLeaves+1","SwiftKick+1","Madness+1","Madness"],"relics":["The_element_of_harmony","Busted Crown","Du-Vu Doll","InkBottle","TSMusicBox","Nunchaku","PreservedInsect","Membership Card","Bag of Marbles","Philosopher\u0027s Stone","Blood Vial","Akabeko","MutagenicStrength","CeramicFish","GypsyBard","Smiling Mask","Singing Bowl","Runic Pyramid","Lantern","Old Coin","Omamori","Question Card","StoneCalendar","Anchor","TwilightTruncheon"],"acts_visited":["Exordium","TheCity","TheBeyond"],"potions_floor_usage":[30,51,51],"damage_taken":[{"damage":0,"enemies":"Small Slimes","floor":1,"turns":2},{"damage":0,"enemies":"Cultist","floor":4,"turns":2},{"damage":15,"enemies":"Jaw Worm","floor":7,"turns":2},{"damage":0,"enemies":"Exordium Wildlife","floor":14,"turns":1},{"damage":33,"enemies":"Hexaghost","floor":16,"turns":5},{"damage":0,"enemies":"Spheric Guardian","floor":18,"turns":1},{"damage":0,"enemies":"Shell Parasite","floor":22,"turns":2},{"damage":0,"enemies":"Snecko","floor":30,"turns":1},{"damage":3,"enemies":"3 Cultists","floor":31,"turns":3},{"damage":0,"enemies":"Champ","floor":33,"turns":5},{"damage":0,"enemies":"3 Darklings","floor":35,"turns":1},{"damage":0,"enemies":"Orb Walker","floor":39,"turns":2},{"damage":0,"enemies":"Jaw Worm Horde","floor":41,"turns":3},{"damage":0,"enemies":"2 Orb Walkers","floor":46,"turns":1},{"damage":26,"enemies":"Time Eater","floor":50,"turns":3},{"damage":0,"enemies":"Awakened One","floor":51,"turns":4}],"seed_played":"-778705078618821093","potions_obtained":[{"floor":4,"key":"Weak Potion"},{"floor":16,"key":"Ancient Potion"},{"floor":35,"key":"SkillPotion"}],"is_trial":true,"path_per_floor":["M","?","$","M","?","R","M","R","T","R","$","?","$","M","R","B",null,"M","$","?","?","M","R","R","R","T","?","R","?","M","M","R","B",null,"M","T","?","?","M","R","M","$","T","$","R","?","?","?","R","B","B",null],"character_chosen":"TWI_CLASS","items_purchased":["Membership Card","Akabeko"],"campfire_rested":0,"item_purchase_floors":[13,19],"current_hp_per_floor":[69,87,87,87,87,87,72,72,72,72,72,72,72,72,72,39,75,75,75,75,75,77,77,77,77,77,77,77,77,79,78,78,80,85,87,87,87,87,87,87,87,87,87,87,87,87,71,71,71,47,49],"gold":522,"neow_bonus":"","is_daily":false,"chose_seed":false,"campfire_upgraded":12,"win_rate":0.0,"timestamp":1609703182,"path_taken":["M","?","$","?","?","R","?","R","T","R","$","?","$","M","R","BOSS","M","$","?","?","?","R","R","R","T","?","R","?","M","?","R","BOSS","M","?","?","?","?","R","M","$","T","$","R","?","?","?","R","BOSS","BOSS"],"items_purchased_type":["Relic","Relic"],"build_version":"2020-12-22","purchased_purges":5,"victory":true,"max_hp_per_floor":[77,87,87,87,87,87,87,87,87,87,87,87,87,87,87,87,87,87,87,87,87,87,87,87,87,87,87,87,87,87,87,87,87,87,87,87,87,87,87,87,87,87,87,87,87,87,87,87,87,87,87],"card_choices":[{"not_picked":["Magictrain","BigDeal"],"picked":"SwiftKick","floor":0},{"not_picked":["AppleFeast","Celebrities"],"picked":"Batlization","floor":0},{"not_picked":["Anxiousness","Generousity"],"picked":"Tornado","floor":0},{"not_picked":["CheerUp","Whining"],"picked":"AppleFeast","floor":0},{"not_picked":["ServeMeal","BatchProduction"],"picked":"Boundary","floor":0},{"not_picked":["FriendOfNature","Magictrain"],"picked":"SwiftKick","floor":0},{"not_picked":["Yay","TwentyPercentcooler"],"picked":"TenInstruments","floor":0},{"not_picked":["PartyAlone","Mischief"],"picked":"RashStunts","floor":0},{"not_picked":["Smile","GemstoneDetection"],"picked":"Boundary","floor":0},{"not_picked":["RashStunts","Tornado"],"picked":"GemstoneDetection","floor":0},{"not_picked":["Smile","BehindTheScene"],"picked":"RunningOfTheLeaves","floor":0},{"not_picked":["Anxiousness","BigDeal"],"picked":"Boundary","floor":0},{"not_picked":["HideCarefully","RushToSky"],"picked":"SwiftKick","floor":0},{"not_picked":["KillingWithKindness","TasteRainbow"],"picked":"Louder","floor":0},{"not_picked":["PartyTime","Charge"],"picked":"Anxiousness","floor":0}],"player_experience":423776,"relics_obtained":[{"floor":1,"key":"InkBottle"},{"floor":4,"key":"TSMusicBox"},{"floor":7,"key":"Nunchaku"},{"floor":9,"key":"PreservedInsect"},{"floor":14,"key":"Bag of Marbles"},{"floor":18,"key":"Blood Vial"},{"floor":22,"key":"CeramicFish"},{"floor":26,"key":"GypsyBard"},{"floor":30,"key":"Smiling Mask"},{"floor":31,"key":"Singing Bowl"},{"floor":35,"key":"Lantern"},{"floor":36,"key":"Old Coin"},{"floor":39,"key":"Question Card"},{"floor":41,"key":"StoneCalendar"},{"floor":43,"key":"Anchor"},{"floor":46,"key":"TwilightTruncheon"}],"event_choices":[{"cards_removed":["Demon Form"],"damage_healed":8,"gold_gain":0,"player_choice":"Offered Rare","damage_taken":0,"max_hp_gain":10,"max_hp_loss":0,"event_name":"Bonfire Elementals","floor":2,"gold_loss":0},{"cards_removed":["RashStunts"],"damage_healed":0,"gold_gain":0,"player_choice":"Purged","damage_taken":0,"max_hp_gain":0,"max_hp_loss":0,"event_name":"Purifier","floor":5,"gold_loss":0},{"damage_healed":0,"gold_gain":150,"player_choice":"AGREE","damage_taken":0,"max_hp_gain":0,"max_hp_loss":0,"event_name":"Liars Game","floor":12,"gold_loss":0,"cards_obtained":["Doubt"]},{"damage_healed":0,"gold_gain":0,"player_choice":"Inject Mutagens","damage_taken":0,"relics_obtained":["MutagenicStrength"],"max_hp_gain":0,"max_hp_loss":0,"event_name":"Drug Dealer","floor":21,"gold_loss":0},{"cards_removed":["Anxiousness"],"damage_healed":0,"gold_gain":0,"player_choice":"Elegance","damage_taken":0,"max_hp_gain":0,"max_hp_loss":0,"event_name":"Back to Basics","floor":27,"gold_loss":0},{"damage_healed":0,"gold_gain":50,"player_choice":"Stole From Cult","damage_taken":0,"max_hp_gain":0,"max_hp_loss":0,"event_name":"Nest","floor":29,"gold_loss":0},{"damage_healed":0,"gold_gain":0,"player_choice":"Ignored","damage_taken":0,"max_hp_gain":0,"max_hp_loss":0,"event_name":"Tomb of Lord Red Mask","floor":37,"gold_loss":0},{"cards_removed":["Boundary"],"damage_healed":0,"gold_gain":0,"player_choice":"Gave Card","damage_taken":0,"relics_obtained":["Omamori"],"max_hp_gain":0,"max_hp_loss":0,"event_name":"WeMeetAgain","floor":38,"gold_loss":0},{"damage_healed":0,"gold_gain":0,"player_choice":"Fight","damage_taken":0,"max_hp_gain":0,"max_hp_loss":0,"event_name":"Mysterious Sphere","floor":46,"gold_loss":0},{"damage_healed":0,"gold_gain":0,"player_choice":"Embrace Madness","damage_taken":16,"max_hp_gain":0,"max_hp_loss":0,"event_name":"Winding Halls","floor":47,"gold_loss":0,"cards_obtained":["Madness","Madness"]},{"damage_healed":0,"gold_gain":0,"player_choice":"Memory 1","damage_taken":0,"max_hp_gain":0,"max_hp_loss":0,"event_name":"SensoryStone","floor":48,"gold_loss":0}],"is_beta":false,"boss_relics":[{"not_picked":["Cursed Key","Coffee Dripper"],"picked":"Philosopher\u0027s Stone"},{"not_picked":["Astrolabe","Runic Dome"],"picked":"Runic Pyramid"}],"items_purged_floors":[3,13,19,42,44],"is_endless":false,"potions_floor_spawned":[4,16,22,35,41,46],"ascension_level":20}}