{"host":"94aus4jnk6thj94q","time":1609713682,"event":{"mods":["BaseMod","Minty Spire (QoL Compilation)","Quick Restart","StSLib"],"gold_per_floor":[115,115,69,86,97,97,7,23,48,59,59,91,91,109,109,109,109],"floor_reached":16,"playtime":755,"items_purged":[],"score":102,"play_id":"dac2ca6f-de71-49be-b2fc-3440af651ff4","local_time":"20210104004122","is_ascension_mode":false,"campfire_choices":[{"floor":6,"key":"REST"},{"floor":11,"key":"REST"},{"data":"Sunder","floor":13,"key":"SMITH"},{"floor":15,"key":"RECALL"}],"circlet_count":0,"master_deck":["Strike_B","Strike_B","Strike_B","Strike_B","Defend_B","Defend_B","Defend_B","Defend_B","Zap","Dualcast","Melter","Conserve Battery","Conserve Battery","Chill","Sunder+1"],"relics":["Cracked Core","Akabeko","Blue Candle","White Beast Statue"],"acts_visited":["Exordium"],"potions_floor_usage":[1,12,12,16,16],"damage_taken":[{"damage":1,"enemies":"Jaw Worm","floor":1,"turns":2},{"damage":0,"enemies":"Cultist","floor":4,"turns":2},{"damage":0,"enemies":"2 Louse","floor":5,"turns":2},{"damage":7,"enemies":"Exordium Thugs","floor":8,"turns":5},{"damage":5,"enemies":"Looter","floor":10,"turns":3},{"damage":8,"enemies":"Lagavulin","floor":12,"turns":6},{"damage":0,"enemies":"Large Slime","floor":14,"turns":4},{"damage":50,"enemies":"Hexaghost","floor":16,"turns":15}],"seed_played":"-712728813343350286","potions_obtained":[{"floor":0,"key":"Fruit Juice"},{"floor":0,"key":"Fire Potion"},{"floor":0,"key":"PotionOfCapacity"},{"floor":4,"key":"FocusPotion"},{"floor":14,"key":"Dexterity Potion"}],"is_trial":false,"path_per_floor":["M","?","$","M","M","R","?","M","T","M","R","E","R","M","R","B"],"character_chosen":"DEFECT","items_purchased":["Conserve Battery"],"campfire_rested":2,"item_purchase_floors":[3],"current_hp_per_floor":[74,62,62,62,62,75,75,68,68,63,75,72,72,72,72,22,22],"gold":109,"neow_bonus":"THREE_SMALL_POTIONS","is_daily":false,"chose_seed":false,"campfire_upgraded":1,"win_rate":0.0,"timestamp":1609713682,"path_taken":["M","?","$","M","M","R","?","M","T","M","R","E","R","?","R","BOSS"],"items_purchased_type":["Card"],"build_version":"2020-12-22","purchased_purges":0,"victory":false,"max_hp_per_floor":[75,75,75,75,75,75,75,75,75,75,75,80,80,80,80,80,80],"card_choices":[{"not_picked":["Heatsinks","Sweeping Beam"],"picked":"Melter","floor":1},{"not_picked":["Hologram","Auto Shields"],"picked":"Conserve Battery","floor":4},{"not_picked":["Lockon","Compile Driver"],"picked":"Chill","floor":5},{"not_picked":["Stack","Hologram","Auto Shields"],"picked":"SKIP","floor":8},{"not_picked":["Force Field","Hyperbeam","Steam Power"],"picked":"SKIP","floor":10},{"not_picked":["Gash","Capacitor"],"picked":"Sunder","floor":12},{"not_picked":["Streamline","Barrage","Stack"],"picked":"SKIP","floor":14}],"player_experience":5687990,"relics_obtained":[{"floor":12,"key":"White Beast Statue"}],"event_choices":[{"damage_healed":0,"gold_gain":0,"player_choice":"Success","damage_taken":12,"relics_obtained":["Akabeko"],"max_hp_gain":0,"max_hp_loss":0,"event_name":"Scrap Ooze","floor":2,"gold_loss":0},{"damage_healed":0,"gold_gain":0,"player_choice":"Paid Gold","damage_taken":0,"relics_obtained":["Blue Candle"],"max_hp_gain":0,"max_hp_loss":0,"event_name":"WeMeetAgain","floor":7,"gold_loss":90}],"is_beta":false,"boss_relics":[],"items_purged_floors":[],"is_endless":false,"potions_floor_spawned":[4,8,14],"killed_by":"Hexaghost","ascension_level":0}}