{"host":"s41rn2jhghpwfrvz","time":1609638795,"event":{"mods":["BaseMod","Minty Spire (QoL Compilation)","Quick Restart","Relic Stats","SuperFastMode"],"gold_per_floor":[114,189,241,9,27,53,68,97,97,107,141,141,41,67,67,139,139,157,157,157,191,202,202,229,245,316,344,219,219,246,266,266,337,337,350,350,370,402,452,452,481,511,511,538,538,549,399,412,412,412,412,412,412,52,86,86],"floor_reached":57,"playtime":1874,"items_purged":["Reinforced Body","Beam Cell","Rupture","Gash+1","Injury"],"score":4173,"play_id":"86ae6552-3f45-4a12-8db6-7f424b4651bb","local_time":"20210103035315","daily_mods":["SealedDeck","Diverse","DeadlyEvents"],"is_ascension_mode":true,"campfire_choices":[{"data":"Genetic Algorithm","floor":12.0,"key":"SMITH"},{"data":"Blade Dance","floor":15.0,"key":"SMITH"},{"data":"Feel No Pain","floor":23.0,"key":"SMITH"},{"floor":32.0,"key":"RECALL"},{"data":"Offering","floor":40.0,"key":"SMITH"},{"data":"Perseverance","floor":49.0,"key":"SMITH"},{"floor":53.0,"key":"REST"}],"circlet_count":0,"master_deck":["AscendersBane","Perseverance+1","Blade Dance+1","Shrug It Off+1","Backflip+1","Body Slam+1","Genetic Algorithm+1","Feel No Pain+1","Venomology+1","Offering+1","Clumsy"],"relics":["Burning Blood","Whetstone","Medical Kit","War Paint","White Beast Statue","Potion Belt","Happy Flower","SacredBark","Blue Candle","Centennial Puzzle","Gambling Chip","Gremlin Horn","Regal Pillow","Cursed Key","Matryoshka","Thread and Needle","StoneCalendar","Ancient Tea Set","Meat on the Bone","Magic Flower","InkBottle","Bottled Lightning","Membership Card","Vajra","Boot"],"acts_visited":["Exordium","TheCity","TheBeyond","TheEnding"],"potions_floor_usage":[56,56,56,56,56],"damage_taken":[{"damage":0.0,"enemies":"Jaw Worm","floor":1.0,"turns":5.0},{"damage":0.0,"enemies":"2 Louse","floor":5.0,"turns":2.0},{"damage":17.0,"enemies":"3 Sentries","floor":6.0,"turns":9.0},{"damage":0.0,"enemies":"Cultist","floor":7.0,"turns":2.0},{"damage":0.0,"enemies":"Gremlin Nob","floor":8.0,"turns":3.0},{"damage":0.0,"enemies":"Large Slime","floor":10.0,"turns":4.0},{"damage":0.0,"enemies":"Lagavulin","floor":11.0,"turns":4.0},{"damage":0.0,"enemies":"3 Sentries","floor":14.0,"turns":6.0},{"damage":1.0,"enemies":"Hexaghost","floor":16.0,"turns":5.0},{"damage":0.0,"enemies":"Spheric Guardian","floor":18.0,"turns":1.0},{"damage":0.0,"enemies":"Slavers","floor":21.0,"turns":4.0},{"damage":0.0,"enemies":"Chosen","floor":22.0,"turns":4.0},{"damage":0.0,"enemies":"Book of Stabbing","floor":24.0,"turns":4.0},{"damage":0.0,"enemies":"Sentry and Sphere","floor":25.0,"turns":3.0},{"damage":0.0,"enemies":"Slavers","floor":27.0,"turns":3.0},{"damage":0.0,"enemies":"Gremlin Leader","floor":30.0,"turns":2.0},{"damage":1.0,"enemies":"Cultist and Chosen","floor":31.0,"turns":1.0},{"damage":0.0,"enemies":"Collector","floor":33.0,"turns":4.0},{"damage":0.0,"enemies":"3 Darklings","floor":35.0,"turns":2.0},{"damage":0.0,"enemies":"Orb Walker","floor":37.0,"turns":1.0},{"damage":6.0,"enemies":"Reptomancer","floor":38.0,"turns":1.0},{"damage":6.0,"enemies":"Nemesis","floor":41.0,"turns":1.0},{"damage":6.0,"enemies":"Reptomancer","floor":42.0,"turns":1.0},{"damage":7.0,"enemies":"Nemesis","floor":44.0,"turns":1.0},{"damage":6.0,"enemies":"Jaw Worm Horde","floor":46.0,"turns":1.0},{"damage":7.0,"enemies":"Transient","floor":48.0,"turns":6.0},{"damage":8.0,"enemies":"Awakened One","floor":50.0,"turns":4.0},{"damage":6.0,"enemies":"Time Eater","floor":51.0,"turns":1.0},{"damage":7.0,"enemies":"Shield and Spear","floor":55.0,"turns":1.0},{"damage":7,"enemies":"The Heart","floor":56,"turns":5}],"seed_played":"-7712334324699750556","potions_obtained":[{"floor":6.0,"key":"Swift Potion"},{"floor":10.0,"key":"HeartOfIron"},{"floor":11.0,"key":"Weak Potion"},{"floor":14.0,"key":"Swift Potion"},{"floor":16.0,"key":"FearPotion"},{"floor":21.0,"key":"EssenceOfSteel"},{"floor":22.0,"key":"EssenceOfSteel"},{"floor":24.0,"key":"SteroidPotion"},{"floor":25.0,"key":"DistilledChaos"},{"floor":27.0,"key":"SteroidPotion"},{"floor":30.0,"key":"DuplicationPotion"},{"floor":37.0,"key":"SteroidPotion"},{"floor":48.0,"key":"HeartOfIron"}],"is_trial":true,"path_per_floor":["M","?","T","$","M","E","M","E","T","M","E","R","$","E","R","B",null,"M","?","?","E","M","R","E","M","T","E","$","?","E","M","R","B",null,"M","?","M","E","?","R","E","E","T","E","T","M","$","M","R","B","B",null,"R","$","E","B",null],"character_chosen":"IRONCLAD","items_purchased":["Medical Kit","Membership Card","Swift Potion","Vajra"],"campfire_rested":1,"item_purchase_floors":[4,54,54,54],"current_hp_per_floor":[74,63,63,63,69,58,64,70,70,75,75,75,75,75,75,75,75,75,75,75,75,75,75,75,75,75,75,75,75,75,75,75,75,75,75,75,75,75,75,75,75,75,75,74,74,75,75,75,75,75,75,75,75,75,75,75],"gold":86,"neow_bonus":"","is_daily":false,"chose_seed":false,"campfire_upgraded":5,"win_rate":0.0,"timestamp":1609638795,"path_taken":["M","?","?","$","M","E","?","E","T","M","E","R","?","?","R","BOSS","M","?","?","?","?","R","E","M","T","E","$","?","E","M","R","BOSS","M","?","?","?","?","R","?","E","T","E","?","M","$","?","R","BOSS","BOSS","R","$","E","BOSS"],"items_purchased_type":["Relic","Relic","Potion","Relic"],"build_version":"2020-12-22","purchased_purges":5,"victory":true,"max_hp_per_floor":[75,75,75,75,75,75,75,75,75,75,75,75,75,75,75,75,75,75,75,75,75,75,75,75,75,75,75,75,75,75,75,75,75,75,75,75,75,75,75,75,75,75,75,75,75,75,75,75,75,75,75,75,75,75,75,75],"relic_stats":{"Regal Pillow":0,"Happy Flower":[18],"Gremlin Horn":[19,19],"counters":[30,91],"Blue Candle":[7],"Magic Flower":[6],"StoneCalendar":[0],"Whetstone":["Gash","Body Slam"],"War Paint":["Shrug It Off","Backflip"],"Medical Kit":[19],"Cursed Key":2,"Boot":[0],"Burning Blood":103,"Centennial Puzzle":[28],"Gambling Chip":[11],"obtain_stats":[{"Regal Pillow":30,"Gremlin Horn":26,"SacredBark":17,"Magic Flower":44,"Vajra":54,"StoneCalendar":42,"Whetstone":3,"Cursed Key":34,"Ancient Tea Set":43,"Boot":55,"Burning Blood":0,"Centennial Puzzle":21,"Matryoshka":38,"Gambling Chip":24,"InkBottle":45,"Potion Belt":11,"Happy Flower":14,"Blue Candle":20,"Thread and Needle":41,"War Paint":6,"Medical Kit":4,"White Beast Statue":8,"Bottled Lightning":45,"Membership Card":54,"Meat on the Bone":43},{"Regal Pillow":16,"Gremlin Horn":14,"SacredBark":9,"Magic Flower":24,"Vajra":28,"StoneCalendar":23,"Whetstone":1,"Cursed Key":18,"Ancient Tea Set":23,"Boot":29,"Burning Blood":0,"Centennial Puzzle":11,"Matryoshka":21,"Gambling Chip":13,"InkBottle":24,"Potion Belt":7,"Happy Flower":8,"Blue Candle":10,"Thread and Needle":22,"War Paint":3,"Medical Kit":1,"White Beast Statue":5,"Bottled Lightning":24,"Membership Card":28,"Meat on the Bone":23},{"Regal Pillow":61,"Gremlin Horn":56,"SacredBark":40,"Magic Flower":73,"Vajra":85,"StoneCalendar":72,"Whetstone":5,"Cursed Key":66,"Ancient Tea Set":72,"Boot":86,"Burning Blood":0,"Centennial Puzzle":45,"Matryoshka":70,"Gambling Chip":53,"InkBottle":73,"Potion Belt":29,"Happy Flower":35,"Blue Candle":41,"Thread and Needle":71,"War Paint":16,"Medical Kit":5,"White Beast Statue":21,"Bottled Lightning":73,"Membership Card":85,"Meat on the Bone":72}],"InkBottle":[21],"Meat on the Bone":0},"card_choices":[{"not_picked":["Undo","Dodge and Roll","Underhanded Strike"],"picked":"SKIP","floor":1.0},{"not_picked":["White Noise","Steam Power","Dagger Throw"],"picked":"SKIP","floor":5.0},{"not_picked":["All Out Attack","Sweeping Beam","Recycle"],"picked":"SKIP","floor":6.0},{"not_picked":["Flex","Steam Power","Dagger Throw"],"picked":"SKIP","floor":7.0},{"not_picked":["Prostrate","Rip and Tear"],"picked":"Feel No Pain","floor":8.0},{"not_picked":["Dagger Spray","Stack","Infinite Blades"],"picked":"SKIP","floor":10.0},{"not_picked":["Havoc","Dash","Rainbow"],"picked":"SKIP","floor":11.0},{"not_picked":["Perseverance","Well Laid Plans","Bloodletting"],"picked":"SKIP","floor":14.0},{"not_picked":["Echo Form","Unload"],"picked":"Venomology","floor":16.0},{"not_picked":["Twin Strike","Tactician","Seeing Red"],"picked":"SKIP","floor":18.0},{"not_picked":["Expertise","PathToVictory+1","Slice"],"picked":"SKIP","floor":21.0},{"not_picked":["Pommel Strike","Defragment","Bloodletting"],"picked":"SKIP","floor":22.0},{"not_picked":["FTL","Blade Dance","Auto Shields"],"picked":"SKIP","floor":24.0},{"not_picked":["Consecrate","Prostrate","Pommel Strike"],"picked":"SKIP","floor":25.0},{"not_picked":["Cold Snap","Nirvana+1","Dodge and Roll"],"picked":"SKIP","floor":27.0},{"not_picked":["Thunderclap","Storm of Steel","Turbo"],"picked":"SKIP","floor":30.0},{"not_picked":["FollowUp","Steam Power","Cold Snap"],"picked":"SKIP","floor":31.0},{"not_picked":["Die Die Die","Alpha"],"picked":"Offering","floor":33.0},{"not_picked":["Thunderclap","Sucker Punch+1","Nirvana"],"picked":"SKIP","floor":35.0},{"not_picked":["Heavy Blade","Sword Boomerang","Weave+1"],"picked":"SKIP","floor":37.0},{"not_picked":["Wireheading","Rebound","Quick Slash"],"picked":"SKIP","floor":38.0},{"not_picked":["CutThroughFate","Adaptation","Clash"],"picked":"SKIP","floor":41.0},{"not_picked":["Terror+1","Cloak And Dagger+1","ThirdEye"],"picked":"SKIP","floor":42.0},{"not_picked":["LikeWater","Infernal Blade","Establishment"],"picked":"SKIP","floor":44.0},{"not_picked":["Bouncing Flask","Prostrate","Protect"],"picked":"SKIP","floor":46.0},{"not_picked":["Acrobatics+1","Combust","Heavy Blade"],"picked":"SKIP","floor":48.0},{"not_picked":["Capacitor","Study","Backstab"],"picked":"SKIP","floor":55.0}],"player_experience":1636692,"relics_obtained":[{"floor":3.0,"key":"Whetstone"},{"floor":6.0,"key":"War Paint"},{"floor":8.0,"key":"White Beast Statue"},{"floor":11.0,"key":"Potion Belt"},{"floor":14.0,"key":"Happy Flower"},{"floor":21.0,"key":"Centennial Puzzle"},{"floor":24.0,"key":"Gambling Chip"},{"floor":26.0,"key":"Gremlin Horn"},{"floor":30.0,"key":"Regal Pillow"},{"floor":38.0,"key":"Matryoshka"},{"floor":41.0,"key":"Thread and Needle"},{"floor":42.0,"key":"StoneCalendar"},{"floor":43.0,"key":"Ancient Tea Set"},{"floor":43.0,"key":"Meat on the Bone"},{"floor":44.0,"key":"Magic Flower"},{"floor":45.0,"key":"InkBottle"},{"floor":45.0,"key":"Bottled Lightning"},{"floor":55.0,"key":"Boot"}],"event_choices":[{"damage_healed":0.0,"max_hp_gain":0.0,"max_hp_loss":0.0,"gold_gain":75.0,"event_name":"World of Goop","player_choice":"Gather Gold","floor":2.0,"gold_loss":0.0,"damage_taken":11.0},{"damage_healed":0.0,"max_hp_gain":0.0,"max_hp_loss":0.0,"gold_gain":0.0,"event_name":"The Mausoleum","player_choice":"Ignored","floor":19.0,"gold_loss":0.0,"damage_taken":0.0},{"damage_healed":0.0,"max_hp_gain":0.0,"max_hp_loss":0.0,"gold_gain":0.0,"event_name":"WeMeetAgain","player_choice":"Gave Potion","floor":20.0,"gold_loss":0.0,"damage_taken":0.0,"relics_obtained":["Blue Candle"]},{"damage_healed":0.0,"max_hp_gain":0.0,"max_hp_loss":0.0,"gold_gain":0.0,"event_name":"Accursed Blacksmith","player_choice":"Forge","floor":29.0,"gold_loss":0.0,"damage_taken":0.0,"cards_upgraded":["Venomology"]},{"damage_healed":0.0,"max_hp_gain":0.0,"max_hp_loss":0.0,"gold_gain":0.0,"event_name":"Match and Keep!","player_choice":"0 cards matched","floor":36.0,"gold_loss":0.0,"damage_taken":0.0,"cards_obtained":[]},{"damage_healed":0.0,"max_hp_gain":0.0,"max_hp_loss":0.0,"gold_gain":50.0,"event_name":"Golden Shrine","player_choice":"Pray","floor":39.0,"gold_loss":0.0,"damage_taken":0.0}],"is_beta":false,"boss_relics":[{"not_picked":["Philosopher\u0027s Stone","Runic Pyramid"],"picked":"SacredBark"},{"not_picked":["Astrolabe","Empty Cage"],"picked":"Cursed Key"}],"items_purged_floors":[4,13,28,47,54],"is_endless":false,"potions_floor_spawned":[6,10,11,14,16,18,21,22,24,25,27,30,31,33,35,37,38,41,42,44,46,48,55],"ascension_level":20}}