{"host":"49c2zf0lajbcs427","time":1609644486,"event":{"mods":["AchievementEnabler","BaseMod","Colored Map","Colored Powertips","Highlight Path","Key Reminder","Minty Spire (QoL Compilation)","Relic Stats","StSLib"],"gold_per_floor":[118,131,131,131,101,101,126,144,144,144,482,482,503,521,521,521,521],"floor_reached":16,"playtime":567,"items_purged":[],"score":179,"play_id":"ee20b6bd-f02f-413f-aea3-bb31d68cada1","local_time":"20210103162806","is_ascension_mode":true,"campfire_choices":[{"data":"Bash","floor":6,"key":"SMITH"},{"data":"Feed","floor":10,"key":"SMITH"},{"floor":12,"key":"REST"},{"data":"Clothesline","floor":15,"key":"SMITH"}],"circlet_count":0,"master_deck":["AscendersBane","Strike_R","Strike_R","Strike_R","Strike_R","Strike_R","Defend_R","Defend_R","Defend_R","Defend_R","Bash+1","Body Slam","Body Slam","Cleave","Feed+1","Clothesline+1","Pommel Strike","Double Tap"],"relics":["Sozu","Golden Idol","StrikeDummy","Old Coin"],"acts_visited":["Exordium"],"potions_floor_usage":[],"damage_taken":[{"damage":4,"enemies":"2 Louse","floor":1,"turns":2},{"damage":7,"enemies":"Jaw Worm","floor":2,"turns":3},{"damage":5,"enemies":"Small Slimes","floor":7,"turns":4},{"damage":17,"enemies":"Exordium Thugs","floor":8,"turns":5},{"damage":35,"enemies":"3 Sentries","floor":11,"turns":7},{"damage":8,"enemies":"Looter","floor":13,"turns":4},{"damage":0,"enemies":"Large Slime","floor":14,"turns":4},{"damage":28,"enemies":"Hexaghost","floor":16,"turns":9}],"seed_played":"5292483555634794124","potions_obtained":[],"is_trial":false,"path_per_floor":["M","M","?","?","?","R","M","M","T","R","E","R","M","M","R","B"],"character_chosen":"IRONCLAD","items_purchased":[],"campfire_rested":1,"item_purchase_floors":[],"current_hp_per_floor":[64,57,62,62,62,62,57,40,40,40,9,31,23,27,27,0,0],"gold":521,"neow_bonus":"BOSS_RELIC","is_daily":false,"chose_seed":false,"campfire_upgraded":3,"win_rate":0.0,"timestamp":1609644486,"path_taken":["M","M","?","?","?","R","M","M","T","R","E","R","M","?","R","BOSS"],"items_purchased_type":[],"build_version":"2020-12-22","purchased_purges":0,"victory":false,"max_hp_per_floor":[75,75,80,72,72,72,72,72,72,72,76,76,76,80,80,80,80],"relic_stats":{"Sozu":4,"counters":[8,38],"Golden Idol":25,"obtain_stats":[{"Sozu":0,"Golden Idol":4,"StrikeDummy":9,"Burning Blood":0,"Old Coin":11},{"Sozu":0,"Golden Idol":2,"StrikeDummy":4,"Burning Blood":0,"Old Coin":5},{"Sozu":0,"Golden Idol":5,"StrikeDummy":14,"Burning Blood":0,"Old Coin":21}]},"card_choices":[{"not_picked":["Flex","Dropkick"],"picked":"Body Slam","floor":1},{"not_picked":["Burning Pact","Clash"],"picked":"Body Slam","floor":2},{"not_picked":["Anger","Clash"],"picked":"Cleave","floor":7},{"not_picked":["Clothesline","Dual Wield"],"picked":"Feed","floor":8},{"not_picked":["Heavy Blade","Spot Weakness"],"picked":"Clothesline","floor":11},{"not_picked":["Perfected Strike","Body Slam"],"picked":"Pommel Strike","floor":13},{"not_picked":["Pommel Strike","Thunderclap"],"picked":"Double Tap","floor":14}],"player_experience":2224202,"relics_obtained":[{"floor":9,"key":"StrikeDummy"},{"floor":11,"key":"Old Coin"}],"event_choices":[{"damage_healed":0,"gold_gain":0,"player_choice":"Donut","damage_taken":0,"max_hp_gain":5,"max_hp_loss":0,"event_name":"Big Fish","floor":3,"gold_loss":0},{"damage_healed":0,"gold_gain":0,"player_choice":"Lose Max HP","damage_taken":0,"relics_obtained":["Golden Idol"],"max_hp_gain":0,"max_hp_loss":8,"event_name":"Golden Idol","floor":4,"gold_loss":0},{"damage_healed":0,"gold_gain":0,"player_choice":"Bought 2 Potions","damage_taken":0,"max_hp_gain":0,"max_hp_loss":0,"event_name":"The Woman in Blue","floor":5,"gold_loss":0}],"is_beta":false,"boss_relics":[],"items_purged_floors":[],"is_endless":false,"potions_floor_spawned":[7,8],"killed_by":"Hexaghost","ascension_level":15}}