{"host":"toh0bbw446wnuexf","time":1609641132,"event":{"mods":["BaseMod","Downfall","Hermit","Minty Spire (QoL Compilation)","Random Character Button","StSLib"],"gold_per_floor":[99,115,127,127,147,159,159,159,178,178,88,98,117,151,167,167,167,167],"floor_reached":16,"playtime":1305,"items_purged":["champ:Taunt"],"score":111,"play_id":"004d1407-3948-4e43-b9ca-b36c9c7b14ce","local_time":"20210103153212","is_ascension_mode":true,"campfire_choices":[{"data":"champ:FocusedGladiator","floor":1,"key":"SMITH"},{"data":"champ:RisingSlash","floor":8,"key":"SMITH"},{"floor":10,"key":"REST"}],"circlet_count":0,"master_deck":["champ:Strike","champ:Strike","champ:Strike","champ:Strike","champ:Defend","champ:Defend","champ:Defend","champ:Defend","champ:FocusedGladiator+1","champ:RisingSlash+1","champ:FanOfKnives"],"relics":["champ:ChampionCrown","Question Card","Shuriken"],"acts_visited":["Exordium"],"potions_floor_usage":[12,16,16,16],"damage_taken":[{"damage":13,"enemies":"Jaw Worm","floor":2,"turns":7},{"damage":9,"enemies":"Cultist","floor":3,"turns":6},{"damage":5,"enemies":"2 Louse","floor":5,"turns":4},{"damage":8,"enemies":"Blue Slaver","floor":6,"turns":5},{"damage":9,"enemies":"Exordium Wildlife","floor":9,"turns":4},{"damage":0,"enemies":"downfall:FleeingMerchant","floor":11,"turns":4},{"damage":12,"enemies":"Gremlin Gang","floor":12,"turns":4},{"damage":7,"enemies":"Blue Slaver","floor":13,"turns":5},{"damage":27,"enemies":"3 Sentries","floor":14,"turns":10},{"damage":14,"enemies":"Large Slime","floor":15,"turns":6},{"damage":40,"enemies":"downfall:Defect","floor":16,"turns":5}],"seed_played":"-5588699185200740344","potions_obtained":[{"floor":6,"key":"Strength Potion"},{"floor":9,"key":"Explosive Potion"},{"floor":13,"key":"Block Potion"},{"floor":14,"key":"hexamod:EctoCoolerPotion"},{"floor":15,"key":"champ:CounterPotion"}],"is_trial":false,"path_per_floor":["R","M","M","?","M","M","T","R","M","R","$","M","M","E","M","B"],"character_chosen":"THE_CHAMP","items_purchased":[],"campfire_rested":1,"item_purchase_floors":[],"current_hp_per_floor":[90,77,68,68,63,55,55,55,52,79,79,70,66,42,31,0,0,0],"gold":167,"neow_bonus":"TRANSFORM_CARD","is_daily":false,"chose_seed":false,"campfire_upgraded":2,"win_rate":0.0,"timestamp":1609641132,"path_taken":["R","M","M","?","M","M","T","R","M","R","$","M","M","E","M","BOSS"],"items_purchased_type":[],"build_version":"2020-12-22","purchased_purges":1,"victory":false,"max_hp_per_floor":[90,90,90,90,90,90,90,90,90,90,90,90,90,90,90,90,90,90],"card_choices":[{"not_picked":["champ:FlashCut","champ:GladiatorsShout","champ:Backstep"],"picked":"SKIP","floor":2},{"not_picked":["champ:HeartStrike","champ:BerserkerStyle","champ:Riposte"],"picked":"SKIP","floor":3},{"not_picked":["champ:FaceSlap","champ:BerserkersShout","champ:ShieldWall"],"picked":"SKIP","floor":5},{"not_picked":["champ:DeathBlow","champ:Circumvent"],"picked":"champ:RisingSlash","floor":6},{"not_picked":["champ:Circumvent","champ:GladiatorsShout","champ:ArenaPreparation","champ:GutPunch"],"picked":"SKIP","floor":9},{"not_picked":["champ:FalseCounter","champ:Backstep","champ:DeathBlow"],"picked":"champ:FanOfKnives","floor":11},{"not_picked":["champ:GutPunch","champ:FanOfKnives","champ:FlashCut","champ:PreciseThrust"],"picked":"SKIP","floor":12},{"not_picked":["champ:DefensiveStyle","champ:Balance","champ:ShieldSigil","champ:AdrenalArmor"],"picked":"SKIP","floor":13},{"not_picked":["champ:FocusedGladiator","champ:EnragedBash","champ:CheapShot","champ:RageSigil"],"picked":"SKIP","floor":14},{"not_picked":["champ:TornadoPunch","champ:AdrenalArmor","champ:EnragedBash","champ:FanOfKnives"],"picked":"SKIP","floor":15}],"player_experience":584971,"relics_obtained":[{"floor":7,"key":"Question Card"},{"floor":14,"key":"Shuriken"}],"event_choices":[],"is_beta":false,"boss_relics":[],"items_purged_floors":[11],"is_endless":false,"potions_floor_spawned":[6,9,13,14,15],"killed_by":"downfall:Defect","ascension_level":1}}