{"host":"t6w2q9o6m1ipuhb5","time":1609638536,"event":{"mods":["2.2 Compatiblity","Abigail Mod","AchievementEnabler","BaseMod","Chen","Colored Map","Colored Powertips","Downfall","Hermit","Koishi","Marisa????????","Minty Spire (QoL Compilation)","Onozuka Komachi Mod","Prisma Mod","Quick Restart","Reimu??????","Replay The Spire","StSLib","SuperFastMode","The Alterego","The Cursed","The Marked","Waifu the Spire","Yuyuko"],"gold_per_floor":[99,19,19,19,19,19,43,59,85,85,100,126,226,241,257,352,402,327,341,353,370,385,310,310,410,742,692,709,709,723,573,592,691,691,744,754,804,857,896,896,896,896],"floor_reached":40,"playtime":3147,"items_purged":[],"score":464,"play_id":"ed1bf8ba-7be1-468e-8842-aa17ca76ad15","local_time":"20210102204856","is_ascension_mode":false,"campfire_choices":[{"data":"Slimebound:Split","floor":1,"key":"SMITH"},{"data":"Slimebound:OozeBath","floor":6,"key":"SMITH"},{"floor":18,"key":"RECALL"},{"floor":23,"key":"REST"}],"circlet_count":0,"master_deck":["Slimebound:Strike_Slimebound","Slimebound:Strike_Slimebound","Slimebound:Strike_Slimebound","Slimebound:Tackle","Slimebound:Defend_Slimebound","Slimebound:Defend_Slimebound","Slimebound:Defend_Slimebound","Slimebound:Split+1","Slimebound:CorrosiveSpit","Slimebound:Schlurp","Slimebound:SplitBruiser","Slimebound:ComboTackle+1","Slimebound:SplitMire","Slimebound:OozeBath+1","Slimebound:ComboTackle","Slimebound:PressTheAttack","Slimebound:Equalize","Slimebound:SlimeSlap","Slimebound:WasteNot","Slimebound:DisruptingSlam","Slimebound:SamplingLick+1","Slimebound:Split","expansioncontent:YouAreMine","Slimebound:LeechEnergy","Slimebound:Repurpose","Slimebound:GrowthPunch","Slimebound:Overexert","Slimebound:Prepare","Slimebound:LeechingTouch","Slimebound:RollThrough","Slimebound:Gluttony","J.A.X.","Slimebound:SlimeBarrage+1","Slimebound:GoopTackle","hexamod:Haunted","Slimebound:RollThrough+1","Slimebound:ViciousTackle","Ghostly","Slimebound:LeechingTouch","Slimebound:RallyTheTroops","Slimebound:RainOfGoop+1","Slimebound:Teamwork","Slimebound:SamplingLick+1","Slimebound:TongueLash","Slimebound:ProtectTheBoss"],"relics":["Slimebound:AbsorbEndCombat","downfall:HeartsMalice","RuthlessExorcism:ReiMu","Regal Pillow","HornCleat","downfall:GremlinSack","Tiny House","downfall:HeartBlessingGreen","downfall:HeartBlessingRed","MealTicket","MutagenicStrength","Old Coin","Velvet Choker","Thread and Needle","Du-Vu Doll","Bottled Flame"],"acts_visited":["Exordium","TheCity","TheBeyond"],"potions_floor_usage":[9,16,16,16,20,25,33],"damage_taken":[{"damage":0,"enemies":"downfall:FleeingMerchant","floor":2,"turns":1},{"damage":0,"enemies":"Small Slimes","floor":4,"turns":1},{"damage":0,"enemies":"Cultist","floor":5,"turns":1},{"damage":18,"enemies":"Jaw Worm","floor":8,"turns":3},{"damage":39,"enemies":"Lagavulin","floor":9,"turns":3},{"damage":10,"enemies":"Large Slime","floor":11,"turns":2},{"damage":36,"enemies":"3 Sentries","floor":12,"turns":4},{"damage":30,"enemies":"3 Sentries","floor":13,"turns":4},{"damage":1,"enemies":"Lots of Slimes","floor":14,"turns":2},{"damage":30,"enemies":"Exordium Thugs","floor":15,"turns":4},{"damage":17,"enemies":"downfall:Ironclad","floor":16,"turns":6},{"damage":37,"enemies":"Shell Parasite","floor":19,"turns":3},{"damage":12,"enemies":"3 Byrds","floor":20,"turns":4},{"damage":16,"enemies":"Centurion and Healer","floor":21,"turns":6},{"damage":43,"enemies":"3 Cultists","floor":22,"turns":5},{"damage":49,"enemies":"downfall:Augmenter","floor":25,"turns":5},{"damage":20,"enemies":"Gremlin Leader","floor":26,"turns":4},{"damage":24,"enemies":"Shelled Parasite and Fungi","floor":28,"turns":4},{"damage":29,"enemies":"Sentry and Sphere","floor":30,"turns":4},{"damage":31,"enemies":"Cultist and Chosen","floor":32,"turns":5},{"damage":73,"enemies":"downfall:Watcher","floor":33,"turns":7},{"damage":24,"enemies":"3 Shapes","floor":36,"turns":3},{"damage":12,"enemies":"Mind Bloom Boss Battle","floor":37,"turns":5},{"damage":83,"enemies":"2 Orb Walkers","floor":38,"turns":5},{"damage":43,"enemies":"3 Darklings","floor":40,"turns":7}],"seed_played":"-3892496894549207290","potions_obtained":[{"floor":8,"key":"LiquidMemories"},{"floor":12,"key":"Cursed Concoction"},{"floor":13,"key":"hexamod:EctoCoolerPotion"},{"floor":14,"key":"Block Potion"},{"floor":16,"key":"Slimebound:SlimyTonguePotion"},{"floor":17,"key":"Doom Potion"},{"floor":19,"key":"ColorlessPotion"},{"floor":21,"key":"DistilledChaos"},{"floor":26,"key":"LiquidMemories"},{"floor":29,"key":"downfall:CursedFountainPotion"},{"floor":30,"key":"Elixir"}],"is_trial":false,"path_per_floor":["R_BF","$","?","M","M","R","T","M","E","?","M","E","?","M","M","B",null,"R_BF","M","M","M","M","R","T","?","E","?","M","?","M","?","M","B",null,"R_BF","M","?","?","?","M"],"character_chosen":"SLIMEBOUND","items_purchased":["Slimebound:SplitBruiser","Slimebound:ComboTackle+1"],"campfire_rested":1,"item_purchase_floors":[2,2],"current_hp_per_floor":[60,60,60,60,60,60,60,60,41,46,52,32,30,35,17,28,70,70,53,63,70,43,70,70,41,41,69,68,68,55,55,44,41,70,70,62,70,27,10,0,0,0],"gold":896,"neow_bonus":"THREE_ENEMY_KILL","is_daily":false,"chose_seed":false,"campfire_upgraded":2,"win_rate":0.0,"timestamp":1609638536,"path_taken":["R_BF","$","?","M","?","R","T","M","E","?","M","E","?","?","M","BOSS","R_BF","M","M","M","M","R","T","?","E","?","M","?","?","?","M","BOSS","R_BF","M","?","?","?","M"],"items_purchased_type":["Card","Card"],"build_version":"2020-12-22","purchased_purges":0,"victory":false,"max_hp_per_floor":[60,60,60,60,60,60,60,60,60,65,65,65,65,65,65,65,70,70,70,70,70,70,70,70,70,70,70,70,70,70,70,70,70,70,70,70,70,70,70,70,70,70],"card_choices":[{"not_picked":["Slimebound:Replication","Slimebound:SlimeSpikes"],"picked":"Slimebound:Schlurp","floor":2},{"not_picked":["Slimebound:ComboTackle","Slimebound:AcidTongue"],"picked":"Slimebound:SplitMire","floor":4},{"not_picked":["Slimebound:ViciousTackle","Slimebound:RainOfGoop"],"picked":"Slimebound:OozeBath","floor":5},{"not_picked":["Slimebound:SplitAcid","Slimebound:Schlurp"],"picked":"Slimebound:ComboTackle","floor":8},{"not_picked":["Slimebound:SplitMire","Slimebound:MegaLick"],"picked":"Slimebound:PressTheAttack","floor":9},{"not_picked":["Slimebound:RollThrough","Slimebound:SlimeSpikes"],"picked":"Slimebound:Equalize","floor":11},{"not_picked":["Slimebound:RollThrough","Slimebound:MegaLick"],"picked":"Slimebound:SlimeSlap","floor":12},{"not_picked":["Slimebound:PressTheAttack","Slimebound:SplitMire"],"picked":"Slimebound:LeechEnergy","floor":13},{"not_picked":["Slimebound:PressTheAttack","Slimebound:SplitLeeching"],"picked":"Slimebound:Repurpose","floor":14},{"not_picked":["Slimebound:SamplingLick","Slimebound:DisruptingSlam"],"picked":"Slimebound:GrowthPunch","floor":15},{"not_picked":["Slimebound:SlimeSlap","Slimebound:DouseInSlime"],"picked":"Slimebound:Overexert","floor":16},{"not_picked":["Slimebound:SplitBruiser","Slimebound:GoopSpray"],"picked":"Slimebound:Prepare","floor":17},{"not_picked":["Slimebound:SplitLeeching","Slimebound:Chomp+1"],"picked":"Slimebound:AcidTongue+1","floor":19},{"not_picked":["Slimebound:SplitMire","Slimebound:SplitLeeching+1"],"picked":"Slimebound:LeechingTouch","floor":20},{"not_picked":["Slimebound:SplitAcid","Slimebound:SplitMire"],"picked":"Slimebound:RollThrough","floor":21},{"not_picked":["Slimebound:LivingWall","Slimebound:LeechingTouch"],"picked":"Slimebound:Gluttony","floor":22},{"not_picked":[],"picked":"J.A.X.","floor":25},{"not_picked":["Slimebound:SlimeTap+1","Slimebound:SamplingLick"],"picked":"Slimebound:SlimeBarrage+1","floor":25},{"not_picked":["Slimebound:MassFeed","Slimebound:AcidTongue+1"],"picked":"Slimebound:RollThrough+1","floor":26},{"not_picked":["Slimebound:LeechingTouch","Slimebound:Dissolve"],"picked":"Slimebound:ViciousTackle","floor":28},{"not_picked":["Slimebound:LeechEnergy","Slimebound:SplitAcid","Slimebound:SplitMire"],"picked":"SKIP","floor":30},{"not_picked":["Slimebound:Schlurp","Slimebound:Overexert"],"picked":"Slimebound:LeechingTouch","floor":32},{"not_picked":["Slimebound:MinionMaster","Slimebound:Teamwork"],"picked":"Slimebound:RallyTheTroops","floor":33},{"not_picked":["Slimebound:ViciousTackle","Slimebound:Schlurp"],"picked":"Slimebound:RainOfGoop+1","floor":36},{"not_picked":["Slimebound:Schlurp","Slimebound:SplitLeeching"],"picked":"Slimebound:Teamwork","floor":37},{"not_picked":["Slimebound:GrowthPunch","Slimebound:SplitBruiser+1"],"picked":"Slimebound:SamplingLick+1","floor":38},{"not_picked":["Slimebound:HauntingLick+1","Slimebound:ComboTackle"],"picked":"Slimebound:TongueLash","floor":39},{"not_picked":["Slimebound:HauntingLick+1","Slimebound:SplitAcid"],"picked":"Slimebound:ProtectTheBoss","floor":39}],"player_experience":308714,"relics_obtained":[{"floor":7,"key":"RuthlessExorcism:ReiMu"},{"floor":9,"key":"Regal Pillow"},{"floor":12,"key":"HornCleat"},{"floor":13,"key":"downfall:GremlinSack"},{"floor":24,"key":"MealTicket"},{"floor":25,"key":"MutagenicStrength"},{"floor":26,"key":"Old Coin"},{"floor":37,"key":"Thread and Needle"},{"floor":38,"key":"Du-Vu Doll"},{"floor":39,"key":"Bottled Flame"}],"event_choices":[{"cards_removed":["Slimebound:Defend_Slimebound"],"damage_healed":0,"gold_gain":0,"player_choice":"Offered Basic","damage_taken":0,"max_hp_gain":0,"max_hp_loss":0,"event_name":"Bonfire Elementals","floor":3,"gold_loss":0},{"damage_healed":0,"gold_gain":0,"player_choice":"Donut","damage_taken":0,"max_hp_gain":5,"max_hp_loss":0,"event_name":"Big Fish","floor":10,"gold_loss":0},{"damage_healed":0,"gold_gain":0,"player_choice":"Fight","damage_taken":0,"max_hp_gain":0,"max_hp_loss":0,"event_name":"Mysterious Sphere","floor":38,"gold_loss":0}],"is_beta":false,"boss_relics":[{"not_picked":["Replay:Grab Bag","Snecko Eye"],"picked":"Tiny House"},{"not_picked":["Kintsugi","ReplayTheSpireMod:DimensionalGlitch"],"picked":"Velvet Choker"}],"items_purged_floors":[],"is_endless":false,"potions_floor_spawned":[8,12,13,14,16,19,21,26,30,32],"killed_by":"3 Darklings","ascension_level":0}}