{"host":"3vgzk5mhz751jdrj","time":1609658915,"event":{"mods":["2.2 Compatiblity","AchievementEnabler","Act Like it!","Aspiration","BaseMod","Better Match","Better Note","Better Sensory Stone","Better Skull","Better Third Choice","Block Reminder","Colored Map","Conspire","Displayed Cursed Tome","Downfall","Downfall-Rebalance","Friendly Minions","GifTheSpireLib","Halation","Hubris","Marked Mod","Mimic Mod","Minty Spire (QoL Compilation)","Quick Restart","Rare Cards Sparkle","Replay The Spire","Reworked Bosses","Shop Mod","Spicy Shops","Spikes Relics","StSLib","Stuff the Spire","The Dragon Tamer","The Marked","Trackpad","vexMod"],"gold_per_floor":[118,138,138,156,30,30,59,59,97,97,97,97,97,97],"floor_reached":12,"playtime":881,"items_purged":[],"score":76,"play_id":"ea837855-f6c8-4e8a-92d4-c4a5f788c485","local_time":"20210103022835","is_ascension_mode":false,"metric_token":2323,"campfire_choices":[{"data":"DTMod:SwitchingTactic","floor":6,"key":"SMITH"},{"data":"DTMod:Training","floor":10,"key":"SMITH"}],"dtmod_dragon_data":[38,50,-1,-1,0,0],"circlet_count":0,"master_deck":["DTMod:Strike","DTMod:Strike","DTMod:Strike","DTMod:Strike","DTMod:DoubleHit","DTMod:TargetDefense","DTMod:TargetDefense","DTMod:TargetDefense","DTMod:TargetDefense","DTMod:SwitchingTactic+1","DTMod:ComboAttack","DTMod:FlameSlash","DTMod:TagTeam","DTMod:GhostSkin","DTMod:ComboAttack","DTMod:GearUp","DTMod:Training+1"],"relics":["DTMod:PactStone","NeowsBlessing","halation:PinkSoulGem","Snack Pack","Boot"],"acts_visited":["Exordium"],"potions_floor_usage":[],"damage_taken":[{"damage":0,"enemies":"2 Louse","floor":1,"turns":1},{"damage":0,"enemies":"Jaw Worm","floor":2,"turns":1},{"damage":0,"enemies":"conspire:RoseBush","floor":4,"turns":1},{"damage":16,"enemies":"Replay:BlueRogue","floor":7,"turns":12},{"damage":4,"enemies":"Large Slime","floor":9,"turns":9},{"damage":31,"enemies":"Lagavulin","floor":12,"turns":7}],"seed_played":"3852302390190376612","potions_obtained":[{"floor":4,"key":"Elixir"}],"is_trial":false,"path_per_floor":["M","M","?","M","$","R","E","?","MIM","R","?","E"],"character_chosen":"THE_DT","items_purchased":["DTMod:GhostSkin","DTMod:ComboAttack"],"campfire_rested":0,"item_purchase_floors":[5,5],"current_hp_per_floor":[45,45,45,45,45,45,29,33,29,29,29,0,0,0],"gold":97,"neow_bonus":"THREE_ENEMY_KILL","is_daily":false,"chose_seed":false,"campfire_upgraded":2,"win_rate":0.0,"timestamp":1609658915,"path_taken":["M","M","?","M","$","R","E","?","MIM","R","?","E"],"items_purchased_type":["Card","Card"],"build_version":"2020-12-22","purchased_purges":0,"victory":false,"max_hp_per_floor":[45,45,45,45,45,45,45,45,45,45,45,45,45,45],"card_choices":[{"not_picked":["DTMod:MasterPlan","DTMod:Conduct"],"picked":"DTMod:ComboAttack","floor":1},{"not_picked":["DTMod:Adaptation","DTMod:ComboAttack"],"picked":"DTMod:FlameSlash","floor":2},{"not_picked":["DTMod:MasterPlan","DTMod:Threaten"],"picked":"DTMod:TagTeam","floor":4},{"not_picked":["DTMod:ForkedFire","DTMod:Punisher"],"picked":"DTMod:GearUp","floor":7},{"not_picked":["DTMod:Feint","DTMod:BizarreTactic"],"picked":"DTMod:Training","floor":9}],"player_experience":427264,"relics_obtained":[{"floor":7,"key":"Snack Pack"},{"floor":9,"key":"Boot"}],"event_choices":[],"is_beta":false,"boss_relics":[],"items_purged_floors":[],"is_endless":false,"potions_floor_spawned":[4],"killed_by":"Lagavulin","ascension_level":0}}