{"host":"ovw38rql97vr1sxo","time":1609700127,"event":{"mods":["AchievementEnabler","Act Like it!","BaseMod","Better Altar","Better Match","Better Note","Better Sensory Stone","Better Skull","Better Third Choice","Colored Powertips","Hallownest","Highlight Path","Minty Spire (QoL Compilation)","Permanent Neow","Quick Restart","Rare Cards Sparkle","Shop Mod","StSLib","The Bug Knight","UnlockEverythingMod"],"gold_per_floor":[214,230,230,249,249,282,52,81,81,81,110,130,130,145,145,240,240,258,31,31,31,41,41,76,76,99,99,118,149,161,115,115,218,218,237,255,54,64,76,76,107,107,107,107,107,19,39,39,39,39],"floor_reached":51,"playtime":4108,"items_purged":["HollowMod:NailStrikeStart","HollowMod:QuickDashStart","HollowMod:QuickDashStart","HollowMod:QuickDashStart","HollowMod:QuickDashStart"],"score":833,"play_id":"79266736-0ef7-4251-bef1-fa3fd90ec483","local_time":"20210104035527","is_ascension_mode":false,"campfire_choices":[{"data":"HollowMod:SoulSplash","floor":10.0,"key":"SMITH"},{"data":"HollowMod:QuirrelsAssistance","floor":13.0,"key":"SMITH"},{"data":"HollowMod:PogoStrike","floor":15.0,"key":"SMITH"},{"data":"HollowMod:AwokenDreamNail","floor":23.0,"key":"SMITH"},{"data":"HollowMod:ChannelNail","floor":25.0,"key":"SMITH"},{"data":"HollowMod:CornifersMapStart","floor":27.0,"key":"SMITH"},{"data":"HollowMod:SoulShaman","floor":32.0,"key":"SMITH"},{"data":"HollowMod:ChannelNail","floor":40.0,"key":"SMITH"},{"data":"HollowMod:CloakDash","floor":42.0,"key":"SMITH"},{"data":"HollowMod:Weaversong","floor":45.0,"key":"SMITH"},{"floor":49.0,"key":"RECALL"}],"circlet_count":0,"master_deck":["HollowMod:NailStrikeStart","HollowMod:NailStrikeStart","HollowMod:NailStrikeStart","HollowMod:FocusHealStart","HollowMod:PogoStrike+1","HollowMod:QuirrelsAssistance+1","HollowMod:SoulSplash+1","HollowMod:LifebloodCore","HollowMod:CloakDash+1","HollowMod:BaldurShell","HollowMod:AwokenDreamNail+1","HollowMod:ChannelNail+1","HollowMod:CornifersMapStart+1","HollowMod:SoulMaster","HollowMod:ChannelNail+1","HollowMod:SoulShaman+1","HollowMod:Weaversong+1","HollowMod:CornifersMapStart+1","HollowMod:NewLittleFool","HollowMod:DreamGate+1"],"relics":["HollowMod:VesselMask","Hallownest:DreamNailRelic","Hallownest:TeacherSealRelic","Art of War","Medical Kit","Kunai","Lantern","Coffee Dripper","Membership Card","Gambling Chip","Bronze Scales","The Courier","MerchantsRug","Sozu","FossilizedHelix","Happy Flower","InkBottle"],"acts_visited":["Exordium","Hallownest:Greenpath","TheBeyond"],"potions_floor_usage":[50],"damage_taken":[{"damage":1.0,"enemies":"Hallownest:2_Tiktiks_and_1_Crawlid","floor":1.0,"turns":4.0},{"damage":2.0,"enemies":"Hallownest:2_MossCreeps","floor":2.0,"turns":5.0},{"damage":3.0,"enemies":"2_ Uuma","floor":4.0,"turns":4.0},{"damage":24.0,"enemies":"Hallownest:eliteMossKnight","floor":6.0,"turns":8.0},{"damage":14.0,"enemies":"Hallownest:eliteVengeflyKing","floor":8.0,"turns":13.0},{"damage":23.0,"enemies":"Hallownest:eliteCrystalGuardian","floor":11.0,"turns":7.0},{"damage":6.0,"enemies":"Hallownest:Wandering_and_Horned","floor":12.0,"turns":8.0},{"damage":4.0,"enemies":"Hallownest:monsterFoolEater","floor":14.0,"turns":3.0},{"damage":8.0,"enemies":"Hallownest:BossHornet","floor":16.0,"turns":11.0},{"damage":0.0,"enemies":"Hallownest:Guard_and_Sentry","floor":18.0,"turns":4.0},{"damage":0.0,"enemies":"Hallownest:Guard_and_Sentry","floor":20.0,"turns":3.0},{"damage":0.0,"enemies":"Hallownest:3_Youths","floor":22.0,"turns":6.0},{"damage":0.0,"enemies":"Hallownest:Nosk","floor":24.0,"turns":7.0},{"damage":0.0,"enemies":"Hallownest:Master_and_Novice","floor":28.0,"turns":3.0},{"damage":0.0,"enemies":"Hallownest:eliteSoulWarrior","floor":29.0,"turns":6.0},{"damage":0.0,"enemies":"Hallownest:2_Flukemon","floor":30.0,"turns":6.0},{"damage":0.0,"enemies":"Hallownest:BossGrimm","floor":33.0,"turns":7.0},{"damage":0.0,"enemies":"3 Shapes","floor":35.0,"turns":4.0},{"damage":0.0,"enemies":"3 Darklings","floor":36.0,"turns":4.0},{"damage":0.0,"enemies":"HollowMod:SlobberingHusk","floor":38.0,"turns":5.0},{"damage":0.0,"enemies":"4 Shapes","floor":39.0,"turns":3.0},{"damage":0.0,"enemies":"Nemesis","floor":41.0,"turns":5.0},{"damage":11.0,"enemies":"3 Darklings","floor":47.0,"turns":2.0},{"damage":3,"enemies":"Awakened One","floor":50,"turns":6}],"seed_played":"1958290900727302297","potions_obtained":[{"floor":6.0,"key":"Dexterity Potion"},{"floor":8.0,"key":"EssenceOfSteel"},{"floor":11.0,"key":"ColorlessPotion"},{"floor":12.0,"key":"Block Potion"},{"floor":22.0,"key":"SkillPotion"},{"floor":24.0,"key":"Dexterity Potion"},{"floor":33.0,"key":"DuplicationPotion"}],"is_trial":false,"path_per_floor":["M","M","?","M","?","E","$","E","T","R","E","M","R","M","R","B",null,"M","$","?","?","M","R","E","R","T","R","M","E","M","$","R","B",null,"M","M","$","M","M","R","E","R","T","?","R","$","M","?","R","B",null],"character_chosen":"THE_BUGKNIGHT","items_purchased":["Medical Kit","Membership Card","HollowMod:ChannelNail","HollowMod:SoulShaman","MerchantsRug","FossilizedHelix"],"campfire_rested":0,"item_purchase_floors":[7,19,19,31,31,37],"current_hp_per_floor":[74,75,75,75,75,57,57,53,53,53,36,40,40,42,42,44,75,75,75,75,75,75,75,75,75,75,75,75,75,75,75,75,75,75,75,75,75,75,75,75,75,75,75,75,75,75,64,64,64,61],"gold":39,"neow_bonus":"HUNDRED_GOLD","is_daily":false,"chose_seed":false,"campfire_upgraded":10,"win_rate":0.0,"timestamp":1609700127,"path_taken":["M","M","?","?","?","E","$","E","T","R","E","M","R","M","R","BOSS","M","$","?","?","M","R","E","R","T","R","M","E","M","$","R","BOSS","M","M","$","M","M","R","E","R","T","?","R","$","M","?","R","BOSS"],"items_purchased_type":["Relic","Relic","Card","Card","Relic","Relic"],"build_version":"2020-12-22","purchased_purges":5,"victory":true,"max_hp_per_floor":[75,75,75,75,75,75,75,75,75,75,75,75,75,75,75,75,75,75,75,75,75,75,75,75,75,75,75,75,75,75,75,75,75,75,75,75,75,75,75,75,75,75,75,75,75,75,75,75,75,75],"card_choices":[{"not_picked":["HollowMod:VengefulVoid","HollowMod:NewJinnsSoul","HollowMod:DashSlash"],"picked":"SKIP","floor":1.0},{"not_picked":["HollowMod:ShadowDash","HollowMod:MothsMistake"],"picked":"HollowMod:QuirrelsAssistance","floor":2.0},{"not_picked":["HollowMod:TaintedHusks","HollowMod:RecoilStrike"],"picked":"HollowMod:SoulSplash","floor":4.0},{"not_picked":["HollowMod:LifebloodCocoon","HollowMod:CrystalDash","HollowMod:AbyssShriek"],"picked":"SKIP","floor":6.0},{"not_picked":["HollowMod:InfectedCysts","HollowMod:SiblingsSouls"],"picked":"HollowMod:BaldurShell","floor":8.0},{"not_picked":["HollowMod:CrystalDash","HollowMod:SoulVessel"],"picked":"HollowMod:LifebloodCore","floor":11.0},{"not_picked":["HollowMod:LifebloodCocoon","HollowMod:NewGlowingWomb"],"picked":"HollowMod:CloakDash","floor":12.0},{"not_picked":["HollowMod:QuirrelsAssistance","HollowMod:AbyssShriek"],"picked":"HollowMod:BaldurShell","floor":14.0},{"not_picked":["HollowMod:Weaversong","HollowMod:SlysStrikes"],"picked":"HollowMod:AwokenDreamNail","floor":16.0},{"not_picked":["HollowMod:DoubleDash","HollowMod:InfectedAttack+1","HollowMod:TaintedHusks"],"picked":"SKIP","floor":18.0},{"not_picked":["HollowMod:GoodIntentions+1","HollowMod:DoubleDash+1","HollowMod:SharpenedNail"],"picked":"SKIP","floor":22.0},{"not_picked":["HollowMod:BlackTendrils","HollowMod:InfectedAttack+1"],"picked":"HollowMod:CornifersMapStart","floor":24.0},{"not_picked":["HollowMod:DescendingDark+1","HollowMod:LifebloodCocoon","HollowMod:ChannelNail"],"picked":"SKIP","floor":28.0},{"not_picked":["HollowMod:FallenFury","HollowMod:Hiveblood"],"picked":"HollowMod:SoulMaster","floor":29.0},{"not_picked":["HollowMod:DoubleDash","HollowMod:SiblingsSouls"],"picked":"HollowMod:ChannelNail","floor":30.0},{"not_picked":["HollowMod:SoulMaster","HollowMod:VoidDash"],"picked":"HollowMod:Weaversong","floor":33.0},{"not_picked":["HollowMod:TaintedHusks+1","HollowMod:NewLittleFool"],"picked":"HollowMod:CornifersMapStart+1","floor":35.0},{"not_picked":["HollowMod:NewJinnsSoul+1","HollowMod:ChannelNail+1","HollowMod:FastStrike+1"],"picked":"SKIP","floor":36.0},{"not_picked":["HollowMod:WraithStrike","HollowMod:DoubleDash+1"],"picked":"HollowMod:NewLittleFool","floor":38.0},{"not_picked":["HollowMod:TaintedHusks+1","HollowMod:VengefulVoid+1"],"picked":"HollowMod:DreamGate+1","floor":39.0},{"not_picked":["HollowMod:SharpenedShadows+1","HollowMod:SoulVessel","HollowMod:SoulShaman+1"],"picked":"SKIP","floor":41.0},{"not_picked":["HollowMod:MawleksShell+1","HollowMod:HeavyBlow","HollowMod:SoulVessel"],"picked":"SKIP","floor":47.0}],"player_experience":84438,"relics_obtained":[{"floor":6.0,"key":"Art of War"},{"floor":8.0,"key":"Kunai"},{"floor":9.0,"key":"Lantern"},{"floor":11.0,"key":"Darkstone Periapt"},{"floor":24.0,"key":"Gambling Chip"},{"floor":26.0,"key":"Bronze Scales"},{"floor":29.0,"key":"The Courier"},{"floor":41.0,"key":"Happy Flower"},{"floor":43.0,"key":"InkBottle"}],"event_choices":[{"damage_healed":0.0,"max_hp_gain":0.0,"max_hp_loss":0.0,"gold_gain":0.0,"event_name":"Tomb of Lord Red Mask","player_choice":"Ignored","floor":44.0,"gold_loss":0.0,"damage_taken":0.0},{"cards_removed":["HollowMod:BaldurShell"],"damage_healed":0.0,"max_hp_gain":0.0,"max_hp_loss":0.0,"gold_gain":0.0,"event_name":"Falling","player_choice":"Removed Power","floor":48.0,"gold_loss":0.0,"damage_taken":0.0}],"is_beta":false,"boss_relics":[{"not_picked":["Ectoplasm","Empty Cage"],"picked":"Coffee Dripper"},{"not_picked":["Runic Dome","Astrolabe"],"picked":"Sozu"}],"items_purged_floors":[7,19,31,37,46],"is_endless":false,"potions_floor_spawned":[6,8,11,12,20,22,24,33,35,36,41],"ascension_level":0}}