{"host":"baymyijz6sxaqj5s","time":1609664095,"event":{"mods":["AchievementEnabler","BaseMod","Colored Map","Colored Powertips","DeckTracker","Highlight Path","KOR Keyword Fix","Keyboard Shortcuts","Minty Spire (QoL Compilation)","Quick Restart","StSLib","SuperFastMode"],"gold_per_floor":[111,111,129,140,140,140,157,157,209,225,242,255,255,271,271,374,374,390,390,350,370,380,380,380],"floor_reached":23,"playtime":641,"items_purged":[],"score":215,"play_id":"5eed7101-a207-47c4-90d4-7c35b8ed09e4","local_time":"20210103175455","is_ascension_mode":true,"campfire_choices":[{"data":"Survivor","floor":6,"key":"SMITH"},{"floor":15,"key":"REST"}],"circlet_count":0,"master_deck":["Strike_G+1","Strike_G+1","Strike_G+1","Strike_G+1","Defend_G+1","Defend_G+1","Defend_G+1","Defend_G+1","Defend_G+1","Survivor+1","Neutralize","Blur","Poisoned Stab","Deflect","Terror","Noxious Fumes","Tactician+1","Corpse Explosion","Backflip","Corpse Explosion","Crippling Poison","Dash","Noxious Fumes"],"relics":["Ring of the Serpent","Dream Catcher"],"acts_visited":["Exordium","TheCity"],"potions_floor_usage":[10,14,16,16,21,22],"damage_taken":[{"damage":0,"enemies":"2 Louse","floor":1,"turns":4},{"damage":5,"enemies":"Small Slimes","floor":3,"turns":5},{"damage":2,"enemies":"Cultist","floor":4,"turns":6},{"damage":0,"enemies":"3 Louse","floor":7,"turns":5},{"damage":1,"enemies":"Looter","floor":10,"turns":3},{"damage":9,"enemies":"Large Slime","floor":11,"turns":9},{"damage":4,"enemies":"Red Slaver","floor":12,"turns":6},{"damage":15,"enemies":"Exordium Wildlife","floor":14,"turns":7},{"damage":18,"enemies":"The Guardian","floor":16,"turns":9},{"damage":25,"enemies":"3 Byrds","floor":18,"turns":4},{"damage":2,"enemies":"Shell Parasite","floor":21,"turns":8},{"damage":39,"enemies":"Sentry and Sphere","floor":22,"turns":8},{"damage":0,"enemies":"Slavers","floor":23,"turns":1}],"seed_played":"-3211970549291796685","potions_obtained":[{"floor":3,"key":"Fire Potion"},{"floor":7,"key":"PowerPotion"},{"floor":11,"key":"DistilledChaos"},{"floor":14,"key":"AttackPotion"},{"floor":18,"key":"GamblersBrew"},{"floor":21,"key":"SpeedPotion"}],"is_trial":false,"path_per_floor":["M","?","M","M","?","R","M","?","T","M","M","M","?","M","R","B",null,"M","?","?","M","M","E"],"character_chosen":"THE_SILENT","items_purchased":[],"campfire_rested":1,"item_purchase_floors":[],"current_hp_per_floor":[77,82,77,75,68,68,68,68,68,67,58,54,54,39,63,45,82,57,57,57,55,16,16,16],"gold":380,"neow_bonus":"TEN_PERCENT_HP_BONUS","is_daily":false,"chose_seed":false,"campfire_upgraded":1,"win_rate":0.0,"timestamp":1609664095,"path_taken":["M","?","M","M","?","R","M","?","T","M","M","?","?","M","R","BOSS","M","?","?","M","M","E"],"items_purchased_type":[],"build_version":"2020-12-22","purchased_purges":0,"victory":false,"max_hp_per_floor":[77,82,82,82,82,82,82,82,82,82,82,82,82,82,82,82,82,82,82,82,82,82,82,82],"card_choices":[{"not_picked":["Bane","Deflect"],"picked":"Blur","floor":1},{"not_picked":["Dagger Spray","Cloak And Dagger"],"picked":"Poisoned Stab","floor":3},{"not_picked":["Slice","Flying Knee"],"picked":"Deflect","floor":4},{"not_picked":["Cloak And Dagger","Setup","Slice"],"picked":"SKIP","floor":7},{"not_picked":["Outmaneuver","Heel Hook"],"picked":"Noxious Fumes","floor":10},{"not_picked":["Slice","Masterful Stab"],"picked":"Tactician","floor":11},{"not_picked":["Footwork","Flechettes","Tactician"],"picked":"SKIP","floor":12},{"not_picked":["Noxious Fumes","Cloak And Dagger"],"picked":"Corpse Explosion","floor":14},{"not_picked":["PiercingWail","Acrobatics"],"picked":"Backflip","floor":15},{"not_picked":["Grand Finale","Venomology"],"picked":"Corpse Explosion","floor":16},{"not_picked":["All Out Attack","Backflip+1"],"picked":"Crippling Poison","floor":18},{"not_picked":["Deflect","Blade Dance"],"picked":"Dash","floor":21},{"not_picked":["Acrobatics","Deadly Poison"],"picked":"Noxious Fumes","floor":22}],"player_experience":309816,"relics_obtained":[{"floor":9,"key":"Dream Catcher"}],"event_choices":[{"damage_healed":0,"gold_gain":0,"player_choice":"Donut","damage_taken":0,"max_hp_gain":5,"max_hp_loss":0,"event_name":"Big Fish","floor":2,"gold_loss":0},{"cards_removed":["Strike_G"],"damage_healed":0,"gold_gain":0,"player_choice":"Card Removal","damage_taken":7,"max_hp_gain":0,"max_hp_loss":0,"event_name":"Golden Wing","floor":5,"gold_loss":0},{"damage_healed":0,"gold_gain":0,"player_choice":"1 cards matched","damage_taken":0,"max_hp_gain":0,"max_hp_loss":0,"event_name":"Match and Keep!","floor":8,"gold_loss":0,"cards_obtained":["Terror"]},{"damage_healed":0,"gold_gain":0,"player_choice":"Ignored","damage_taken":0,"max_hp_gain":0,"max_hp_loss":0,"event_name":"Golden Idol","floor":13,"gold_loss":0},{"damage_healed":0,"gold_gain":0,"player_choice":"Simplicity","damage_taken":0,"max_hp_gain":0,"max_hp_loss":0,"event_name":"Back to Basics","floor":19,"gold_loss":0,"cards_upgraded":["Strike_G","Strike_G","Strike_G","Strike_G","Defend_G","Defend_G","Defend_G","Defend_G","Defend_G"]},{"damage_healed":0,"gold_gain":0,"player_choice":"Upgrade","damage_taken":0,"max_hp_gain":0,"max_hp_loss":0,"event_name":"Designer","floor":20,"gold_loss":40,"cards_upgraded":["Tactician"]}],"is_beta":false,"boss_relics":[{"not_picked":["Calling Bell","Philosopher\u0027s Stone"],"picked":"Ring of the Serpent"}],"items_purged_floors":[],"is_endless":false,"potions_floor_spawned":[3,7,11,14,18,21],"killed_by":"Slavers","ascension_level":3}}