{"host":"1rf9pknejqhzkc4o","time":1609633765,"event":{"mods":["BaseMod","Better Altar","Better Match","Better Note","Better Sensory Stone","Better Skull","Better Third Choice","Colored Map","Colored Powertips","Communication Mod","Minty Spire (QoL Compilation)","Quick Restart","RNG Fix","Rare Cards Sparkle","Relic Stats","StSLib"],"gold_per_floor":[217,217,44,56,56,56,76,91,145,108,122,141,141,161,161,257,257,270,195,195,44,44,44,69,69,69,80,80,93,93,93],"floor_reached":30,"playtime":958,"items_purged":[],"score":240,"play_id":"d566bbcc-ce92-4499-b16e-1803a1b0d0a0","local_time":"20210103032925","is_ascension_mode":false,"campfire_choices":[{"data":"Ball Lightning","floor":6.0,"key":"SMITH"},{"floor":13.0,"key":"REST"},{"floor":15.0,"key":"REST"},{"data":"Ball Lightning","floor":23,"key":"SMITH"},{"floor":25,"key":"REST"}],"circlet_count":0,"master_deck":["Strike_B","Strike_B","Strike_B","Strike_B","Defend_B","Defend_B","Defend_B","Defend_B","Zap","Dualcast","Steam","Ball Lightning+1","Static Discharge+1","Conserve Battery","Hologram","Turbo","Loop","Reinforced Body","Capacitor","Loop","Amplify","Ball Lightning+1","Echo Form","Lockon","Trip","Redo+1","Ball Lightning","BootSequence"],"relics":["Cracked Core","Akabeko","Lantern","Frozen Eye","Dead Branch","Sundial"],"acts_visited":["Exordium","TheCity"],"potions_floor_usage":[16,16,24,29,29],"damage_taken":[{"damage":6.0,"enemies":"Small Slimes","floor":1.0,"turns":3.0},{"damage":6.0,"enemies":"Jaw Worm","floor":4.0,"turns":3.0},{"damage":0.0,"enemies":"Cultist","floor":7.0,"turns":3.0},{"damage":8.0,"enemies":"Red Slaver","floor":8.0,"turns":2.0},{"damage":8.0,"enemies":"2 Fungi Beasts","floor":11.0,"turns":2.0},{"damage":11.0,"enemies":"Large Slime","floor":12.0,"turns":5.0},{"damage":8.0,"enemies":"Exordium Thugs","floor":14.0,"turns":3.0},{"damage":9,"enemies":"The Guardian","floor":16,"turns":7},{"damage":32,"enemies":"Shell Parasite","floor":18,"turns":6},{"damage":37,"enemies":"Slavers","floor":24,"turns":4},{"damage":10,"enemies":"Chosen","floor":27,"turns":3},{"damage":11,"enemies":"Centurion and Healer","floor":29,"turns":5},{"damage":10,"enemies":"Colosseum Slavers","floor":30,"turns":1}],"seed_played":"2353316018072596279","potions_obtained":[{"floor":4.0,"key":"FocusPotion"},{"floor":8.0,"key":"SteroidPotion"},{"floor":12.0,"key":"SkillPotion"},{"floor":16,"key":"ColorlessPotion"},{"floor":27,"key":"Ancient Potion"},{"floor":29,"key":"Explosive Potion"}],"is_trial":false,"path_per_floor":["M","?","$","M","?","R","M","M","T","$","M","M","R","M","R","B",null,"M","?","?","$","$","R","E","R","T","M","?","M","?"],"character_chosen":"DEFECT","items_purchased":["Ball Lightning","Static Discharge","Conserve Battery","Loop","Frozen Eye"],"campfire_rested":3,"item_purchase_floors":[3,3,3,10,21],"current_hp_per_floor":[69,57,57,51,51,51,51,43,43,43,35,24,46,38,60,51,75,43,43,43,43,43,43,6,28,28,18,18,7,0,0],"gold":93,"neow_bonus":"HUNDRED_GOLD","is_daily":false,"chose_seed":false,"campfire_upgraded":2,"win_rate":0.0,"timestamp":1609633765,"path_taken":["M","?","?","?","?","R","?","M","T","$","M","M","R","M","R","BOSS","M","?","?","?","$","R","E","R","T","M","?","M","?"],"items_purchased_type":["Card","Card","Card","Card","Relic"],"build_version":"2020-12-22","purchased_purges":0,"victory":false,"max_hp_per_floor":[75,75,75,75,75,75,75,75,75,75,75,75,75,75,75,75,75,75,75,75,75,75,75,75,75,75,75,75,75,75,75],"relic_stats":{"counters":[13,47],"Sundial":[0],"Dead Branch":[5],"obtain_stats":[{"Frozen Eye":21,"Lantern":9,"Sundial":26,"Dead Branch":24,"Cracked Core":0,"Akabeko":2},{"Frozen Eye":9,"Lantern":4,"Sundial":10,"Dead Branch":10,"Cracked Core":0,"Akabeko":1},{"Frozen Eye":34,"Lantern":11,"Sundial":38,"Dead Branch":38,"Cracked Core":0,"Akabeko":3}]},"card_choices":[{"not_picked":["Sweeping Beam","Melter"],"picked":"Steam","floor":1.0},{"not_picked":["Cold Snap","Blizzard"],"picked":"Hologram","floor":4.0},{"not_picked":["Coolheaded","Rebound","Force Field"],"picked":"SKIP","floor":7.0},{"not_picked":["Gash","Meteor Strike"],"picked":"Turbo","floor":8.0},{"not_picked":["Consume","Conserve Battery"],"picked":"Reinforced Body","floor":11.0},{"not_picked":["Beam Cell","Sweeping Beam"],"picked":"Capacitor","floor":12.0},{"not_picked":["Reprogram","Static Discharge"],"picked":"Loop","floor":14.0},{"not_picked":["All For One","Meteor Strike"],"picked":"Amplify","floor":16},{"not_picked":["Stack+1","Steam Power+1"],"picked":"Ball Lightning","floor":18},{"not_picked":["Thunder Strike","Multi-Cast"],"picked":"Echo Form","floor":19},{"not_picked":["Chaos","Blizzard"],"picked":"Lockon","floor":19},{"not_picked":["Jack Of All Trades","Forethought"],"picked":"Trip","floor":19},{"not_picked":["Turbo","Beam Cell+1"],"picked":"Redo+1","floor":24},{"not_picked":["Fusion+1","Hologram"],"picked":"Ball Lightning","floor":27},{"not_picked":["Redo","Heatsinks"],"picked":"BootSequence","floor":29}],"player_experience":161195,"relics_obtained":[{"floor":9.0,"key":"Lantern"},{"floor":24,"key":"Dead Branch"},{"floor":26,"key":"Sundial"}],"event_choices":[{"damage_healed":0.0,"max_hp_gain":0.0,"max_hp_loss":0.0,"gold_gain":0.0,"event_name":"betterThird:BetterScrap","player_choice":"Relic ","floor":2.0,"gold_loss":0.0,"damage_taken":12.0,"cards_obtained":["Footwork"]},{"damage_healed":0.0,"max_hp_gain":0.0,"max_hp_loss":0.0,"gold_gain":0.0,"event_name":"Living Wall","player_choice":"Grow","floor":5.0,"gold_loss":0.0,"damage_taken":0.0,"cards_upgraded":["Static Discharge"]},{"damage_healed":0,"gold_gain":0,"player_choice":"1","damage_taken":0,"max_hp_gain":0,"max_hp_loss":0,"event_name":"betterMatch:BetterMatch","floor":19,"gold_loss":0,"cards_obtained":["betterMatch:RareCard","betterMatch:UncommonCard","betterMatch:ColorlessUncommonCard"]},{"cards_removed":["Echo Form"],"damage_healed":0,"gold_gain":0,"player_choice":"Give","damage_taken":0,"max_hp_gain":0,"max_hp_loss":0,"event_name":"betterNote:BetterNote","floor":20,"gold_loss":0,"cards_obtained":["None"]},{"damage_healed":0,"gold_gain":0,"player_choice":"Adaptability","damage_taken":0,"max_hp_gain":0,"max_hp_loss":0,"event_name":"betterThird:BetterWriting","floor":28,"gold_loss":0},{"damage_healed":0,"gold_gain":0,"player_choice":"Fight","damage_taken":0,"max_hp_gain":0,"max_hp_loss":0,"event_name":"Colosseum","floor":30,"gold_loss":0}],"is_beta":false,"boss_relics":[{"not_picked":["Coffee Dripper","Empty Cage","Snecko Eye"]}],"items_purged_floors":[],"is_endless":false,"potions_floor_spawned":[4,8,12,16,27,29],"killed_by":"Colosseum Slavers","ascension_level":0}}