{"host":"os9owiyb0rak6c8n","time":1609698696,"event":{"mods":["AchievementEnabler","Astrologer","BaseMod","Beaked The Cultist","Better Third Choice","Block Reminder","Colored Map","Colored Powertips","Dio Mod","Minty Spire (QoL Compilation)","Robot Space Explorer","Spicy Shops","StSLib","The Death Knight","The Necromancer"],"gold_per_floor":[117,117,48,60,129,158,169,186,186,202,202,229,229,243,243,345,645,658,671,8,23,23,23,55,55,108,135,135,135],"floor_reached":28,"playtime":1184,"items_purged":["DeathKnight:Defend_DeathKnight","DeathKnight:Strike_DeathKnight"],"score":366,"play_id":"58518440-0059-48bc-bfc7-27a25e0e58f5","local_time":"20210103193136","is_ascension_mode":true,"campfire_choices":[{"data":"DeathKnight:IceboundArmor","floor":13,"key":"SMITH"},{"data":"DeathKnight:Hysteria","floor":15,"key":"SMITH"},{"data":"DeathKnight:Simulacrum","floor":23,"key":"SMITH"},{"floor":25,"key":"REST"}],"circlet_count":0,"master_deck":["DeathKnight:Strike_DeathKnight","DeathKnight:Strike_DeathKnight","DeathKnight:Strike_DeathKnight","DeathKnight:Strike_DeathKnight","DeathKnight:Defend_DeathKnight","DeathKnight:Defend_DeathKnight","DeathKnight:Defend_DeathKnight","DeathKnight:RuneTap","DeathKnight:RuneStrike","DeathKnight:Hysteria+1","DeathKnight:GargoyleSkin","DeathKnight:IceboundArmor+1","DeathKnight:DeathAndDecay","DeathKnight:BloodStrike","DeathKnight:IcyTouch","DeathKnight:BloodPact","DeathKnight:MindFreeze+1","DeathKnight:Razorice+1","CurseOfTheBell","DeathKnight:Simulacrum+1","DeathKnight:DarkSuccor","DeathKnight:FrostStrike+1","DeathKnight:PlagueStrike"],"relics":["DeathKnight:BrokenRuneblade","NeowsBlessing","Gremlin Horn","DeathKnight:LanathelsBloodyNail","DeathKnight:TomeOfFrostSpecialization","Calling Bell","Vajra","Letter Opener","Old Coin","Shovel","Molten Egg 2","Pen Nib","beaked:ShinyBauble"],"acts_visited":["Exordium","TheCity"],"potions_floor_usage":[21,24,27,27,27],"damage_taken":[{"damage":0,"enemies":"2 Louse","floor":1,"turns":1},{"damage":0,"enemies":"Cultist","floor":4,"turns":1},{"damage":0,"enemies":"Gremlin Nob","floor":6,"turns":1},{"damage":2,"enemies":"Jaw Worm","floor":7,"turns":7},{"damage":4,"enemies":"Blue Slaver","floor":8,"turns":4},{"damage":3,"enemies":"Large Slime","floor":10,"turns":8},{"damage":10,"enemies":"Lagavulin","floor":12,"turns":9},{"damage":3,"enemies":"2 Fungi Beasts","floor":14,"turns":3},{"damage":10,"enemies":"The Guardian","floor":16,"turns":11},{"damage":21,"enemies":"2 Thieves","floor":18,"turns":4},{"damage":7,"enemies":"3 Byrds","floor":19,"turns":6},{"damage":35,"enemies":"3 Cultists","floor":21,"turns":7},{"damage":18,"enemies":"Book of Stabbing","floor":24,"turns":5},{"damage":26,"enemies":"Gremlin Leader","floor":27,"turns":6},{"damage":9,"enemies":"Snake Plant","floor":28,"turns":4}],"seed_played":"-8787958143288341751","potions_obtained":[{"floor":6,"key":"FearPotion"},{"floor":10,"key":"SpeedPotion"},{"floor":12,"key":"Strength Potion"},{"floor":14,"key":"EssenceOfSteel"},{"floor":21,"key":"Strength Potion"},{"floor":24,"key":"GamblersBrew"}],"is_trial":false,"path_per_floor":["M","?","$","M","?","E","M","M","T","M","?","E","R","M","R","B",null,"M","M","$","M","$","R","E","R","T","E","M"],"character_chosen":"DEATH_KNIGHT","items_purchased":["DeathKnight:GargoyleSkin","DeathKnight:FrostStrike+1","Regen Potion","Shovel"],"campfire_rested":1,"item_purchase_floors":[3,20,20,20],"current_hp_per_floor":[75,75,75,75,75,75,73,69,69,66,66,56,56,53,53,43,67,46,39,39,31,31,31,13,35,35,9,0,0],"gold":135,"neow_bonus":"THREE_ENEMY_KILL","is_daily":false,"chose_seed":false,"campfire_upgraded":3,"win_rate":0.0,"timestamp":1609698696,"path_taken":["M","?","$","M","?","E","M","M","T","M","?","E","R","M","R","BOSS","M","M","$","M","?","R","E","R","T","E","M"],"items_purchased_type":["Card","Card","Potion","Relic"],"build_version":"2020-12-22","purchased_purges":2,"victory":false,"max_hp_per_floor":[75,75,75,75,75,75,75,75,75,75,75,75,75,75,75,75,75,75,75,75,75,75,75,75,75,75,75,75,75],"card_choices":[{"not_picked":["DeathKnight:UnholyPresence","DeathKnight:BloodEchoes"],"picked":"DeathKnight:Hysteria","floor":1},{"not_picked":["DeathKnight:FesteringStrike","DeathKnight:IcyTouch"],"picked":"DeathKnight:IceboundArmor","floor":4},{"not_picked":["DeathKnight:UnholyFrenzy","DeathKnight:RunicCorruption"],"picked":"DeathKnight:DeathAndDecay","floor":6},{"not_picked":["DeathKnight:Hysteria","DeathKnight:BoneStorm"],"picked":"DeathKnight:BloodStrike","floor":7},{"not_picked":["DeathKnight:UnholyPresence","DeathKnight:Hysteria"],"picked":"DeathKnight:IcyTouch","floor":8},{"not_picked":["DeathKnight:BludPresence","DeathKnight:ShatteringStrikes"],"picked":"DeathKnight:BloodPact","floor":10},{"not_picked":["DeathKnight:Hysteria","DeathKnight:HartStrike"],"picked":"DeathKnight:MindFreeze","floor":12},{"not_picked":["DeathKnight:DeathCoil","DeathKnight:UnholyFrenzy","DeathKnight:BoneShield"],"picked":"SKIP","floor":14},{"not_picked":["DeathKnight:Simulacrum","DeathKnight:BoneStorm"],"picked":"DeathKnight:Razorice+1","floor":16},{"not_picked":["DeathKnight:UnholyFrenzy","DeathKnight:Parry+1"],"picked":"DeathKnight:Simulacrum","floor":18},{"not_picked":["DeathKnight:IcyTouch+1","DeathKnight:Hysteria"],"picked":"DeathKnight:DarkSuccor","floor":19},{"not_picked":["DeathKnight:BloodPact","DeathKnight:ShatteringStrikes"],"picked":"DeathKnight:PlagueStrike","floor":21},{"not_picked":["DeathKnight:Lichborne+1","DeathKnight:RaiseAlly","DeathKnight:Simulacrum"],"picked":"SKIP","floor":24},{"not_picked":["DeathKnight:HartStrike+1","DeathKnight:Hysteria","DeathKnight:BoneSpear+1"],"picked":"SKIP","floor":27}],"player_experience":581828,"relics_obtained":[{"floor":6,"key":"Gremlin Horn"},{"floor":9,"key":"DeathKnight:LanathelsBloodyNail"},{"floor":12,"key":"DeathKnight:TomeOfFrostSpecialization"},{"floor":17,"key":"Vajra"},{"floor":17,"key":"Letter Opener"},{"floor":17,"key":"Old Coin"},{"floor":24,"key":"Molten Egg 2"},{"floor":26,"key":"Pen Nib"},{"floor":27,"key":"beaked:ShinyBauble"}],"event_choices":[{"damage_healed":0,"gold_gain":0,"player_choice":"Leave","damage_taken":0,"max_hp_gain":0,"max_hp_loss":0,"event_name":"The Cleric","floor":2,"gold_loss":0},{"damage_healed":0,"gold_gain":69,"player_choice":"Gained Gold","damage_taken":0,"max_hp_gain":0,"max_hp_loss":0,"event_name":"Golden Wing","floor":5,"gold_loss":0},{"cards_removed":["DeathKnight:Defend_DeathKnight"],"damage_healed":0,"gold_gain":0,"player_choice":"Offered Basic","damage_taken":0,"max_hp_gain":0,"max_hp_loss":0,"event_name":"Bonfire Elementals","floor":11,"gold_loss":0}],"is_beta":false,"boss_relics":[{"not_picked":["Tiny House","SacredBark"],"picked":"Calling Bell"}],"items_purged_floors":[20,20],"is_endless":false,"potions_floor_spawned":[6,10,12,14,21,24],"killed_by":"Snake Plant","ascension_level":5}}