{"host":"wgmbtq7u7cgqo6r7","time":1609637099,"event":{"mods":["BaseMod","Colored Powertips","Marisa（霧雨　魔理沙）","Minty Spire (QoL Compilation)","Rare Cards Sparkle","StSLib","everything is the same but u backflip on backflip"],"gold_per_floor":[110,121,131,141,158,158,192,192,192,210,210,210,227,1,1,103,103,115,115,129,129,148,148,183,282,309,325,325,344,360,360,360,456,456,468,486,133,133,133,133,152,152,152],"floor_reached":42,"playtime":1698,"items_purged":["Strike_MRS","Pain"],"score":469,"play_id":"e0a65326-16a3-44d7-a280-f06849be99ec","local_time":"20210102202459","is_ascension_mode":true,"campfire_choices":[{"floor":6,"key":"REST"},{"data":"BlazingStar","floor":8,"key":"SMITH"},{"floor":15,"key":"RECALL"},{"floor":23,"key":"REST"},{"floor":28,"key":"REST"},{"floor":32,"key":"REST"},{"floor":40,"key":"REST"}],"circlet_count":0,"master_deck":["Strike_MRS","Strike_MRS","Strike_MRS","Defend_MRS","Defend_MRS","Defend_MRS","Defend_MRS","MasterSpark","UpSweep","BlazingStar+1","NonDirectionalLaser","ShootingEcho","GalacticHalo","UltimateShortwave","GrandCross","EscapeVelocity+1","MagicAbsorber","BlazingStar+1","SuperNova+1","WitchLeyline","DeepEcoloBomb","MagicChant+1","AsteroidBelt","FinalSpark","MagicChant+1","Wraith","AsteroidBelt+1"],"relics":["MiniHakkero","Frozen Egg 2","Art of War","DollysMirror","Philosopher\u0027s Stone","WarpedTongs","Enchiridion","Vajra","Bag of Preparation","Cursed Key","BreadOfAWashokuLover"],"acts_visited":["Exordium","TheCity","TheBeyond"],"potions_floor_usage":[7,16,22,22,24,33],"damage_taken":[{"damage":1,"enemies":"2 Louse","floor":1,"turns":2},{"damage":6,"enemies":"Jaw Worm","floor":2,"turns":3},{"damage":0,"enemies":"Cultist","floor":3,"turns":2},{"damage":14,"enemies":"Blue Slaver","floor":4,"turns":3},{"damage":5,"enemies":"Large Slime","floor":5,"turns":4},{"damage":9,"enemies":"3 Sentries","floor":7,"turns":6},{"damage":9,"enemies":"3 Louse","floor":10,"turns":3},{"damage":2,"enemies":"Blue Slaver","floor":13,"turns":2},{"damage":39,"enemies":"The Guardian","floor":16,"turns":5},{"damage":17,"enemies":"2 Thieves","floor":18,"turns":3},{"damage":17,"enemies":"Shell Parasite","floor":20,"turns":3},{"damage":5,"enemies":"3 Cultists","floor":22,"turns":4},{"damage":16,"enemies":"Book of Stabbing","floor":24,"turns":4},{"damage":5,"enemies":"Snake Plant","floor":27,"turns":2},{"damage":12,"enemies":"Cultist and Chosen","floor":29,"turns":3},{"damage":0,"enemies":"Snecko","floor":30,"turns":2},{"damage":71,"enemies":"Champ","floor":33,"turns":8},{"damage":22,"enemies":"3 Shapes","floor":35,"turns":3},{"damage":6,"enemies":"Orb Walker","floor":36,"turns":2},{"damage":24,"enemies":"Jaw Worm Horde","floor":41,"turns":4},{"damage":36,"enemies":"Nemesis","floor":42,"turns":4}],"seed_played":"-4006684946017557718","potions_obtained":[{"floor":1,"key":"FairyPotion"},{"floor":4,"key":"Dexterity Potion"},{"floor":5,"key":"Swift Potion"},{"floor":10,"key":"GamblersBrew"},{"floor":20,"key":"AttackPotion"},{"floor":22,"key":"EssenceOfSteel"},{"floor":27,"key":"BottledSpark"},{"floor":41,"key":"DuplicationPotion"}],"is_trial":false,"path_per_floor":["M","M","M","M","M","R","E","R","T","M","?","T","M","$","R","B",null,"M","?","M","?","M","R","E","?","T","M","R","M","M","?","R","B",null,"M","M","$","?","?","R","M","E"],"character_chosen":"MARISA","items_purchased":["DollysMirror","BreadOfAWashokuLover"],"campfire_rested":5,"item_purchase_floors":[14,37],"current_hp_per_floor":[67,61,61,47,42,62,53,53,53,44,66,66,64,64,64,25,68,51,51,34,18,13,33,17,17,17,12,32,20,20,42,62,19,68,46,40,40,40,40,60,36,0,0],"gold":152,"neow_bonus":"THREE_RARE_CARDS","is_daily":false,"chose_seed":false,"campfire_upgraded":1,"win_rate":0.0,"timestamp":1609637099,"path_taken":["M","M","M","M","M","R","E","R","T","M","?","?","M","$","R","BOSS","M","?","?","?","M","R","E","?","T","M","R","M","M","?","R","BOSS","M","M","$","?","?","R","M","E"],"items_purchased_type":["Relic","Relic"],"build_version":"2020-12-22","purchased_purges":2,"victory":false,"max_hp_per_floor":[68,68,68,68,68,68,68,68,68,68,68,68,68,68,68,68,68,68,68,68,68,68,68,68,68,68,68,68,68,68,68,68,68,68,68,68,68,68,68,68,68,68,68],"card_choices":[{"not_picked":["ManaRampage","CasketOfStar"],"picked":"BlazingStar","floor":0},{"not_picked":["AlicesGift","DC"],"picked":"NonDirectionalLaser","floor":1},{"not_picked":["MagicAbsorber","WitchLeyline"],"picked":"ShootingEcho","floor":2},{"not_picked":["MysteriousBeam","6A"],"picked":"GalacticHalo","floor":3},{"not_picked":["GrandCross","Robbery"],"picked":"UltimateShortwave","floor":4},{"not_picked":["RefractionSpark","MysteriousBeam"],"picked":"GrandCross","floor":5},{"not_picked":["AsteroidBelt","SuperPerseids"],"picked":"EscapeVelocity+1","floor":7},{"not_picked":["GrandCross","DoubleSpark"],"picked":"MagicAbsorber","floor":10},{"not_picked":["GalacticHalo","DragonMeteor","EventHorizon+1"],"picked":"SKIP","floor":13},{"not_picked":["StarDustReverie","UltimateShortwave"],"picked":"SuperNova+1","floor":16},{"not_picked":["6A","StarlightTyphoon"],"picked":"WitchLeyline","floor":18},{"not_picked":["EnergyFlow+1","GrandCross"],"picked":"DeepEcoloBomb","floor":20},{"not_picked":["MagicChant","GravityBeat","ChargingUp"],"picked":"SKIP","floor":22},{"not_picked":["PowerUp","DeepEcoloBomb+1"],"picked":"MagicChant+1","floor":24},{"not_picked":["DragonMeteor","PowerUp","GravityBeat"],"picked":"SKIP","floor":27},{"not_picked":["PropBag","IllusionStar"],"picked":"AsteroidBelt","floor":29},{"not_picked":["AsteroidBelt","MachineGunSpark","Acceleration"],"picked":"SKIP","floor":30},{"not_picked":["SuperNova+1","UltimateShortwave"],"picked":"FinalSpark","floor":33},{"not_picked":["PowerUp+1","ChargingUp","ShootingEcho+1"],"picked":"SKIP","floor":35},{"not_picked":["DarkMatter+1","SuperPerseids+1"],"picked":"MagicChant+1","floor":36},{"not_picked":["Acceleration+1","NonDirectionalLaser+1"],"picked":"AsteroidBelt+1","floor":41}],"player_experience":131800,"relics_obtained":[{"floor":7,"key":"Frozen Egg 2"},{"floor":12,"key":"Art of War"},{"floor":21,"key":"Enchiridion"},{"floor":24,"key":"Vajra"},{"floor":26,"key":"Bag of Preparation"}],"event_choices":[{"damage_healed":22,"gold_gain":0,"player_choice":"Banana","damage_taken":0,"max_hp_gain":0,"max_hp_loss":0,"event_name":"Big Fish","floor":11,"gold_loss":0},{"damage_healed":0,"gold_gain":0,"player_choice":"Rummage","damage_taken":0,"relics_obtained":["WarpedTongs"],"max_hp_gain":0,"max_hp_loss":0,"event_name":"Accursed Blacksmith","floor":19,"gold_loss":0,"cards_obtained":["Pain"]},{"damage_healed":0,"gold_gain":0,"player_choice":"Obtained Book","damage_taken":16,"max_hp_gain":0,"max_hp_loss":0,"event_name":"Cursed Tome","floor":21,"gold_loss":0},{"damage_healed":0,"gold_gain":99,"player_choice":"Stole From Cult","damage_taken":0,"max_hp_gain":0,"max_hp_loss":0,"event_name":"Nest","floor":25,"gold_loss":0},{"damage_healed":22,"gold_gain":0,"player_choice":"Heal","damage_taken":0,"max_hp_gain":0,"max_hp_loss":0,"event_name":"The Library","floor":31,"gold_loss":0},{"damage_healed":0,"gold_gain":0,"player_choice":"Ignored","damage_taken":0,"max_hp_gain":0,"max_hp_loss":0,"event_name":"OrinTheCat","floor":38,"gold_loss":0},{"damage_healed":0,"gold_gain":0,"player_choice":"Ignored","damage_taken":0,"max_hp_gain":0,"max_hp_loss":0,"event_name":"Tomb of Lord Red Mask","floor":39,"gold_loss":0}],"is_beta":false,"boss_relics":[{"not_picked":["Tiny House","Runic Dome"],"picked":"Philosopher\u0027s Stone"},{"not_picked":["Pandora\u0027s Box","Velvet Choker"],"picked":"Cursed Key"}],"items_purged_floors":[14,37],"is_endless":false,"potions_floor_spawned":[1,4,5,10,20,22,27,41],"killed_by":"Nemesis","ascension_level":1}}