{"host":"kmq7aw60w430zvtx","time":1609636506,"event":{"mods":["BaseMod","Downfall","GifTheSpireLib","Hermit","Hubris","Minty Spire (QoL Compilation)","Replay The Spire","StSLib","The Construct","The Cursed","The Hierophant","The Jungle","The Necromancer","The Runesmith"],"gold_per_floor":[110,110,60,23,23,23,23,47,47,47,71,115,148,6,6,126,126,142,262,262,276,21,64,101,134,134,134,159,159,171,171],"floor_reached":30,"playtime":1902,"items_purged":["Strike_G"],"score":385,"play_id":"7054f013-ed63-4add-b667-797612a6e1d3","local_time":"20210103021506","is_ascension_mode":true,"campfire_choices":[{"data":"Neutralize","floor":6,"key":"SMITH"},{"floor":10,"key":"RECALL"},{"floor":15,"key":"REST"},{"floor":27,"key":"REST"},{"floor":29,"key":"REST"}],"circlet_count":0,"master_deck":["Strike_G","Strike_G","Strike_G","Strike_G","Defend_G","Defend_G","Defend_G","Defend_G","Survivor","Neutralize+1","Underhanded Strike","Backflip","Sucker Punch","Sucker Punch","Dagger Throw","Caltrops","Terror","Dash","Caltrops","Bullet Time","Expertise+1","Escape Plan","Tools of the Trade","expansioncontent:DefensiveMode","Underhanded Strike","Deflect","ReplayTheSpireMod:The Works"],"relics":["Ring of the Snake","Bag of Preparation","Golden Idol","Letter Opener","hubris:PeanutButter","Odd Mushroom","Sozu","Replay:Bandana","Blue Candle"],"acts_visited":["Exordium","theJungle:Jungle"],"potions_floor_usage":[16,16,16],"damage_taken":[{"damage":0,"enemies":"2 Louse","floor":1,"turns":3},{"damage":0,"enemies":"Small Slimes","floor":8,"turns":3},{"damage":4,"enemies":"Jaw Worm","floor":11,"turns":3},{"damage":9,"enemies":"Replay:BlueRogue","floor":12,"turns":6},{"damage":16,"enemies":"The Mushroom Lair","floor":13,"turns":5},{"damage":0,"enemies":"Hexaghost","floor":16,"turns":6},{"damage":0,"enemies":"theJungle:5_Spyders","floor":18,"turns":5},{"damage":0,"enemies":"theJungle:GiantWrat","floor":21,"turns":5},{"damage":14,"enemies":"theJungle:2_Phrogs","floor":23,"turns":10},{"damage":1,"enemies":"Snake Plant","floor":24,"turns":3},{"damage":31,"enemies":"theJungle:2_Snecko_Cultists","floor":25,"turns":5},{"damage":11,"enemies":"theJungle:Lyon","floor":28,"turns":4},{"damage":53,"enemies":"theJungle:MamaSnecko","floor":30,"turns":5}],"seed_played":"4174260028799882929","potions_obtained":[{"floor":8,"key":"Dexterity Potion"},{"floor":12,"key":"GhostInAJar"},{"floor":13,"key":"LiquidBronze"}],"is_trial":false,"path_per_floor":["M","?","?","$","?","R","T","M","T","R","M","E","?","$","R","B",null,"M","?","?","M","$","E","M","M","T","R","M","R","E"],"character_chosen":"THE_SILENT","items_purchased":["Sucker Punch","Caltrops","Tools of the Trade","expansioncontent:DefensiveMode"],"campfire_rested":3,"item_purchase_floors":[4,14,22,22],"current_hp_per_floor":[63,63,63,63,63,63,63,63,63,63,59,50,34,34,53,53,62,62,53,62,62,62,48,47,16,16,35,24,43,0,0],"gold":171,"neow_bonus":"RANDOM_COMMON_RELIC","is_daily":false,"chose_seed":false,"campfire_upgraded":1,"win_rate":0.0,"timestamp":1609636506,"path_taken":["M","?","?","$","?","R","?","M","T","R","?","E","?","?","R","BOSS","M","?","?","M","?","E","M","M","T","R","M","R","E"],"items_purchased_type":["Card","Card","Card","Card"],"build_version":"2020-12-22","purchased_purges":1,"victory":false,"max_hp_per_floor":[70,70,70,70,65,65,65,65,65,65,65,65,65,65,65,65,65,65,65,65,65,65,65,65,65,65,65,65,65,65,65],"card_choices":[{"not_picked":["Dagger Throw","Backflip"],"picked":"Underhanded Strike","floor":1},{"not_picked":["Dash","Flying Knee"],"picked":"Dagger Throw","floor":8},{"not_picked":["Dodge and Roll","Underhanded Strike"],"picked":"Caltrops","floor":11},{"not_picked":["Sucker Punch","Deflect"],"picked":"Terror","floor":12},{"not_picked":["Toxin Wave","Sneak Up"],"picked":"Dash","floor":13},{"not_picked":["Doppelganger","Atom Bomb"],"picked":"Bullet Time","floor":16},{"not_picked":["Deadly Poison","Backflip+1"],"picked":"Expertise+1","floor":18},{"not_picked":["Skewer","Endless Agony"],"picked":"Escape Plan","floor":21},{"not_picked":["Finisher","Skewer","Bane"],"picked":"SKIP","floor":23},{"not_picked":["Skewer+1","Riddle With Holes+1"],"picked":"Underhanded Strike","floor":24},{"not_picked":["Expertise","Infinite Blades"],"picked":"Deflect","floor":25},{"not_picked":["Outmaneuver","Crippling Poison+1"],"picked":"ReplayTheSpireMod:The Works","floor":28}],"player_experience":268751,"relics_obtained":[{"floor":7,"key":"Letter Opener"},{"floor":12,"key":"hubris:PeanutButter"},{"floor":13,"key":"Odd Mushroom"},{"floor":23,"key":"Replay:Bandana"},{"floor":26,"key":"Blue Candle"}],"event_choices":[{"cards_removed":["Defend_G"],"damage_healed":0,"gold_gain":0,"player_choice":"Card Removal","damage_taken":0,"max_hp_gain":0,"max_hp_loss":0,"event_name":"The Cleric","floor":3,"gold_loss":50},{"damage_healed":0,"gold_gain":0,"player_choice":"Lose Max HP","damage_taken":0,"relics_obtained":["Golden Idol"],"max_hp_gain":0,"max_hp_loss":5,"event_name":"Golden Idol","floor":5,"gold_loss":0},{"damage_healed":0,"gold_gain":0,"player_choice":"Fought Mushrooms","damage_taken":0,"max_hp_gain":0,"max_hp_loss":0,"event_name":"Mushrooms","floor":13,"gold_loss":0}],"is_beta":false,"boss_relics":[{"not_picked":["Busted Crown","hubris:CrackedHourglass"],"picked":"Sozu"}],"items_purged_floors":[14],"is_endless":false,"potions_floor_spawned":[8,12,13,18,24,25,28],"killed_by":"theJungle:MamaSnecko","ascension_level":6}}