{"host":"waq1ashgqt0tulkv","time":1609674765,"event":{"mods":["Aspiration","BaseMod","BetterRewards","Colored Powertips","Conspire","Downfall","Duelist Mod","Hermit","Hubris","Infinite Spire","Minty Spire (QoL Compilation)","Quick Restart","Rare Cards Sparkle","Replay The Spire","StSLib","SuperFastMode","The Animator","The Bug Knight","The Construct","The Cursed","The Disciple","The Hierophant","The Necromancer","The Runesmith","The Servant 0.9.4","egg"],"gold_per_floor":[111,111,111,39,39,39,57,73,100,70,88,103,56,76,171,267,317,334,334,346,389,400,400,400,413,413,109,122,139,139,139,139],"floor_reached":31,"playtime":907,"items_purged":[],"score":229,"play_id":"02fb442d-8ff0-43a6-adb5-b263a7d8e5c8","local_time":"20210103045245","is_ascension_mode":false,"campfire_choices":[{"data":"Noxious Fumes","floor":6,"key":"SMITH"},{"floor":23,"key":"REST"}],"circlet_count":0,"master_deck":["Strike_G","Strike_G","Strike_G","Strike_G","Defend_G","Defend_G+1","Defend_G","Defend_G","Defend_G","Survivor","Neutralize","conspire:DoublingDagger","Noxious Fumes+1","Expertise","Bane","Poison Darts","PiercingWail","Poisoned Stab","Deadly Poison","ReplayTheSpireMod:Speed Training","aspiration:Lunge","Well Laid Plans","Poisoned Stab","Flying Knee+1","Malaise","Escape Plan","Footwork+1","Sucker Punch+1"],"relics":["theDuelist:MillenniumPuzzle","aspiration:DSix","hubris:Towel","infinitespire:Cubic Diamond","FossilizedHelix","Tiny House","infinitespire:BottledMercury","Dream Catcher","infinitespire:Beetle Shell","TheAbacus"],"acts_visited":["Exordium","TheCity"],"potions_floor_usage":[7,14,18,25,29],"damage_taken":[{"damage":0,"enemies":"Cultist","floor":1,"turns":4},{"damage":0,"enemies":"Jaw Worm","floor":7,"turns":4},{"damage":5,"enemies":"Small Slimes","floor":8,"turns":5},{"damage":0,"enemies":"Looter","floor":10,"turns":4},{"damage":13,"enemies":"Large Slime","floor":11,"turns":6},{"damage":0,"enemies":"2 Fungi Beasts","floor":12,"turns":4},{"damage":0,"enemies":"Red Slaver","floor":14,"turns":3},{"damage":10,"enemies":"Hexaghost","floor":16,"turns":8},{"damage":4,"enemies":"Shell Parasite","floor":18,"turns":5},{"damage":5,"enemies":"Chosen","floor":20,"turns":5},{"damage":21,"enemies":"Snecko","floor":22,"turns":6},{"damage":6,"enemies":"Cultist and Chosen","floor":25,"turns":6},{"damage":31,"enemies":"Centurion and Healer","floor":28,"turns":6},{"damage":29,"enemies":"Snake Plant","floor":29,"turns":5},{"damage":8,"enemies":"Cultist and Chosen","floor":31,"turns":3}],"seed_played":"4793125881442320190","potions_obtained":[{"floor":1,"key":"DistilledChaos"},{"floor":12,"key":"SkillPotion"},{"floor":14,"key":"GamblersBrew"},{"floor":17,"key":"ColorlessPotion"},{"floor":20,"key":"Strength Potion"},{"floor":21,"key":"FairyPotion"},{"floor":29,"key":"GhostInAJar"}],"is_trial":false,"path_per_floor":["M","?","?","$","T","R","M","M","T","M","M","M","$","M","R","B",null,"M","?","M","?","M","R","?","M","T","$","M","M","AVR","M"],"character_chosen":"THE_SILENT","items_purchased":["Noxious Fumes","Deadly Poison","infinitespire:Beetle Shell","TheAbacus"],"campfire_rested":1,"item_purchase_floors":[4,13,27,27],"current_hp_per_floor":[70,70,70,70,70,70,70,65,65,65,52,52,52,52,52,42,75,71,71,66,48,27,49,49,43,43,43,12,7,7,0,0],"gold":139,"neow_bonus":"DSIX","is_daily":false,"chose_seed":false,"campfire_upgraded":1,"win_rate":0.0,"timestamp":1609674765,"path_taken":["M","?","?","$","?","R","M","M","T","M","M","?","$","M","R","BOSS","M","?","M","?","M","R","?","?","T","$","M","M","AVR","M"],"items_purchased_type":["Card","Card","Relic","Relic"],"build_version":"2020-12-13","purchased_purges":0,"victory":false,"max_hp_per_floor":[70,70,70,70,70,70,70,70,70,70,70,70,70,70,70,70,75,75,75,75,75,75,75,75,75,75,75,75,75,75,75,75],"card_choices":[{"not_picked":["Blade Dance","Hidden Blade"],"picked":"conspire:DoublingDagger","floor":1},{"not_picked":["Backflip","Skewer"],"picked":"Expertise","floor":7},{"not_picked":["conspire:PoisonWeapons","Envenom"],"picked":"Bane","floor":8},{"not_picked":["Draining Mist","Slice"],"picked":"Poison Darts","floor":10},{"not_picked":["Masterful Stab","Caltrops"],"picked":"PiercingWail","floor":11},{"not_picked":["ReplayTheSpireMod:Scrap Shanks","Venomology"],"picked":"Poisoned Stab","floor":12},{"not_picked":["Expertise","Flying Knee"],"picked":"ReplayTheSpireMod:Speed Training","floor":14},{"not_picked":["Tools of the Trade","Night Terror"],"picked":"aspiration:Lunge","floor":16},{"not_picked":["Dodge and Roll","Heel Hook"],"picked":"Well Laid Plans","floor":17},{"not_picked":["Backflip","ReplayTheSpireMod:Exploit Weakness"],"picked":"Poisoned Stab","floor":18},{"not_picked":["Backflip","Dagger Throw"],"picked":"Flying Knee+1","floor":20},{"not_picked":["hubris:Counter","Poisoned Stab","Dodge and Roll"],"picked":"SKIP","floor":22},{"not_picked":["Bullet Time","Bane"],"picked":"Escape Plan","floor":25},{"not_picked":["Fluid Movement","Bane"],"picked":"Footwork+1","floor":28},{"not_picked":["ReplayTheSpireMod:The Works","Tactician"],"picked":"Sucker Punch+1","floor":29}],"player_experience":31886,"relics_obtained":[{"floor":9,"key":"FossilizedHelix"},{"floor":21,"key":"infinitespire:BottledMercury"},{"floor":26,"key":"Dream Catcher"}],"event_choices":[{"damage_healed":0,"gold_gain":0,"cards_transformed":["Strike_G"],"player_choice":"Transformed","damage_taken":0,"max_hp_gain":0,"max_hp_loss":0,"event_name":"Transmorgrifier","floor":24,"gold_loss":0,"cards_obtained":["Malaise"]}],"is_beta":false,"boss_relics":[{"not_picked":["Runesmith:UraniumAnvil","hubris:CrackedHourglass"],"picked":"Tiny House"}],"items_purged_floors":[],"is_endless":false,"potions_floor_spawned":[1,12,14,16,20,29],"killed_by":"Cultist and Chosen","ascension_level":0}}