{"host":"r1w5o5rhvc53l1z6","time":1609677505,"event":{"mods":["BaseMod","Colored Map","DeckTracker","Minty Spire (QoL Compilation)","Permanent Neow","Quick Restart","SuperFastMode","everything is the same but u backflip on backflip"],"gold_per_floor":[118,131,206,206,206,233,233,244,268,25,37,64,82,82,82,180,180,192,210,210,227,44,44,69,0,55,55,72,33,33,6,6,109,109,124,13,0,15,32,32,52,1,26,37,50,60,60,60,60,60],"floor_reached":51,"playtime":2889,"items_purged":["Recycle"],"score":677,"play_id":"4f2162d3-8b63-4ae1-9ccb-6a8afbf1f370","local_time":"20210103213825","is_ascension_mode":false,"campfire_choices":[{"data":"Dualcast","floor":7.0,"key":"SMITH"},{"floor":15.0,"key":"REST"},{"floor":23.0,"key":"REST"},{"data":"Defragment","floor":27.0,"key":"SMITH"},{"floor":30.0,"key":"REST"},{"data":"Defragment","floor":32.0,"key":"SMITH"},{"data":"Buffer","floor":40.0,"key":"SMITH"},{"data":"Electrodynamics","floor":47.0,"key":"SMITH"},{"floor":49.0,"key":"REST"}],"circlet_count":0,"master_deck":["Strike_B","Strike_B","Defend_B","Defend_B","Defend_B","Zap","Dualcast+1","Static Discharge","Aggregate","Buffer+1","Ball Lightning","Seek","Defragment+1","Stack","Loop","Echo Form","Stack+1","Rebound","Recycle","Coolheaded","Defragment+1","Seek","White Noise","Ball Lightning","Electrodynamics+1","Double Energy","Heatsinks","Chill","Parasite","Buffer","Hologram+1","Madness","Madness"],"relics":["FrozenCore","NeowsBlessing","Bag of Marbles","Potion Belt","Mummified Hand","Kunai","SacredBark","DollysMirror","Meat on the Bone","Orichalcum","Red Mask","Juzu Bracelet","Anchor"],"acts_visited":["Exordium","TheCity","TheBeyond"],"potions_floor_usage":[50,50,50,50,50,50,50,50],"damage_taken":[{"damage":0.0,"enemies":"Small Slimes","floor":1.0,"turns":1.0},{"damage":0.0,"enemies":"Jaw Worm","floor":2.0,"turns":1.0},{"damage":0.0,"enemies":"Lagavulin","floor":6.0,"turns":1.0},{"damage":6.0,"enemies":"2 Louse","floor":8.0,"turns":2.0},{"damage":10.0,"enemies":"2 Fungi Beasts","floor":11.0,"turns":3.0},{"damage":28.0,"enemies":"3 Sentries","floor":12.0,"turns":7.0},{"damage":0.0,"enemies":"Looter","floor":13.0,"turns":3.0},{"damage":32.0,"enemies":"Slime Boss","floor":16.0,"turns":10.0},{"damage":35.0,"enemies":"Shell Parasite","floor":18.0,"turns":6.0},{"damage":10.0,"enemies":"Spheric Guardian","floor":19.0,"turns":4.0},{"damage":20.0,"enemies":"Snake Plant","floor":21.0,"turns":4.0},{"damage":21.0,"enemies":"Gremlin Leader","floor":24.0,"turns":6.0},{"damage":10.0,"enemies":"Snecko","floor":28.0,"turns":5.0},{"damage":35.0,"enemies":"Collector","floor":33.0,"turns":8.0},{"damage":17.0,"enemies":"Orb Walker","floor":35.0,"turns":4.0},{"damage":10.0,"enemies":"3 Darklings","floor":38.0,"turns":5.0},{"damage":19.0,"enemies":"Writhing Mass","floor":39.0,"turns":6.0},{"damage":0.0,"enemies":"Maw","floor":41.0,"turns":9.0},{"damage":14.0,"enemies":"Transient","floor":44.0,"turns":5.0},{"damage":2.0,"enemies":"Spire Growth","floor":45.0,"turns":7.0},{"damage":0.0,"enemies":"Sphere and 2 Shapes","floor":46.0,"turns":5.0},{"damage":55,"enemies":"Donu and Deca","floor":50,"turns":11}],"seed_played":"-5341044523031387237","potions_obtained":[{"floor":1.0,"key":"Regen Potion"},{"floor":11.0,"key":"SteroidPotion"},{"floor":12.0,"key":"Weak Potion"},{"floor":13.0,"key":"AttackPotion"},{"floor":16.0,"key":"EntropicBrew"},{"floor":19.0,"key":"EssenceOfSteel"},{"floor":24.0,"key":"DistilledChaos"},{"floor":33.0,"key":"Block Potion"},{"floor":35.0,"key":"SteroidPotion"},{"floor":38.0,"key":"Explosive Potion"},{"floor":45.0,"key":"SkillPotion"}],"is_trial":false,"path_per_floor":["M","M","?","?","?","E","R","M","T","$","M","E","M","T","R","B",null,"M","M","?","M","$","R","E","?","T","R","M","$","R","$","R","B",null,"M","$","?","M","M","R","M","?","T","M","M","M","R","?","R","B",null],"character_chosen":"DEFECT","items_purchased":["Seek","Defragment","Defragment","DollysMirror","White Noise","Ball Lightning","Heatsinks"],"campfire_rested":4,"item_purchase_floors":[10,10,22,22,29,31,36],"current_hp_per_floor":[75,75,64,69,62,62,62,56,56,56,46,30,30,30,54,22,80,45,35,35,15,15,39,18,18,18,18,20,20,44,44,44,21,80,63,63,63,53,46,46,46,46,46,44,42,42,42,32,56,13],"gold":60,"neow_bonus":"THREE_ENEMY_KILL","is_daily":false,"chose_seed":false,"campfire_upgraded":5,"win_rate":0.0,"timestamp":1609677505,"path_taken":["M","M","?","?","?","E","R","M","T","$","M","E","M","?","R","BOSS","M","M","?","M","$","R","E","?","T","R","M","?","R","$","R","BOSS","M","$","?","M","M","R","M","?","T","M","M","M","R","?","R","BOSS"],"items_purchased_type":["Card","Card","Card","Relic","Card","Card","Card"],"build_version":"2020-12-22","purchased_purges":1,"victory":true,"max_hp_per_floor":[75,75,75,80,80,80,80,80,80,80,80,80,80,80,80,80,80,80,80,80,80,80,80,80,80,80,80,80,80,80,80,80,80,80,80,80,80,80,80,80,80,80,80,80,80,80,80,80,80,80],"card_choices":[{"not_picked":["Storm","Stack"],"picked":"Static Discharge","floor":1.0},{"not_picked":["Compile Driver","Turbo"],"picked":"Aggregate","floor":2.0},{"not_picked":["BootSequence","Defragment"],"picked":"Buffer","floor":6.0},{"not_picked":["Force Field","Glacier"],"picked":"Ball Lightning","floor":8.0},{"not_picked":["Conserve Battery","Turbo"],"picked":"Stack","floor":11.0},{"not_picked":["Streamline","Beam Cell","Darkness"],"picked":"SKIP","floor":12.0},{"not_picked":["Steam Power","Static Discharge"],"picked":"Loop","floor":13.0},{"not_picked":["Core Surge","Biased Cognition"],"picked":"Echo Form","floor":16.0},{"not_picked":["Barrage","Capacitor"],"picked":"Recycle","floor":18.0},{"not_picked":["Turbo","Redo"],"picked":"Stack+1","floor":19.0},{"not_picked":["Steam+1","Turbo"],"picked":"Coolheaded","floor":21.0},{"not_picked":["Compile Driver","Echo Form","Go for the Eyes+1"],"picked":"SKIP","floor":24.0},{"not_picked":["Gash+1","Redo","Turbo"],"picked":"SKIP","floor":28.0},{"not_picked":["Hyperbeam","Meteor Strike"],"picked":"Electrodynamics","floor":33.0},{"not_picked":["Rebound+1","White Noise"],"picked":"Double Energy","floor":35.0},{"not_picked":["Steam Power","Conserve Battery+1"],"picked":"Chill","floor":38.0},{"not_picked":["Hologram","Turbo","BootSequence"],"picked":"SKIP","floor":39.0},{"not_picked":["Go for the Eyes","Aggregate+1","Beam Cell+1"],"picked":"SKIP","floor":41.0},{"not_picked":["Rebound","Sweeping Beam","Beam Cell+1"],"picked":"SKIP","floor":44.0},{"not_picked":["Stack","Aggregate+1"],"picked":"Buffer","floor":45.0},{"not_picked":["Gash+1","Compile Driver+1"],"picked":"Hologram+1","floor":46.0}],"player_experience":338395,"relics_obtained":[{"floor":6.0,"key":"Bag of Marbles"},{"floor":9.0,"key":"Potion Belt"},{"floor":12.0,"key":"Mummified Hand"},{"floor":14.0,"key":"Kunai"},{"floor":24.0,"key":"Meat on the Bone"},{"floor":26.0,"key":"Orichalcum"},{"floor":43.0,"key":"Anchor"}],"event_choices":[{"damage_healed":0.0,"max_hp_gain":0.0,"max_hp_loss":0.0,"gold_gain":75.0,"event_name":"World of Goop","player_choice":"Gather Gold","floor":3.0,"gold_loss":0.0,"damage_taken":11.0},{"damage_healed":0.0,"max_hp_gain":5.0,"max_hp_loss":0.0,"gold_gain":0.0,"event_name":"Big Fish","player_choice":"Donut","floor":4.0,"gold_loss":0.0,"damage_taken":0.0},{"cards_removed":["Strike_B"],"damage_healed":0.0,"max_hp_gain":0.0,"max_hp_loss":0.0,"gold_gain":0.0,"event_name":"Golden Wing","player_choice":"Card Removal","floor":5.0,"gold_loss":0.0,"damage_taken":7.0},{"damage_healed":0.0,"max_hp_gain":0.0,"max_hp_loss":0.0,"gold_gain":0.0,"cards_transformed":["Strike_B","Defend_B"],"event_name":"Drug Dealer","player_choice":"Became Test Subject","floor":20.0,"gold_loss":0.0,"damage_taken":0.0,"cards_obtained":["Rebound","Recycle"]},{"damage_healed":0.0,"max_hp_gain":0.0,"max_hp_loss":0.0,"gold_gain":0.0,"event_name":"Masked Bandits","player_choice":"Paid Fearfully","floor":25.0,"gold_loss":69.0,"damage_taken":0.0},{"damage_healed":0.0,"max_hp_gain":0.0,"max_hp_loss":0.0,"gold_gain":0.0,"event_name":"Tomb of Lord Red Mask","player_choice":"Paid","floor":37.0,"gold_loss":13.0,"damage_taken":0.0,"relics_obtained":["Red Mask"]},{"damage_healed":0.0,"max_hp_gain":0.0,"max_hp_loss":0.0,"gold_gain":0.0,"event_name":"WeMeetAgain","player_choice":"Paid Gold","floor":42.0,"gold_loss":51.0,"damage_taken":0.0,"relics_obtained":["Juzu Bracelet"]},{"damage_healed":0.0,"max_hp_gain":0.0,"max_hp_loss":0.0,"gold_gain":0.0,"event_name":"Winding Halls","player_choice":"Embrace Madness","floor":48.0,"gold_loss":0.0,"damage_taken":10.0,"cards_obtained":["Madness","Madness"]}],"is_beta":false,"boss_relics":[{"not_picked":["Busted Crown","Coffee Dripper"],"picked":"SacredBark"},{"not_picked":["Sozu","Tiny House"],"picked":"FrozenCore"}],"items_purged_floors":[36],"is_endless":false,"potions_floor_spawned":[1,11,12,13,16,19,24,33,35,38,45],"ascension_level":0}}