{"host":"mydft8i2zzydgggw","time":1609698792,"event":{"mods":["AchievementEnabler","BaseMod","Colored Map","Colored Powertips","Minty Spire (QoL Compilation)","StSLib","The Poker Player"],"gold_per_floor":[118,118,136,136,67,67,102,102,102,135,145,145,145,163,163,163,163],"floor_reached":16,"playtime":426,"items_purged":[],"score":153,"play_id":"cdd7be2e-6126-47ec-80db-31f0053e2212","local_time":"20210104033312","is_ascension_mode":true,"campfire_choices":[{"data":"Self Repair","floor":6,"key":"SMITH"},{"data":"Self Repair","floor":13,"key":"SMITH"},{"data":"Biased Cognition","floor":15,"key":"SMITH"}],"circlet_count":0,"master_deck":["Strike_B","Strike_B","Strike_B","Defend_B","Defend_B+1","Defend_B","Defend_B","Zap","Dualcast+1","Echo Form+1","Self Repair+1","Cold Snap","Self Repair+1","Coolheaded","Biased Cognition+1"],"relics":["Cracked Core","NeowsBlessing","Blood Vial","War Paint","Boot","Darkstone Periapt"],"acts_visited":["Exordium"],"potions_floor_usage":[16,16],"damage_taken":[{"damage":0,"enemies":"2 Louse","floor":1,"turns":1},{"damage":0,"enemies":"Small Slimes","floor":3,"turns":1},{"damage":0,"enemies":"3 Sentries","floor":7,"turns":2},{"damage":24,"enemies":"Lagavulin","floor":10,"turns":7},{"damage":8,"enemies":"Cultist","floor":11,"turns":4},{"damage":18,"enemies":"Looter","floor":14,"turns":4},{"damage":69,"enemies":"Hexaghost","floor":16,"turns":12}],"seed_played":"-927861890432312165","potions_obtained":[{"floor":3,"key":"SteroidPotion"},{"floor":10,"key":"DuplicationPotion"},{"floor":11,"key":"EssenceOfSteel"}],"is_trial":false,"path_per_floor":["M","?","M","?","$","R","E","?","T","E","M","?","R","M","R","B"],"character_chosen":"DEFECT","items_purchased":["Self Repair"],"campfire_rested":0,"item_purchase_floors":[5],"current_hp_per_floor":[75,75,75,75,75,75,75,68,68,56,67,67,67,71,71,4,4],"gold":163,"neow_bonus":"THREE_ENEMY_KILL","is_daily":false,"chose_seed":false,"campfire_upgraded":3,"win_rate":0.0,"timestamp":1609698792,"path_taken":["M","?","M","?","$","R","E","?","T","E","M","?","R","M","R","BOSS"],"items_purchased_type":["Card"],"build_version":"2020-12-22","purchased_purges":0,"victory":false,"max_hp_per_floor":[75,75,75,75,75,75,75,75,75,75,75,75,75,75,75,75,75],"card_choices":[{"not_picked":["Compile Driver","Steam","Turbo"],"picked":"SKIP","floor":1},{"not_picked":["Stack","Barrage"],"picked":"Echo Form","floor":3},{"not_picked":["Auto Shields","Steam"],"picked":"Cold Snap","floor":7},{"not_picked":["Steam Power","Stack"],"picked":"Self Repair","floor":10},{"not_picked":["Stack","Rebound"],"picked":"Coolheaded","floor":11},{"not_picked":["Sunder","Cold Snap"],"picked":"Biased Cognition","floor":14}],"player_experience":80926,"relics_obtained":[{"floor":7,"key":"Blood Vial"},{"floor":9,"key":"War Paint"},{"floor":10,"key":"Boot"}],"event_choices":[{"damage_healed":0,"gold_gain":0,"player_choice":"Ignored","damage_taken":0,"max_hp_gain":0,"max_hp_loss":0,"event_name":"Liars Game","floor":2,"gold_loss":0},{"damage_healed":0,"gold_gain":0,"player_choice":"Grow","damage_taken":0,"max_hp_gain":0,"max_hp_loss":0,"event_name":"Living Wall","floor":4,"gold_loss":0,"cards_upgraded":["Echo Form"]},{"cards_removed":["Strike_B"],"damage_healed":0,"gold_gain":0,"player_choice":"Card Removal","damage_taken":7,"max_hp_gain":0,"max_hp_loss":0,"event_name":"Golden Wing","floor":8,"gold_loss":0},{"damage_healed":0,"gold_gain":0,"player_choice":"Gave Potion","damage_taken":0,"relics_obtained":["Darkstone Periapt"],"max_hp_gain":0,"max_hp_loss":0,"event_name":"WeMeetAgain","floor":12,"gold_loss":0}],"is_beta":false,"boss_relics":[],"items_purged_floors":[],"is_endless":false,"potions_floor_spawned":[3,10,11],"killed_by":"Hexaghost","ascension_level":3}}