{"host":"aav8addp4mncoxty","time":1609682499,"event":{"mods":["Act Like it!","BaseMod","CapriCore","Hallownest","Hermit","Koishi","Lobotomy","Minty Spire (QoL Compilation)","Prisma Mod","Replay The Spire","StSLib","The Bug Knight","The Cursed","The Hierophant","The Immortal","The Jungle","The Poker Player","The Runesmith","WarShipGirlsR/??á´Ò³R mod"],"gold_per_floor":[116,131,146,146,166,166,201,211,264,264,292,302,350,378,390,507,519,531,531],"floor_reached":18,"playtime":3763,"items_purged":[],"score":164,"play_id":"1789ff01-5fb5-4324-b9d6-7e6b8a71d4f7","local_time":"20210103230139","is_ascension_mode":false,"campfire_choices":[{"data":"Runesmith:Fortify","floor":6,"key":"SMITH"},{"floor":10,"key":"REST"},{"floor":15,"key":"REST"}],"circlet_count":0,"master_deck":["Runesmith:Strike_RS","Runesmith:Strike_RS","Runesmith:Strike_RS","Runesmith:Defend_RS","Runesmith:Defend_RS","Runesmith:Defend_RS","Runesmith:CraftFirestone+1","Runesmith:Fortify+1","Runesmith:ShiftingStrike","OldLady","Runesmith:RuneHurl","WallGazer","Runesmith:Repurpose","ShyLook","Runesmith:RuneHurl","RedShoes","Runesmith:UnlimitedPower","Runesmith:HammerThrow","Runesmith:CraftMagma","Wellcheers","DreamingCurrent","Runesmith:RunicBlueprint","HappyTeddy","Runesmith:Supernova","Freischutz"],"relics":["Runesmith:BrokenRuby","CogitoBucket","Bronze Scales","LuminousBracelet","PreservedInsect","Odd Mushroom","MawBank","Replay:Drink Me"],"acts_visited":["Exordium","Exordium"],"potions_floor_usage":[7,16,16],"damage_taken":[{"damage":6,"enemies":"2 Louse","floor":1,"turns":4},{"damage":0,"enemies":"Cultist","floor":2,"turns":3},{"damage":8,"enemies":"Jaw Worm","floor":3,"turns":3},{"damage":2,"enemies":"3 Louse","floor":5,"turns":3},{"damage":12,"enemies":"Lagavulin","floor":7,"turns":5},{"damage":30,"enemies":"Blue Slaver","floor":8,"turns":9},{"damage":11,"enemies":"The Mushroom Lair","floor":11,"turns":4},{"damage":1,"enemies":"Exordium Wildlife","floor":12,"turns":2},{"damage":17,"enemies":"3 Louse","floor":14,"turns":2},{"damage":76,"enemies":"The Guardian","floor":16,"turns":12},{"damage":138,"enemies":"Shell Parasite","floor":18,"turns":7}],"seed_played":"-7587081157086318348","potions_obtained":[{"floor":1,"key":"Energy Potion"},{"floor":2,"key":"Weak Potion"},{"floor":8,"key":"Elixir"},{"floor":12,"key":"Block Potion"}],"is_trial":false,"path_per_floor":["M","M","M","?","M","R","E","M","T","R","?","M","T","M","R","B",null,"M"],"character_chosen":"RUNESMITH_CLASS","items_purchased":[],"campfire_rested":2,"item_purchase_floors":[],"current_hp_per_floor":[64,64,56,56,54,54,42,27,27,52,43,47,47,37,62,82,64,0,0],"gold":531,"neow_bonus":"","is_daily":false,"chose_seed":false,"campfire_upgraded":1,"win_rate":0.0,"timestamp":1609682499,"path_taken":["M","M","M","?","?","R","E","M","T","R","?","M","?","M","R","BOSS","M"],"items_purchased_type":[],"build_version":"2020-12-22","purchased_purges":0,"victory":false,"max_hp_per_floor":[70,70,70,70,70,70,70,85,85,85,85,85,85,85,85,85,64,64,64],"card_choices":[{"not_picked":["Runesmith:MakeshiftArmor","Runesmith:Attraction"],"picked":"Runesmith:ShiftingStrike","floor":1},{"not_picked":["ShyLook","MeatLantern"],"picked":"OldLady","floor":1},{"not_picked":["Runesmith:CraftSpiculum","Runesmith:StaticCage"],"picked":"Runesmith:RuneHurl","floor":2},{"not_picked":["CrumblingArmor","PunishingBird"],"picked":"WallGazer","floor":2},{"not_picked":["Runesmith:MakeshiftArmor","Runesmith:Firestorm"],"picked":"Runesmith:Repurpose","floor":3},{"not_picked":["VoidDream","CrumblingArmor"],"picked":"ShyLook","floor":3},{"not_picked":["Runesmith:Firewall","Runesmith:Overpower"],"picked":"Runesmith:RuneHurl","floor":5},{"not_picked":["BeautyBeast","MeatLantern"],"picked":"RedShoes","floor":5},{"not_picked":["Runesmith:CraftVitae","Runesmith:BackupBattery"],"picked":"Runesmith:UnlimitedPower","floor":7},{"not_picked":["MHz","Yin"],"picked":"Scarecrow","floor":7},{"not_picked":["Runesmith:RuneHurl","Runesmith:StaticCage"],"picked":"Runesmith:HammerThrow","floor":8},{"not_picked":["BeautyBeast","CrumblingArmor","SpiderBud"],"picked":"Singing Bowl","floor":8},{"not_picked":["Runesmith:DoubleUp","Runesmith:Reinforce"],"picked":"Runesmith:CraftMagma","floor":11},{"not_picked":["BeautyBeast","MeatLantern","Murderer"],"picked":"Singing Bowl","floor":11},{"not_picked":["CrumblingArmor","Yin"],"picked":"Wellcheers","floor":11},{"not_picked":["OSAHOGD","Porccubus"],"picked":"DreamingCurrent","floor":12},{"not_picked":["Runesmith:FrozenChisel","Runesmith:Superposition","Runesmith:Repurpose"],"picked":"SKIP","floor":12},{"not_picked":["Runesmith:FrozenChisel","Runesmith:Superposition","Runesmith:Repurpose"],"picked":"SKIP","floor":12},{"not_picked":["Runesmith:CraftIndustria","Runesmith:Overpower"],"picked":"Runesmith:RunicBlueprint","floor":14},{"not_picked":["BeautyBeast","LittlePrince"],"picked":"HappyTeddy","floor":14},{"not_picked":["Runesmith:LightningRod","Runesmith:LastStand"],"picked":"Runesmith:Supernova","floor":16},{"not_picked":["SpiderBud","MeatLantern","MHz"],"picked":"Singing Bowl","floor":16},{"not_picked":["Variant","VoidDream"],"picked":"Freischutz","floor":16}],"player_experience":204107,"relics_obtained":[{"floor":7,"key":"Bronze Scales"},{"floor":9,"key":"PreservedInsect"},{"floor":11,"key":"Odd Mushroom"},{"floor":13,"key":"MawBank"}],"event_choices":[{"damage_healed":0,"gold_gain":0,"player_choice":"Upgraded","damage_taken":0,"max_hp_gain":0,"max_hp_loss":0,"event_name":"Upgrade Shrine","floor":4,"gold_loss":0,"cards_upgraded":["Runesmith:CraftFirestone"]},{"damage_healed":0,"gold_gain":0,"player_choice":"Fought Mushrooms","damage_taken":0,"max_hp_gain":0,"max_hp_loss":0,"event_name":"Mushrooms","floor":11,"gold_loss":0}],"is_beta":false,"boss_relics":[{"not_picked":["Runesmith:CoreCrystal","Snecko Eye"],"picked":"Replay:Drink Me"}],"items_purged_floors":[],"is_endless":false,"potions_floor_spawned":[1,2,8,12],"killed_by":"Shell Parasite","ascension_level":0}}