{"host":"g1wmg2w41xhsnw8g","time":1609703828,"event":{"mods":["2.2 Compatiblity","Act Like it!","BaseMod","Better Altar","Better Match","Better Note","Better Sensory Stone","Better Skull","Better Third Choice","BetterRewards","Booster Modes","CapriCore","Colored Map","Colored Powertips","Curses Come First","Defuse TimeMaze Blight","Displayed Cursed Tome","Evolution","Friendly Minions","GifTheSpireLib","Googly Eyes","Gremlin Mod","Hermit","Hubris","Infinite Spire","Minty Spire (QoL Compilation)","Red Circlet Mod","Relic Sorter","SCP261 Mod","Shop Mod","Spicy Shops","StSLib","The Sage","Transform Curses","Wandering Minibosses","????"],"gold_per_floor":[111,124,124,134,134,134,134,167,167,185,213,213,52,87,87,182,182,201,201,161,171,21,54,65,78,130,150,185,155,155,186,186,285,285,301,321,374,403,429,469,469,469,469],"floor_reached":42,"playtime":4390,"items_purged":["hermit:Adapt"],"score":686,"play_id":"3ef9404e-0615-459f-8749-af8cb941f849","local_time":"20210103145708","daily_mods":["SealedDeck","Specialized","Heirloom","Elite Swarm"],"is_ascension_mode":true,"campfire_choices":[{"data":"hermit:GoldenBullet","floor":6.0,"key":"SMITH"},{"data":"hermit:EternalForm","floor":12.0,"key":"SMITH"},{"data":"sagemod:Energetic_Brew","floor":15,"key":"SMITH"},{"data":"sagemod:Vigorous_Body","floor":32,"key":"SMITH"},{"data":"sagemod:Alchemy_Expert","floor":41,"key":"SMITH"}],"circlet_count":0,"master_deck":["hermit:Adapt","hermit:Adapt","hermit:Adapt","sagemod:Flight_Feint","sagemod:Armor_Brew","hermit:WideOpen+1","hermit:HighCaliber","hermit:BodyArmor","sagemod:How_To_Befriend_A_Turtle","hermit:Deadeye","hermit:GoldenBullet+1","hermit:FlashPowder","sagemod:How_To_Feed_Apes","sagemod:Energetic_Brew+1","hermit:ShadowCloak","hermit:TrackingShot+1","Burn","hubris:NaturalOne","hermit:Reprieve","hermit:EternalForm+1","hermit:FromBeyond","sagemod:Prey","CurseOfTheBell","hermit:Misfire","infinitespire:UltimateForm","hermit:LoneWolf","hermit:Virtue","sagemod:Extra_Portion","sagemod:Vigorous_Body+1","hermit:Vantage","hermit:Horror","Parasite","sagemod:Alchemy_Expert+1"],"relics":["hermit:Momento","hubris:BundleOfHerbs","hubris:Icosahedron","EVO:Axolotl","Du-Vu Doll","Turnip","Torii","MerchantsRug","Boot","Dead Branch","infinitespire:Bottled Soul","hubris:PeanutButter","Membership Card","Mummified Hand","hubris:SphereOfDissonance","Vajra","Orichalcum","PreservedInsect","SacredBark","CeramicFish","infinitespire:PuzzleCube"],"acts_visited":["Exordium","TheCity","TheBeyond"],"potions_floor_usage":[13,14,16,16,16,16,18,18,18,18,18,18,21,21,24,24,25,27,27,28,28,31,31,31,31,31,33,33,36,38,38,39,39,39,40,40,42],"damage_taken":[{"damage":4.0,"enemies":"Small Slimes","floor":1.0,"turns":6.0},{"damage":0.0,"enemies":"2 Louse","floor":2.0,"turns":3.0},{"damage":20.0,"enemies":"Jaw Worm","floor":4.0,"turns":7.0},{"damage":8.0,"enemies":"3 Sentries","floor":8.0,"turns":11.0},{"damage":5.0,"enemies":"Lots of Slimes","floor":10.0,"turns":6.0},{"damage":1.0,"enemies":"Gremlin Nob","floor":11.0,"turns":5.0},{"damage":19,"enemies":"3 Sentries","floor":14,"turns":10},{"damage":12,"enemies":"Slime Boss","floor":16,"turns":12},{"damage":10,"enemies":"3 Byrds","floor":18,"turns":8},{"damage":22,"enemies":"Spheric Guardian","floor":21,"turns":7},{"damage":0,"enemies":"Nightmare","floor":23,"turns":1},{"damage":0,"enemies":"Snecko","floor":24,"turns":7},{"damage":30,"enemies":"Cultist and Chosen","floor":25,"turns":8},{"damage":1,"enemies":"Snake Plant","floor":27,"turns":3},{"damage":63,"enemies":"Gremlin Leader","floor":28,"turns":7},{"damage":10,"enemies":"Slavers","floor":31,"turns":6},{"damage":0,"enemies":"Collector","floor":33,"turns":5},{"damage":40,"enemies":"3 Shapes","floor":35,"turns":8},{"damage":0,"enemies":"3 Darklings","floor":36,"turns":6},{"damage":42,"enemies":"Jaw Worm Horde","floor":38,"turns":8},{"damage":0,"enemies":"Writhing Mass","floor":39,"turns":10},{"damage":0,"enemies":"Giant Head","floor":40,"turns":9},{"damage":114,"enemies":"Reptomancer","floor":42,"turns":4}],"seed_played":"-2122339488481761546","potions_obtained":[{"floor":1.0,"key":"SneckoOil"},{"floor":10.0,"key":"sagemod:Wine"},{"floor":18,"key":"SCP261:GirlTearsPotion"},{"floor":23,"key":"SCP261:GirlTearsPotion"},{"floor":25,"key":"hermit:Tonic"},{"floor":29,"key":"Explosive Potion"},{"floor":29,"key":"SteroidPotion"},{"floor":33,"key":"DuplicationPotion"},{"floor":36,"key":"SCP261:BlastolaColaPotion"}],"is_trial":true,"path_per_floor":["M","M","?","M","?","R","?","E","T","M","E","R","$","E","R","B",null,"M","AVR","?","M","$","NM","M","M","T","M","E","?","?","E","R","B",null,"M","M","T","M","M","E","R","E"],"character_chosen":"HERMIT","items_purchased":["MerchantsRug","Membership Card","Mummified Hand"],"campfire_rested":0,"item_purchase_floors":[13,22,22],"current_hp_per_floor":[76,76,76,68,68,68,68,65,65,73,72,72,72,71,71,80,90,94,94,94,91,91,91,96,70,70,69,26,26,26,49,49,61,100,60,60,60,28,32,94,94,0,0],"gold":469,"neow_bonus":"","is_daily":false,"chose_seed":false,"campfire_upgraded":5,"win_rate":0.0,"timestamp":1609703828,"path_taken":["M","M","?","M","?","R","?","E","T","M","E","R","?","E","R","BOSS","M","AVR","?","M","$","NM","M","?","T","M","E","?","?","E","R","BOSS","M","M","?","?","M","E","R","E"],"items_purchased_type":["Relic","Relic","Relic"],"build_version":"2020-12-22","purchased_purges":1,"victory":false,"max_hp_per_floor":[80,80,80,80,80,80,80,85,85,90,90,90,90,90,90,90,90,95,95,95,95,95,95,100,100,100,100,100,100,100,100,100,100,100,100,100,100,100,100,110,110,110,110],"card_choices":[{"not_picked":["hermit:Quickdraw","hermit:Dive"],"picked":"sagemod:Energetic_Brew","floor":1.0},{"not_picked":["sagemod:How_To_Warm_Elephants","sagemod:Bouncing_Strike"],"picked":"hermit:ShadowCloak","floor":2.0},{"not_picked":["sagemod:How_To_Murder_Ants","sagemod:Shining_Powder"],"picked":"hermit:TrackingShot","floor":4.0},{"not_picked":["sagemod:Shatter","hermit:HeroicBravado"],"picked":"hermit:Reprieve","floor":8.0},{"not_picked":["hermit:Snipe","hermit:FullyLoaded","sagemod:Armor_Brew"],"picked":"SKIP","floor":10.0},{"not_picked":["hermit:FromBeyond","hermit:OverwhelmingPower"],"picked":"hermit:EternalForm","floor":11.0},{"not_picked":["sagemod:How_To_Feed_Apes","hermit:FinalCanter"],"picked":"hermit:FromBeyond","floor":14},{"not_picked":["hermit:DeadOrAlive","sagemod:Lecture"],"picked":"sagemod:Prey","floor":16},{"not_picked":["sagemod:Turn_Around+1","hermit:Manifest"],"picked":"hermit:Misfire","floor":18},{"not_picked":["sagemod:Grounded_Strike","sagemod:About_Clark+1"],"picked":"hermit:LoneWolf","floor":21},{"not_picked":["hermit:Magnum","sagemod:Escape","hermit:Purgatory"],"picked":"SKIP","floor":23},{"not_picked":["hermit:BigShot","hermit:Maintenance","hermit:Ricochet"],"picked":"SKIP","floor":24},{"not_picked":["sagemod:Fire_Brew","hermit:ItchyTrigger+1","sagemod:Poem"],"picked":"SKIP","floor":25},{"not_picked":["hermit:FullyLoaded","sagemod:Energetic_Brew"],"picked":"hermit:Virtue","floor":27},{"not_picked":["hermit:HighNoon","hermit:Magnum"],"picked":"sagemod:Extra_Portion","floor":28},{"not_picked":["sagemod:Anti_Ancient_Attack","sagemod:Meditation"],"picked":"sagemod:Vigorous_Body","floor":31},{"not_picked":["hermit:BodyArmor+1","hermit:Feint"],"picked":"hermit:Vantage","floor":35},{"not_picked":["hermit:BodyArmor+1","sagemod:How_To_Warm_Elephants","sagemod:How_To_Greet_Byrds"],"picked":"SKIP","floor":36},{"not_picked":["sagemod:Cane_Strike+1","sagemod:Catch_Me_If_You_Can"],"picked":"hermit:Horror","floor":38},{"not_picked":["hermit:Snipe","hermit:Feint+1","hermit:CursedWeapon"],"picked":"SKIP","floor":39},{"not_picked":["sagemod:Riches","sagemod:Escape"],"picked":"sagemod:Alchemy_Expert","floor":40}],"player_experience":1271058,"relics_obtained":[{"floor":5.0,"key":"Du-Vu Doll"},{"floor":8.0,"key":"Turnip"},{"floor":9.0,"key":"Torii"},{"floor":11.0,"key":"Potion Belt"},{"floor":14,"key":"hubris:Teleporter"},{"floor":17,"key":"Boot"},{"floor":17,"key":"Dead Branch"},{"floor":17,"key":"infinitespire:Bottled Soul"},{"floor":23,"key":"hubris:SphereOfDissonance"},{"floor":26,"key":"Vajra"},{"floor":28,"key":"Orichalcum"},{"floor":31,"key":"PreservedInsect"},{"floor":37,"key":"CeramicFish"},{"floor":40,"key":"infinitespire:PuzzleCube"}],"event_choices":[{"damage_healed":68.0,"max_hp_gain":0.0,"max_hp_loss":80.0,"gold_gain":0.0,"event_name":"betterThird:BetterShining","player_choice":"Embrace Burn","floor":7.0,"gold_loss":0.0,"damage_taken":0.0},{"damage_healed":0,"gold_gain":0,"player_choice":"Upgraded Two","damage_taken":0,"max_hp_gain":0,"max_hp_loss":0,"event_name":"Designer","floor":20,"gold_loss":40,"cards_upgraded":["hermit:WideOpen","hermit:TrackingShot"]},{"damage_healed":0,"gold_gain":0,"player_choice":"Bought 2 Potions","damage_taken":0,"max_hp_gain":0,"max_hp_loss":0,"event_name":"The Woman in Blue","floor":29,"gold_loss":0},{"cards_removed":["hermit:Adapt"],"damage_healed":0,"gold_gain":0,"player_choice":"Purged","damage_taken":0,"max_hp_gain":0,"max_hp_loss":0,"event_name":"Purifier","floor":30,"gold_loss":0}],"is_beta":false,"boss_relics":[{"not_picked":["hermit:BartenderGlass","hermit:ClaspedLocket"],"picked":"Calling Bell"},{"not_picked":["Coffee Dripper","hubris:HollowSoul"],"picked":"SacredBark"}],"items_purged_floors":[13],"is_endless":true,"potions_floor_spawned":[1,10,16,18,23,25,33,36],"killed_by":"Reptomancer","ascension_level":1}}