{"host":"k85tjwrh7mjrrc9a","time":1609698794,"event":{"mods":["AchievementEnabler","BaseMod","Colored Powertips","Highlight Path","Minty Spire (QoL Compilation)","Rare Cards Sparkle","StSLib"],"gold_per_floor":[116,131,143,155,155,155,180,180,180,206,206,266,266,266,266,366,366,377,356,107,191,241,269,281,281,281,281,308,324,343,198,198,293,293,310,410,460,525,295,295,306,339,393,148,178,194,244,294,294,294],"floor_reached":51,"playtime":3078,"items_purged":["Clumsy","Strike_R+1"],"score":971,"play_id":"c461a85f-5736-46e3-b85f-93ab5292e7da","local_time":"20210103133314","is_ascension_mode":true,"campfire_choices":[{"data":"Armaments","floor":6,"key":"SMITH"},{"data":"Bash","floor":8,"key":"SMITH"},{"data":"True Grit","floor":13,"key":"SMITH"},{"floor":15,"key":"REST"},{"data":"Limit Break","floor":25,"key":"SMITH"},{"floor":27,"key":"REST"},{"floor":32,"key":"REST"},{"data":"Battle Trance","floor":40,"key":"SMITH"},{"data":"Heavy Blade","floor":49,"key":"SMITH"}],"circlet_count":0,"master_deck":["Strike_R+1","Strike_R+1","Defend_R+1","Defend_R+1","Defend_R+1","Defend_R+1","Bash+1","Whirlwind","Armaments+1","Twin Strike","Pummel","Demon Form","True Grit+1","Limit Break+1","Shrug It Off","Shrug It Off+1","Heavy Blade+1","Battle Trance+1","Parasite","Heavy Blade+1","Parasite"],"relics":["Burning Blood","SsserpentHead","Singing Bowl","HornCleat","Red Skull","Cursed Key","Smiling Mask","Mango","Red Mask","Ornamental Fan","Shuriken","Mercury Hourglass","Toy Ornithopter","Busted Crown","Pocketwatch","Bag of Marbles","Bird Faced Urn","Art of War","Bottled Tornado","Pantograph"],"acts_visited":["Exordium","TheCity","TheBeyond"],"potions_floor_usage":[7,21,23,28,33,50,50],"damage_taken":[{"damage":13,"enemies":"2 Louse","floor":1,"turns":4},{"damage":6,"enemies":"Cultist","floor":2,"turns":3},{"damage":8,"enemies":"Jaw Worm","floor":3,"turns":4},{"damage":12,"enemies":"Large Slime","floor":4,"turns":7},{"damage":13,"enemies":"Gremlin Nob","floor":7,"turns":3},{"damage":21,"enemies":"3 Sentries","floor":10,"turns":8},{"damage":11,"enemies":"Looter","floor":12,"turns":2},{"damage":23,"enemies":"Slime Boss","floor":16,"turns":7},{"damage":33,"enemies":"2 Thieves","floor":18,"turns":5},{"damage":16,"enemies":"Masked Bandits","floor":21,"turns":4},{"damage":28,"enemies":"Slavers","floor":23,"turns":4},{"damage":0,"enemies":"Chosen","floor":24,"turns":3},{"damage":61,"enemies":"Book of Stabbing","floor":28,"turns":7},{"damage":2,"enemies":"Snake Plant","floor":29,"turns":3},{"damage":27,"enemies":"Cultist and Chosen","floor":30,"turns":5},{"damage":56,"enemies":"Automaton","floor":33,"turns":7},{"damage":17,"enemies":"3 Darklings","floor":35,"turns":5},{"damage":2,"enemies":"Mind Bloom Boss Battle","floor":36,"turns":6},{"damage":0,"enemies":"Orb Walker","floor":38,"turns":3},{"damage":0,"enemies":"Writhing Mass","floor":41,"turns":5},{"damage":18,"enemies":"Reptomancer","floor":42,"turns":5},{"damage":26,"enemies":"Giant Head","floor":45,"turns":6},{"damage":10,"enemies":"4 Shapes","floor":46,"turns":4},{"damage":19,"enemies":"Donu and Deca","floor":50,"turns":5}],"seed_played":"1094174179276223669","potions_obtained":[{"floor":3,"key":"FearPotion"},{"floor":7,"key":"BloodPotion"},{"floor":12,"key":"SteroidPotion"},{"floor":16,"key":"Weak Potion"},{"floor":21,"key":"Swift Potion"},{"floor":29,"key":"BlessingOfTheForge"},{"floor":30,"key":"BlessingOfTheForge"},{"floor":36,"key":"SkillPotion"},{"floor":38,"key":"HeartOfIron"},{"floor":41,"key":"LiquidBronze"}],"is_trial":false,"path_per_floor":["M","M","M","M","?","R","E","R","T","E","$","M","R","$","R","B",null,"M","?","$","?","?","E","M","R","T","R","E","M","M","$","R","B",null,"M","?","?","M","$","R","M","E","T","$","E","M","?","?","R","B",null],"character_chosen":"IRONCLAD","items_purchased":["Mango","Toy Ornithopter","Bag of Marbles","Battle Trance","Bottled Tornado"],"campfire_rested":3,"item_purchase_floors":[20,31,39,39,44],"current_hp_per_floor":[73,73,71,65,65,65,60,60,60,45,45,40,40,40,64,47,82,55,55,69,61,61,41,47,47,47,77,44,50,29,29,60,17,106,97,103,103,111,111,111,112,102,102,102,86,86,86,86,86,99],"gold":294,"neow_bonus":"REMOVE_CARD","is_daily":false,"chose_seed":false,"campfire_upgraded":6,"win_rate":0.0,"timestamp":1609698794,"path_taken":["M","M","M","M","?","R","E","R","T","E","$","?","R","$","R","BOSS","M","?","?","?","?","E","M","R","T","R","E","M","M","?","R","BOSS","M","?","?","?","$","R","M","E","T","$","E","M","?","?","R","BOSS"],"items_purchased_type":["Relic","Relic","Relic","Card","Relic"],"build_version":"2020-12-22","purchased_purges":2,"victory":true,"max_hp_per_floor":[80,80,80,80,80,80,82,82,82,82,82,82,82,82,82,82,82,82,82,96,98,98,100,100,100,100,100,102,104,104,104,104,106,106,108,110,110,112,112,112,112,114,114,114,116,118,112,112,112,112],"card_choices":[{"not_picked":["Warcry","True Grit"],"picked":"Whirlwind","floor":1},{"not_picked":["Flex","Havoc"],"picked":"Armaments","floor":2},{"not_picked":["Pummel","Infernal Blade"],"picked":"Twin Strike","floor":3},{"not_picked":["Dark Embrace","Havoc"],"picked":"Pummel","floor":4},{"not_picked":["Entrench","Wild Strike","Spot Weakness"],"picked":"Singing Bowl","floor":7},{"not_picked":["Flex","Headbutt"],"picked":"Demon Form","floor":10},{"not_picked":["Flex","Clothesline"],"picked":"True Grit","floor":12},{"not_picked":["Feed","Fiend Fire"],"picked":"Limit Break","floor":16},{"not_picked":["Armaments","Clothesline+1"],"picked":"Shrug It Off","floor":18},{"not_picked":["Clash","Sword Boomerang","Pummel"],"picked":"Singing Bowl","floor":21},{"not_picked":["Perfected Strike","Metallicize+1","Fire Breathing"],"picked":"Singing Bowl","floor":23},{"not_picked":["Sword Boomerang","Clothesline+1"],"picked":"Shrug It Off+1","floor":24},{"not_picked":["Havoc","Clothesline","Evolve"],"picked":"Singing Bowl","floor":28},{"not_picked":["Sentinel","Armaments","Clothesline"],"picked":"Singing Bowl","floor":29},{"not_picked":["Reaper","Searing Blow"],"picked":"Heavy Blade","floor":30},{"not_picked":["Immolate","Bludgeon","Offering"],"picked":"Singing Bowl","floor":33},{"not_picked":["Metallicize+1"],"picked":"Singing Bowl","floor":35},{"not_picked":["Second Wind"],"picked":"Singing Bowl","floor":36},{"not_picked":["Combust"],"picked":"Singing Bowl","floor":38},{"not_picked":[],"picked":"Heavy Blade+1","floor":41},{"not_picked":["Disarm"],"picked":"Singing Bowl","floor":42},{"not_picked":["Twin Strike"],"picked":"Singing Bowl","floor":45},{"not_picked":["Iron Wave+1"],"picked":"Singing Bowl","floor":46}],"player_experience":126757,"relics_obtained":[{"floor":7,"key":"Singing Bowl"},{"floor":9,"key":"HornCleat"},{"floor":10,"key":"Red Skull"},{"floor":21,"key":"Red Mask"},{"floor":23,"key":"Ornamental Fan"},{"floor":26,"key":"Shuriken"},{"floor":28,"key":"Mercury Hourglass"},{"floor":36,"key":"Pocketwatch"},{"floor":42,"key":"Bird Faced Urn"},{"floor":43,"key":"Art of War"},{"floor":45,"key":"Pantograph"}],"event_choices":[{"damage_healed":0,"gold_gain":0,"player_choice":"Trade","damage_taken":0,"relics_obtained":["SsserpentHead"],"max_hp_gain":0,"max_hp_loss":0,"event_name":"FaceTrader","floor":5,"gold_loss":0},{"damage_healed":0,"gold_gain":0,"player_choice":"Paid Gold","damage_taken":0,"relics_obtained":["Smiling Mask"],"max_hp_gain":0,"max_hp_loss":0,"event_name":"WeMeetAgain","floor":19,"gold_loss":71},{"damage_healed":0,"gold_gain":0,"player_choice":"Fought Bandits","damage_taken":0,"max_hp_gain":0,"max_hp_loss":0,"event_name":"Masked Bandits","floor":21,"gold_loss":0},{"damage_healed":0,"gold_gain":0,"player_choice":"Simplicity","damage_taken":0,"max_hp_gain":0,"max_hp_loss":0,"event_name":"Back to Basics","floor":22,"gold_loss":0,"cards_upgraded":["Strike_R","Strike_R","Strike_R","Strike_R","Defend_R","Defend_R","Defend_R","Defend_R"]},{"damage_healed":0,"gold_gain":0,"player_choice":"Fight","damage_taken":0,"max_hp_gain":0,"max_hp_loss":0,"event_name":"MindBloom","floor":36,"gold_loss":0},{"damage_healed":0,"gold_gain":0,"player_choice":"Ignored","damage_taken":0,"max_hp_gain":0,"max_hp_loss":0,"event_name":"SecretPortal","floor":37,"gold_loss":0},{"damage_healed":0,"gold_gain":0,"player_choice":"Max HP","damage_taken":0,"max_hp_gain":0,"max_hp_loss":6,"event_name":"Winding Halls","floor":47,"gold_loss":0},{"cards_removed":["Strike_R"],"damage_healed":0,"gold_gain":0,"player_choice":"Removed Attack","damage_taken":0,"max_hp_gain":0,"max_hp_loss":0,"event_name":"Falling","floor":48,"gold_loss":0}],"is_beta":false,"boss_relics":[{"not_picked":["Astrolabe","Black Blood"],"picked":"Cursed Key"},{"not_picked":["Mark of Pain","Fusion Hammer"],"picked":"Busted Crown"}],"items_purged_floors":[31,39],"is_endless":false,"potions_floor_spawned":[3,7,12,16,21,29,30,36,38,41,42,45],"ascension_level":4}}