{"host":"f3hht8mkjlux7n9k","time":1609710059,"event":{"mods":["Aspiration","BaseMod","Colored Map","Colored Powertips","Custom Start","DeckTracker","Highlight Path","Hubris","Infinite Spire","Minty Spire (QoL Compilation)","Quick Restart","Random Character Button","Relic Sorter","Replay The Spire","StSLib","Synergy Search","The Jungle"],"gold_per_floor":[210,210,210,240,259,259,279,279,306,341,376,412,412,445,445,545,595,613,629,629,668,670,670,735,735,759,817,835,853,892,892,892,989,989,1005,1015,1015,1015,1033,1035,1035,1064,1064,1064,1077,1077,1091,1116,1116,1141],"floor_reached":51,"playtime":6987,"items_purged":[],"score":1511,"play_id":"c7e684f1-d67a-43fc-a301-7c453e02f62b","local_time":"20210103164059","daily_mods":["Uncertain Future"],"is_ascension_mode":true,"campfire_choices":[{"data":"1","floor":6,"key":"LIFT"},{"data":"2","floor":8,"key":"LIFT"},{"data":"3","floor":15,"key":"LIFT"},{"data":"HandOfGreed","floor":23,"key":"SMITH"},{"data":"Caltrops","floor":25,"key":"SMITH"},{"data":"Atom Bomb","floor":32,"key":"SMITH"},{"data":"Blur","floor":41,"key":"SMITH"},{"data":"Bane","floor":44,"key":"SMITH"},{"data":"infinitespire:UltimateForm","floor":49,"key":"SMITH"}],"circlet_count":0,"master_deck":["ReplayTheSpireMod:Chaos Vortex","Finesse","HandOfGreed+1","Finesse","ReplayTheSpireMod:Brewmster","ReplayTheSpireMod:Brewmster","ReplayTheSpireMod:Brewmster","Caltrops+1","Noxious Fumes","Noxious Fumes","Noxious Fumes","Venomology","Adrenaline+1","Venomology","Escape Plan","Deflect","Blur+1","Deflect","Deflect","Atom Bomb+1","Deadly Poison","Deadly Poison","Poisoned Stab","Bane+1","Poisoned Stab","Poisoned Stab","Machine Learning+1","Rainbow+1","Rainbow+1","infinitespire:UltimateForm+1"],"relics":["Ring of the Snake","Replay:Rubber Ducky","aspiration:DefectSkillbook","Bronze Scales","aspiration:MysteriousAuxiliaryCore","InkBottle","Happy Flower","Runic Capacitor","Snake Skull","The Specimen","TwistedFunnel","aspiration:VileToxins","Potion Belt","SacredBark","hubris:EmptyBottle","infinitespire:Bottled Soul","Sizzling Blood","Blood Vial","Bottled Tornado","aspiration:FrozenJewel","CloakClasp","The Courier","Vajra","Oddly Smooth Stone","Girya","Replay:Wanted Poster","Ancient Tea Set","Coffee Dripper","Garlic","infinitespire:Lychee Nut","Strawberry","Pear","hubris:PeanutButter","Onion Ring","Meat on the Bone","Mango","Lee\u0027s Waffle","Ginger","Turnip","Durian","aspiration:ChemicalBlood","infinitespire:Cupcake","infinitespire:PuzzleCube","Replay:WaspNest","SlaversCollar","Burning Blood","infinitespire:Midas Blood","Lantern","infinitespire:Broken Mirror","TungstenRod","Tiny House","PrismaticShard","Ice Cream","Bag of Marbles","Byrd Skull","MutagenicStrength","hubris:Towel","Replay:Kaleidoscope","hubris:BottledRain"],"acts_visited":["Exordium","TheCity","TheBeyond"],"potions_floor_usage":[7,11,11,11,11,11,14,16,16,16,16,16,18,19,19,24,27,27,27,27,27,33,33,33,33,33,33,33,33,33,33,42,42,42,42,42,42,42,45,45,45,45,45,45,45,45,45,45,45,45,45,45,45,45,45,45,45,45,45,45,45,45,45,45,45,45,47,47,47,47,48,50,50,50,50,50,50,50,50,50,50],"damage_taken":[{"damage":0,"enemies":"2 Louse","floor":1,"turns":2},{"damage":0,"enemies":"Cultist","floor":4,"turns":1},{"damage":0,"enemies":"Jaw Worm","floor":5,"turns":2},{"damage":0,"enemies":"Blue Slaver","floor":7,"turns":1},{"damage":0,"enemies":"3 Louse","floor":10,"turns":1},{"damage":0,"enemies":"Gremlin Nob","floor":11,"turns":1},{"damage":0,"enemies":"Exordium Wildlife","floor":12,"turns":1},{"damage":0,"enemies":"Lagavulin","floor":14,"turns":2},{"damage":0,"enemies":"The Guardian","floor":16,"turns":2},{"damage":0,"enemies":"Shell Parasite","floor":18,"turns":1},{"damage":0,"enemies":"Spheric Guardian","floor":19,"turns":2},{"damage":0,"enemies":"Snake Plant","floor":21,"turns":2},{"damage":0,"enemies":"Nightmare","floor":24,"turns":1},{"damage":0,"enemies":"Slavers","floor":27,"turns":2},{"damage":0,"enemies":"Chosen and Byrds","floor":28,"turns":2},{"damage":0,"enemies":"Cultist and Chosen","floor":29,"turns":3},{"damage":0,"enemies":"Snake Plant","floor":30,"turns":1},{"damage":0,"enemies":"Pondfish","floor":33,"turns":4},{"damage":0,"enemies":"3 Darklings","floor":35,"turns":3},{"damage":0,"enemies":"Orb Walker","floor":36,"turns":2},{"damage":0,"enemies":"4 Shapes","floor":39,"turns":2},{"damage":0,"enemies":"Nightmare","floor":42,"turns":1},{"damage":0,"enemies":"Transient","floor":45,"turns":4},{"damage":0,"enemies":"Writhing Mass","floor":47,"turns":2},{"damage":0,"enemies":"R_Hoarder","floor":48,"turns":4},{"damage":0,"enemies":"Awakened One","floor":50,"turns":4}],"seed_played":"1892147515999566519","potions_obtained":[{"floor":7,"key":"Explosive Potion"},{"floor":11,"key":"Doom Potion"},{"floor":12,"key":"Fire Potion"},{"floor":17,"key":"Swift Potion"},{"floor":24,"key":"PowerPotion"},{"floor":27,"key":"Swift Potion"},{"floor":29,"key":"Reflective Coating"},{"floor":39,"key":"EntropicBrew"},{"floor":45,"key":"Poison Potion"}],"is_trial":true,"path_per_floor":["M","?","$","M","M","R","M","R","T","M","E","M","T","E","R","B",null,"M","M","AVR","M","?","R","NM","R","T","E","M","M","M","?","R","B",null,"M","M","?","?","M","?","R","NM","T","R","M","AVR","M","E","R","B",null],"character_chosen":"THE_SILENT","items_purchased":[],"campfire_rested":0,"item_purchase_floors":[],"current_hp_per_floor":[98,98,98,98,98,98,98,98,98,98,98,98,98,98,98,98,103,103,103,103,103,96,96,103,103,103,103,103,103,103,103,103,103,103,103,103,103,103,103,94,94,103,103,103,103,103,103,103,103,103],"gold":1141,"neow_bonus":"","is_daily":false,"chose_seed":false,"campfire_upgraded":6,"win_rate":0.0,"timestamp":1609710059,"path_taken":["M","?","$","M","M","R","?","R","T","M","E","M","?","E","R","BOSS","M","?","AVR","M","?","R","NM","R","T","E","M","M","M","?","R","BOSS","M","M","?","?","M","?","R","NM","T","R","M","AVR","M","E","R","BOSS"],"items_purchased_type":[],"build_version":"2020-12-22","purchased_purges":0,"victory":true,"max_hp_per_floor":[98,98,98,98,98,98,98,98,98,98,98,98,98,98,98,98,103,103,103,103,103,103,103,103,103,103,103,103,103,103,103,103,103,103,103,103,103,103,103,103,103,103,103,103,103,103,103,103,103,103],"card_choices":[{"not_picked":["Blade Dance","Prepared","Cloak And Dagger","Barrage"],"picked":"SKIP","floor":1},{"not_picked":["Streamline","FTL","ReplayTheSpireMod:Repulse","Go for the Eyes"],"picked":"SKIP","floor":4},{"not_picked":["Stack","Replay:Poison Smokescreen","Conserve Battery","Crystallizer"],"picked":"SKIP","floor":5},{"not_picked":["Acrobatics","ReplayTheSpireMod:Speed Training","Dagger Throw","Grand Finale"],"picked":"SKIP","floor":7},{"not_picked":["Deadly Poison","Sucker Punch","BasicCrystalCard","Cold Snap"],"picked":"SKIP","floor":10},{"not_picked":["Steam","ReplayTheSpireMod:Calculation Training","Prepared","Toxin Wave"],"picked":"SKIP","floor":11},{"not_picked":["Deadly Poison","BasicCrystalCard","Malaise","Cold Snap"],"picked":"SKIP","floor":12},{"not_picked":["Cold Snap","ReplayTheSpireMod:Repulse","Phantasmal Killer","Turbo"],"picked":"SKIP","floor":14},{"not_picked":["Accuracy","BasicCrystalCard","Leap","FIFO Queue+1"],"picked":"SKIP","floor":18},{"not_picked":["ReplayTheSpireMod:Repulse+1","Poisoned Stab","Conserve Battery+1","Ball Lightning+1"],"picked":"SKIP","floor":19},{"not_picked":["Ball Lightning","Static Discharge","Cold Snap","Quick Slash+1"],"picked":"SKIP","floor":21},{"not_picked":["Crystallizer","Body Slam","Redo","Ragnarok"],"picked":"SKIP","floor":24},{"not_picked":["Intimidate","Iron Wave","Worship","FlurryOfBlows+1"],"picked":"SKIP","floor":27},{"not_picked":["Replay:DivineShield","DeceiveReality","Body Slam","Slice"],"picked":"SKIP","floor":28},{"not_picked":["Replay:Poison Smokescreen","Reprogram","Auto Shields","Wallop"],"picked":"SKIP","floor":29},{"not_picked":["Cloak And Dagger","Glacier","Evaluate","Prostrate"],"picked":"SKIP","floor":30},{"not_picked":["Outmaneuver+1","Replay:Sssssssssshield","Consecrate","Protect+1"],"picked":"SKIP","floor":35},{"not_picked":["Jack Of All Trades+1","ReplayTheSpireMod:Tripwire","Tempest+1","Dagger Spray+1"],"picked":"SKIP","floor":36},{"not_picked":["PiercingWail","Replay:ManipulateFuture+1","Prepared+1","Backflip+1"],"picked":"SKIP","floor":39},{"not_picked":["Turbo","Well Laid Plans+1","Headbutt","Cleave+1"],"picked":"SKIP","floor":42},{"not_picked":["Panic Button+1","Replay:Undeath\u0027s Touch","Cloak And Dagger+1","Run Through+1"],"picked":"SKIP","floor":45},{"not_picked":["FlyingSleeves+1","JustLucky","Heavy Blade","Prostrate+1"],"picked":"SKIP","floor":47},{"not_picked":["ReplayTheSpireMod:The Works+1","Twin Strike","Panic Button","Thunderclap+1"],"picked":"SKIP","floor":48}],"player_experience":465081,"relics_obtained":[{"floor":9,"key":"Lantern"},{"floor":13,"key":"infinitespire:Broken Mirror"},{"floor":14,"key":"TungstenRod"},{"floor":22,"key":"PrismaticShard"},{"floor":24,"key":"Ice Cream"},{"floor":26,"key":"Bag of Marbles"},{"floor":27,"key":"Byrd Skull"},{"floor":43,"key":"Replay:Kaleidoscope"},{"floor":48,"key":"hubris:BottledRain"}],"event_choices":[{"damage_healed":0,"gold_gain":0,"player_choice":"Forge","damage_taken":0,"max_hp_gain":0,"max_hp_loss":0,"event_name":"Accursed Blacksmith","floor":2,"gold_loss":0,"cards_upgraded":["Adrenaline"]},{"damage_healed":0,"gold_gain":0,"player_choice":"Inject Mutagens","damage_taken":0,"relics_obtained":["MutagenicStrength"],"max_hp_gain":0,"max_hp_loss":0,"event_name":"Drug Dealer","floor":31,"gold_loss":0},{"cards_removed":["ReplayTheSpireMod:Chaos Vortex"],"damage_healed":0,"gold_gain":0,"player_choice":"Removed Power","damage_taken":0,"max_hp_gain":0,"max_hp_loss":0,"event_name":"Falling","floor":37,"gold_loss":0},{"damage_healed":0,"gold_gain":0,"player_choice":"Memory 3","damage_taken":10,"max_hp_gain":0,"max_hp_loss":0,"event_name":"SensoryStone","floor":40,"gold_loss":0}],"is_beta":false,"boss_relics":[{"not_picked":["Cursed Key","ChewingGum"],"picked":"Tiny House"},{"not_picked":["Honey Jar","Pandora\u0027s Box","Replay:Grab Bag"]}],"items_purged_floors":[],"is_endless":false,"potions_floor_spawned":[7,11,12,24,27,29,33,39,42,45],"ascension_level":5}}