{"host":"96bpdudduaq3ttpf","time":1609658174,"event":{"mods":["2.2 Compatiblity","Act Like it!","Astrologer","Bard","Bartender","BaseMod","CapriCore","Challenge The Spire","Chen","Downfall","Elementarium","Energized Spire","Friendly Minions","Gensokyo","GifTheSpireLib","Hallownest","Hermit","Jorbs\u0027s Wanderer Trilogy","KinomotoSakuraMod(????)","Koishi","KomeijiMod","Mari Mod (Legacy)","Mari\u0027s V1 Patch","Marisa????????","Mimic Mod","Minty Spire (QoL Compilation)","Prisma Mod","Quick Restart","Remilia??????","Replay The Spire","Robot Space Explorer","Shade Mod","StSLib","Td1madao Mod","The Administrix","The Bladedancer","The Bug Knight","The Construct","The Cursed","The Factory","The Forsaken","The Gatherer","The Hierophant","The Immortal","The IronCluck","The Jungle","The Marked","The Mystic","The Necromancer","The Runesmith","The Senshi","The Servant 0.9.4","Wandering Minibosses","WarShipGirlsR/????R mod","Yohane!","Yuyuko"],"gold_per_floor":[114,130,130,130,130,130,163,163,196,210,225,6,22,40,40,140,140,158,175,37,50,50,50,50,66,90,133,145,257,289,312,324,437,449,471,308,161,0,0,0,17,50,82,100,100,115,115,126,126,126],"floor_reached":51,"playtime":6656,"items_purged":["blademaster:Bloodbath","blademaster:EyeOfTheTornado","blademaster:Strike"],"score":649,"play_id":"972d82d2-1326-4e52-a111-090d951a660b","local_time":"20210103001614","is_ascension_mode":false,"campfire_choices":[{"data":"blademaster:RagingBlow","floor":6,"key":"SMITH"},{"data":"blademaster:Havoc","floor":8,"key":"SMITH"},{"floor":15,"key":"REST"},{"floor":23,"key":"REST"},{"data":"blademaster:Strike","floor":32,"key":"PURGE"},{"data":"blademaster:EyeOfTheTornado","floor":40,"key":"SMITH"},{"floor":45,"key":"REST"},{"data":"blademaster:AncestralHealing","floor":47,"key":"SMITH"},{"floor":49,"key":"REST"}],"circlet_count":0,"master_deck":["blademaster:Strike","blademaster:RagingBlow+1","blademaster:HighVoltage","blademaster:Reversal+1","blademaster:Havoc+1","blademaster:Gust","Hallownest:skillLeafShield","Hallownest:skillLeafShield","Hallownest:skillLeafShield+1","Hallownest:skillLeafShield","Hallownest:skillLeafShield","blademaster:Flash","blademaster:EyeOfTheTornado+1","blademaster:Cut","blademaster:Blindside+1","blademaster:Flurry","blademaster:SharpBlades","blademaster:Meditate+1","blademaster:Cut+1","blademaster:CullingStrike","blademaster:Cut+1","blademaster:BrainBloom","blademaster:Hailwind","blademaster:FuriousStrike","blademaster:UnrelentingWind","blademaster:Stormstrike+1","blademaster:AncestralHealing+1","blademaster:ChargingUp","blademaster:Empower","blademaster:CombatPrep","blademaster:Cut+1"],"relics":["blademaster:DancersAmulet","Blood Vial","Nunchaku","PreservedInsect","Gremlin Food","Philosopher\u0027s Stone","MawBank","Cleaning_Rag","TungstenRod","wanderingMiniBosses:OtherGremlinHorn","energizedSpire:SpiderWeb","Whetstone","Red Mask","ReplayTheSpireMod:TigerMarble","Turnip"],"acts_visited":["Hallownest:Greenpath","TheCity","TheBeyond"],"potions_floor_usage":[13,14,16,30,30,35,43,44,46],"damage_taken":[{"damage":3,"enemies":"Hallownest:monsterHuskWarrior","floor":1,"turns":3},{"damage":2,"enemies":"Hallownest:2_Tiktiks_and_1_Crawlid","floor":2,"turns":4},{"damage":0,"enemies":"Hallownest:eliteMossKnight","floor":7,"turns":9},{"damage":9,"enemies":"Hallownest:2_MossCreeps","floor":9,"turns":8},{"damage":0,"enemies":"Hallownest:2_MossCreeps","floor":10,"turns":2},{"damage":13,"enemies":"Hallownest:2_Tiktiks_1_Baldur_1_Crawlid","floor":11,"turns":5},{"damage":1,"enemies":"Hallownest:1_Baldur_1_Crawlid_1_Warrior","floor":13,"turns":6},{"damage":12,"enemies":"Hallownest:monsterMossCharger","floor":14,"turns":6},{"damage":27,"enemies":"Hallownest:BossFalseKnight","floor":16,"turns":7},{"damage":8,"enemies":"Spheric Guardian","floor":18,"turns":4},{"damage":14,"enemies":"3 Byrds","floor":19,"turns":4},{"damage":6,"enemies":"Snake Plant","floor":21,"turns":3},{"damage":8,"enemies":"Centurion and Healer","floor":25,"turns":5},{"damage":13,"enemies":"Slavers","floor":27,"turns":5},{"damage":0,"enemies":"Snecko","floor":30,"turns":2},{"damage":10,"enemies":"Cultist and Chosen","floor":31,"turns":6},{"damage":11,"enemies":"Automaton","floor":33,"turns":4},{"damage":8,"enemies":"3 Darklings","floor":35,"turns":4},{"damage":5,"enemies":"Orb Walker","floor":41,"turns":3},{"damage":57,"enemies":"Reptomancer","floor":42,"turns":3},{"damage":6,"enemies":"3 Darklings","floor":43,"turns":5},{"damage":0,"enemies":"3 Darklings","floor":44,"turns":4},{"damage":0,"enemies":"Jaw Worm Horde","floor":46,"turns":3},{"damage":46,"enemies":"Transient","floor":48,"turns":5},{"damage":22,"enemies":"Replay:Hell Engine","floor":50,"turns":4}],"seed_played":"1549170883563426676","potions_obtained":[{"floor":1,"key":"Block Potion"},{"floor":10,"key":"champ:CounterPotion"},{"floor":14,"key":"Toxic Potion"},{"floor":19,"key":"LiquidMemories"},{"floor":21,"key":"Energy Potion"},{"floor":25,"key":"Slimebound:ThreeZeroPotion"},{"floor":30,"key":"BlessingOfTheForge"},{"floor":44,"key":"Weak Potion"}],"is_trial":false,"path_per_floor":["M","M","?","?","T","R","E","R","MIM","M","M","$","M","M","R","B",null,"M","M","$","M","?","R","?","M","T","E","T","?","M","M","R","B",null,"M","$","$","?","?","R","M","E","MIM","M","R","M","R","M","R","B",null],"character_chosen":"THE_BLADEMASTER","items_purchased":["Gremlin Food","blademaster:Meditate","AttackPotion","Whetstone"],"campfire_rested":4,"item_purchase_floors":[12,20,36,37],"current_hp_per_floor":[72,70,70,70,70,70,72,72,65,67,56,56,57,47,69,44,75,67,55,55,51,51,73,73,70,70,62,62,62,64,65,65,62,75,67,67,67,67,67,67,64,9,11,65,75,75,75,57,75,59],"gold":126,"neow_bonus":"TRANSFORM_CARD","is_daily":false,"chose_seed":false,"campfire_upgraded":4,"win_rate":0.0,"timestamp":1609658174,"path_taken":["M","M","?","?","?","R","E","R","MIM","?","M","$","M","M","R","BOSS","M","?","$","M","?","R","?","?","T","E","?","?","M","?","R","BOSS","M","?","$","?","?","R","M","E","MIM","?","R","?","R","M","R","BOSS"],"items_purchased_type":["Relic","Card","Potion","Relic"],"build_version":"2020-12-22","purchased_purges":3,"victory":true,"max_hp_per_floor":[75,75,75,75,75,75,75,75,75,75,75,75,75,75,75,75,75,75,75,75,75,75,75,75,75,75,75,75,75,75,75,75,75,75,75,75,75,75,75,75,75,75,75,75,75,75,75,75,75,75],"card_choices":[{"not_picked":["blademaster:Thrust","blademaster:Stability"],"picked":"blademaster:Havoc","floor":1},{"not_picked":["blademaster:Slice","blademaster:Stability"],"picked":"blademaster:Gust","floor":2},{"not_picked":["blademaster:Thrust","blademaster:Rupture","blademaster:AspectOfWind"],"picked":"SKIP","floor":7},{"not_picked":["blademaster:DragonStrike","blademaster:Sunder"],"picked":"blademaster:EyeOfTheTornado","floor":9},{"not_picked":["blademaster:AirSlash","blademaster:CombatPrep"],"picked":"blademaster:Bloodbath","floor":10},{"not_picked":["blademaster:SlyStabs","blademaster:Breeze"],"picked":"blademaster:Flash","floor":11},{"not_picked":["blademaster:DaggerAndCloak","blademaster:Thrust"],"picked":"blademaster:EyeOfTheTornado","floor":13},{"not_picked":["blademaster:ThunderingOpener","blademaster:CombatPrep"],"picked":"blademaster:Cut","floor":14},{"not_picked":["blademaster:LightningDraw","blademaster:CloudOfSteel"],"picked":"blademaster:Blindside","floor":16},{"not_picked":["blademaster:DeadlyDance","blademaster:Frontflip"],"picked":"blademaster:Flurry","floor":18},{"not_picked":["blademaster:AspectOfLightning","blademaster:EyeOfTheTornado"],"picked":"blademaster:SharpBlades","floor":19},{"not_picked":["blademaster:Blindside","blademaster:ThunderingOpener"],"picked":"blademaster:Cut","floor":21},{"not_picked":["blademaster:EyeOfTheTornado+1","blademaster:EyeOfTheStorm"],"picked":"blademaster:Cut","floor":25},{"not_picked":["blademaster:AirSlash","blademaster:DaggerAndCloak"],"picked":"blademaster:BrainBloom","floor":27},{"not_picked":["blademaster:Slice","blademaster:ParryingStrike"],"picked":"blademaster:Hailwind","floor":30},{"not_picked":["blademaster:ThunderingOpener","blademaster:Meditate"],"picked":"blademaster:FuriousStrike","floor":31},{"not_picked":["blademaster:EnchantedCuirass","blademaster:FlockOfBlades"],"picked":"blademaster:UnrelentingWind","floor":33},{"not_picked":["blademaster:AirSlash+1","blademaster:Thrust+1"],"picked":"blademaster:Stormstrike+1","floor":35},{"not_picked":["blademaster:Hailwind","blademaster:Sharpen+1"],"picked":"blademaster:AncestralHealing","floor":41},{"not_picked":["blademaster:DaggerAndCloak","blademaster:AirSlash+1"],"picked":"blademaster:ChargingUp","floor":42},{"not_picked":["blademaster:Stormstrike","blademaster:AwakeningDefend"],"picked":"blademaster:Empower","floor":43},{"not_picked":["blademaster:Cut","blademaster:LeechingStrike+1"],"picked":"blademaster:CombatPrep","floor":44},{"not_picked":["blademaster:Sharpen","blademaster:Bloodbath+1"],"picked":"blademaster:Cut+1","floor":46},{"not_picked":["blademaster:AirSlash+1","blademaster:ThunderingOpener","blademaster:Havoc+1"],"picked":"SKIP","floor":48}],"player_experience":776353,"relics_obtained":[{"floor":5,"key":"Blood Vial"},{"floor":7,"key":"Nunchaku"},{"floor":7,"key":"blademaster:StrongPerk"},{"floor":9,"key":"PreservedInsect"},{"floor":26,"key":"MawBank"},{"floor":27,"key":"Cleaning_Rag"},{"floor":27,"key":"blademaster:FinisherDrawCardPerk"},{"floor":28,"key":"TungstenRod"},{"floor":31,"key":"wanderingMiniBosses:OtherGremlinHorn"},{"floor":42,"key":"ReplayTheSpireMod:TigerMarble"},{"floor":42,"key":"blademaster:BonusComboPerk"},{"floor":43,"key":"Turnip"}],"event_choices":[{"damage_healed":0,"gold_gain":0,"cards_transformed":["blademaster:Strike"],"player_choice":"Transformed","damage_taken":0,"max_hp_gain":0,"max_hp_loss":0,"event_name":"Transmorgrifier","floor":24,"gold_loss":0,"cards_obtained":["blademaster:CullingStrike"]},{"damage_healed":0,"gold_gain":100,"player_choice":"Pray","damage_taken":0,"max_hp_gain":0,"max_hp_loss":0,"event_name":"Golden Shrine","floor":29,"gold_loss":0},{"damage_healed":0,"gold_gain":0,"player_choice":"Paid","damage_taken":0,"relics_obtained":["Red Mask"],"max_hp_gain":0,"max_hp_loss":0,"event_name":"Tomb of Lord Red Mask","floor":38,"gold_loss":161},{"damage_healed":0,"gold_gain":0,"player_choice":"Memory 1","damage_taken":0,"max_hp_gain":0,"max_hp_loss":0,"event_name":"SensoryStone","floor":39,"gold_loss":0}],"is_beta":false,"boss_relics":[{"not_picked":["Velvet Choker","energizedSpire:EnergizedDie"],"picked":"Philosopher\u0027s Stone"},{"not_picked":["Calling Bell","Tiny House"],"picked":"energizedSpire:SpiderWeb"}],"items_purged_floors":[12,20,36],"is_endless":false,"potions_floor_spawned":[1,10,14,19,21,25,30,44,46],"ascension_level":0}}