{"host":"j61pjxqytd94o6ng","time":1609648859,"event":{"mods":["BaseMod","Bestiary","Colored Map","Colored Powertips","Curses Come First","Minty Spire (QoL Compilation)","StSLib"],"gold_per_floor":[115,132,132,21,32,32,58,58,58,89,108,108,118,132,132,205,205,220,220,233,259,239,2,16,26,49,49,77,98,39,58,58,141,150,170,195,223,223,223,223],"floor_reached":39,"playtime":6336,"items_purged":["Regret","Strike_G+1"],"score":720,"play_id":"7210f216-53af-4813-b2fc-872749a6e464","local_time":"20210102214059","is_ascension_mode":true,"campfire_choices":[{"data":"Footwork","floor":6,"key":"SMITH"},{"data":"Backflip","floor":8,"key":"SMITH"},{"floor":12,"key":"REST"},{"floor":15,"key":"REST"},{"floor":27,"key":"REST"},{"floor":32,"key":"RECALL"}],"circlet_count":0,"master_deck":["AscendersBane","Strike_G+1","Strike_G+1","Strike_G+1","Defend_G+1","Defend_G+1","Defend_G+1","Defend_G+1","Defend_G+1","Survivor","Neutralize","Sadistic Nature+1","All Out Attack","Footwork+1","Infinite Blades","Blade Dance","Backflip+1","Concentrate","Terror","Escape Plan","Accuracy","After Image","Prepared","Dodge and Roll+1","Dash","After Image","Escape Plan+1","Acrobatics","Tactician+1","Blade Dance","Noxious Fumes","Bouncing Flask+1","A Thousand Cuts","CurseOfTheBell","Deadly Poison+1","Parasite","Calculated Gamble"],"relics":["Ring of the Snake","Sundial","Matryoshka","Akabeko","Fusion Hammer","Red Mask","CeramicFish","Centennial Puzzle","Calling Bell","Girya","Letter Opener","War Paint"],"acts_visited":["Exordium","TheCity","TheBeyond"],"potions_floor_usage":[7,10,21,28,31,33,37],"damage_taken":[{"damage":9,"enemies":"Small Slimes","floor":1,"turns":5},{"damage":6,"enemies":"Cultist","floor":2,"turns":5},{"damage":7,"enemies":"Jaw Worm","floor":5,"turns":4},{"damage":10,"enemies":"3 Sentries","floor":7,"turns":7},{"damage":17,"enemies":"Gremlin Nob","floor":10,"turns":4},{"damage":0,"enemies":"3 Louse","floor":11,"turns":1},{"damage":14,"enemies":"Red Slaver","floor":13,"turns":4},{"damage":4,"enemies":"Exordium Thugs","floor":14,"turns":4},{"damage":5,"enemies":"The Guardian","floor":16,"turns":11},{"damage":9,"enemies":"Spheric Guardian","floor":18,"turns":6},{"damage":4,"enemies":"Chosen","floor":20,"turns":6},{"damage":10,"enemies":"Masked Bandits","floor":21,"turns":5},{"damage":9,"enemies":"Snecko","floor":24,"turns":5},{"damage":0,"enemies":"Centurion and Healer","floor":25,"turns":6},{"damage":0,"enemies":"3 Cultists","floor":28,"turns":6},{"damage":6,"enemies":"Snake Plant","floor":29,"turns":6},{"damage":0,"enemies":"Shelled Parasite and Fungi","floor":31,"turns":5},{"damage":22,"enemies":"Champ","floor":33,"turns":9},{"damage":0,"enemies":"3 Shapes","floor":35,"turns":4},{"damage":14,"enemies":"3 Darklings","floor":36,"turns":5},{"damage":11,"enemies":"Writhing Mass","floor":37,"turns":7},{"damage":43,"enemies":"Transient","floor":39,"turns":5}],"seed_played":"8286930064925651337","potions_obtained":[{"floor":2,"key":"AttackPotion"},{"floor":5,"key":"SkillPotion"},{"floor":10,"key":"GamblersBrew"},{"floor":16,"key":"Regen Potion"},{"floor":18,"key":"DistilledChaos"},{"floor":22,"key":"LiquidBronze"},{"floor":24,"key":"GhostInAJar"},{"floor":28,"key":"SkillPotion"},{"floor":36,"key":"Energy Potion"}],"is_trial":false,"path_per_floor":["M","M","?","$","M","R","E","R","T","E","M","R","M","M","R","B",null,"M","?","M","?","?","$","M","M","T","R","M","M","$","M","R","B",null,"M","M","M","?","M"],"character_chosen":"THE_SILENT","items_purchased":["Infinite Blades","After Image","Noxious Fumes"],"campfire_rested":3,"item_purchase_floors":[4,23,30],"current_hp_per_floor":[50,44,44,44,37,37,27,27,27,10,10,29,15,11,30,25,56,47,47,43,33,33,33,24,24,24,43,58,52,52,52,52,30,57,57,43,32,32,0,0],"gold":223,"neow_bonus":"RANDOM_COLORLESS_2","is_daily":false,"chose_seed":false,"campfire_upgraded":2,"win_rate":0.0,"timestamp":1609648859,"path_taken":["M","M","?","$","M","R","E","R","T","E","?","R","?","M","R","BOSS","M","?","M","?","?","$","M","M","T","R","?","M","?","M","R","BOSS","M","M","M","?","M"],"items_purchased_type":["Card","Card","Card"],"build_version":"2020-12-22","purchased_purges":2,"victory":false,"max_hp_per_floor":[66,66,66,66,66,66,66,66,66,66,66,66,66,66,66,66,66,66,66,66,66,66,66,66,66,66,66,66,66,66,66,66,66,66,66,66,66,66,66,66],"card_choices":[{"not_picked":["Magnetism","Violence"],"picked":"Sadistic Nature","floor":0},{"not_picked":["Underhanded Strike","Deflect"],"picked":"All Out Attack","floor":1},{"not_picked":["Dodge and Roll","Dagger Spray"],"picked":"Footwork","floor":2},{"not_picked":["Outmaneuver","Bane"],"picked":"Blade Dance","floor":5},{"not_picked":["Escape Plan","Catalyst"],"picked":"Backflip","floor":7},{"not_picked":["Underhanded Strike","Bane"],"picked":"Concentrate","floor":10},{"not_picked":["Slice","Prepared"],"picked":"Terror","floor":11},{"not_picked":["Dagger Spray","Underhanded Strike"],"picked":"Escape Plan","floor":13},{"not_picked":["Dagger Throw","Deadly Poison"],"picked":"Accuracy","floor":14},{"not_picked":["Unload","Corpse Explosion"],"picked":"After Image","floor":16},{"not_picked":["Flying Knee","Quick Slash+1"],"picked":"Prepared","floor":18},{"not_picked":["Tactician","Backflip"],"picked":"Dodge and Roll+1","floor":20},{"not_picked":["Dagger Throw","Catalyst"],"picked":"Dash","floor":21},{"not_picked":["Wraith Form v2","Underhanded Strike"],"picked":"Escape Plan","floor":24},{"not_picked":["Slice","Backflip"],"picked":"Acrobatics","floor":25},{"not_picked":["Dodge and Roll","Underhanded Strike+1"],"picked":"Tactician","floor":28},{"not_picked":["Heel Hook","Terror"],"picked":"Blade Dance","floor":29},{"not_picked":["Acrobatics","Deflect+1"],"picked":"Bouncing Flask+1","floor":31},{"not_picked":["Bullet Time","Unload"],"picked":"A Thousand Cuts","floor":33},{"not_picked":["Slice","Flechettes","Bane"],"picked":"SKIP","floor":35},{"not_picked":["Backflip","Setup"],"picked":"Deadly Poison+1","floor":36},{"not_picked":["Deflect","Bane+1"],"picked":"Calculated Gamble","floor":37}],"player_experience":481107,"relics_obtained":[{"floor":7,"key":"Sundial"},{"floor":9,"key":"Matryoshka"},{"floor":10,"key":"Akabeko"},{"floor":21,"key":"Red Mask"},{"floor":26,"key":"CeramicFish"},{"floor":26,"key":"Centennial Puzzle"},{"floor":34,"key":"Girya"},{"floor":34,"key":"Letter Opener"},{"floor":34,"key":"War Paint"}],"event_choices":[{"damage_healed":0,"gold_gain":0,"player_choice":"Forge","damage_taken":0,"max_hp_gain":0,"max_hp_loss":0,"event_name":"Accursed Blacksmith","floor":3,"gold_loss":0,"cards_upgraded":["Sadistic Nature"]},{"damage_healed":0,"gold_gain":0,"player_choice":"Simplicity","damage_taken":0,"max_hp_gain":0,"max_hp_loss":0,"event_name":"Back to Basics","floor":19,"gold_loss":0,"cards_upgraded":["Strike_G","Strike_G","Strike_G","Strike_G","Strike_G","Defend_G","Defend_G","Defend_G","Defend_G","Defend_G"]},{"damage_healed":0,"gold_gain":0,"player_choice":"Fought Bandits","damage_taken":0,"max_hp_gain":0,"max_hp_loss":0,"event_name":"Masked Bandits","floor":21,"gold_loss":0},{"damage_healed":0,"gold_gain":0,"player_choice":"Bought 1 Potion","damage_taken":0,"max_hp_gain":0,"max_hp_loss":0,"event_name":"The Woman in Blue","floor":22,"gold_loss":0},{"cards_removed":["Strike_G"],"damage_healed":0,"gold_gain":0,"player_choice":"Purged","damage_taken":0,"max_hp_gain":0,"max_hp_loss":0,"event_name":"Purifier","floor":38,"gold_loss":0}],"is_beta":false,"boss_relics":[{"not_picked":["Busted Crown","Ectoplasm"],"picked":"Fusion Hammer"},{"not_picked":["Cursed Key","Velvet Choker"],"picked":"Calling Bell"}],"items_purged_floors":[4,23],"is_endless":false,"potions_floor_spawned":[2,5,10,16,18,24,28,29,36],"killed_by":"Transient","ascension_level":15}}