{"host":"q2n6tlickby1elp8","time":1609658605,"event":{"mods":["BaseMod","BetterRewards","Colored Powertips","Marisa£®ÏF”Í°°ƒß¿Ì…≥£©","Minty Spire (QoL Compilation)","Remilia£®¿Ÿ√◊¿Ú—«£©","SOS£®Àπ∞Õ¥Ô÷Æ◊”£©","Shop Mod","SuperFastMode","The Construct","The Disciple","The Servant 0.9.4","Youmu£®ªÍ∆«—˝√Œ£©","[IsaacMod]“‘»ˆº‚À˛"],"gold_per_floor":[109,59,59,19,38,38,77,152,152,176,190,213,213,229,229,353,353,368,389,389,409,35,35,69,90,117,117,132,132,153,174,174,297,297,313,338,338,338,19,19,54,54,54,75,99,124,124,149,149,149],"floor_reached":51,"playtime":2293,"items_purged":["Injury"],"score":1003,"play_id":"dfc6f186-2fb5-466a-86dd-3990c41171c2","local_time":"20210103152325","is_ascension_mode":false,"campfire_choices":[{"data":"Stigmanizer","floor":6,"key":"SMITH"},{"floor":15,"key":"REST"},{"data":"KillingBlow","floor":23,"key":"SMITH"},{"data":"BloodHunter","floor":29,"key":"SMITH"},{"data":"NightDance","floor":32,"key":"SMITH"},{"data":"RedRainbow","floor":40,"key":"SMITH"},{"data":"HeartBreak","floor":42,"key":"SMITH"},{"floor":47,"key":"REST"},{"data":"ScarletImprint","floor":49,"key":"SMITH"}],"circlet_count":0,"master_deck":["Strike_RM","Strike_RM","Strike_RM","Defend_RM","Defend_RM+1","Defend_RM","Defend_RM+1","RedMoon","ScarletShoot","BloodyHallows","Stigmanizer+1","ForecastOfChange","ScarletImprint","ScarletDevilSign","NightDance+1","RedRainbow+1","HeartBreak+1","BloodHunter+1","KillingBlow+1","Ultimatum","BombardNight+1","VampireKiss","RedNightlessCastle","StarOfDavid+1","ScarletImprint+1","KillingBlow+1","ScarletImprint+1","AfternoonTea+1","DemonKingCradle","CurseOfTheBell","UnderTheZenith+1","ScarletImprint+1","Madness","Madness","GlobalNightmare+1","StarOfDavid+1","DiffusionOfMisfortune+1","BombardNight+1","HunterOfTheNight+1","ScarletCoffin+1"],"relics":["ScarletHat","HushsDoor","SteamSale","Golden Idol","Dream Catcher","SatanicBible","UnicornStump","construct:ClawGrip","TypeBBloodRedTea","Unceasing Top","PreservedInsect","Boot","Calling Bell","PokeGo","Molten Egg 2","War Paint","BFFS","Mummified Hand","HornCleat","TungstenRod","InkBottle"],"acts_visited":["Exordium","TheCity","TheBeyond"],"potions_floor_usage":[16,24,50],"damage_taken":[{"damage":0,"enemies":"Small Slimes","floor":1,"turns":3},{"damage":0,"enemies":"Jaw Worm","floor":5,"turns":6},{"damage":12,"enemies":"3 Sentries","floor":7,"turns":7},{"damage":0,"enemies":"Cultist","floor":10,"turns":4},{"damage":0,"enemies":"Looter","floor":11,"turns":1},{"damage":0,"enemies":"3 Louse","floor":12,"turns":3},{"damage":12,"enemies":"Lots of Slimes","floor":14,"turns":4},{"damage":0,"enemies":"Slime Boss","floor":16,"turns":6},{"damage":0,"enemies":"3 Byrds","floor":18,"turns":4},{"damage":0,"enemies":"Shell Parasite","floor":19,"turns":2},{"damage":0,"enemies":"Snecko","floor":21,"turns":2},{"damage":4,"enemies":"Slavers","floor":24,"turns":2},{"damage":8,"enemies":"3 Cultists","floor":25,"turns":3},{"damage":0,"enemies":"Cultist and Chosen","floor":28,"turns":4},{"damage":0,"enemies":"Centurion and Healer","floor":30,"turns":2},{"damage":7,"enemies":"Shelled Parasite and Fungi","floor":31,"turns":2},{"damage":9,"enemies":"Collector","floor":33,"turns":6},{"damage":5,"enemies":"Orb Walker","floor":35,"turns":2},{"damage":4,"enemies":"3 Darklings","floor":36,"turns":7},{"damage":12,"enemies":"Nemesis","floor":41,"turns":3},{"damage":0,"enemies":"Jaw Worm Horde","floor":44,"turns":3},{"damage":22,"enemies":"4 Shapes","floor":45,"turns":4},{"damage":31,"enemies":"Maw","floor":46,"turns":5},{"damage":4,"enemies":"Spire Growth","floor":48,"turns":4},{"damage":18,"enemies":"Donu and Deca","floor":50,"turns":5}],"seed_played":"4972554117554515405","potions_obtained":[{"floor":11,"key":"SkillPotion"},{"floor":12,"key":"LiquidBronze"},{"floor":14,"key":"SkillPotion"},{"floor":16,"key":"EntropicBrew"},{"floor":24,"key":"FairyPotion"}],"is_trial":false,"path_per_floor":["M","?","?","$","M","R","E","?","T","M","M","M","?","M","R","B",null,"M","M","?","M","$","R","E","M","T","?","M","R","M","M","R","B",null,"M","M","?","?","$","R","E","R","T","M","M","M","R","M","R","B",null],"character_chosen":"REMILIA","items_purchased":["ForecastOfChange","TypeBBloodRedTea","Unceasing Top","RedNightlessCastle","BFFS","Mummified Hand","HornCleat"],"campfire_rested":2,"item_purchase_floors":[4,22,22,22,39,39,39],"current_hp_per_floor":[75,75,75,75,75,75,66,55,55,55,57,57,50,42,64,75,75,75,75,75,75,75,75,73,67,67,67,75,75,75,68,68,68,75,70,71,62,62,62,62,62,62,62,65,50,42,64,72,72,68],"gold":149,"neow_bonus":"ONE_RANDOM_RARE_CARD","is_daily":false,"chose_seed":false,"campfire_upgraded":7,"win_rate":0.0,"timestamp":1609658605,"path_taken":["M","?","?","$","?","R","E","?","T","M","M","?","?","M","R","BOSS","M","M","?","M","$","R","E","M","T","?","M","R","M","M","R","BOSS","M","M","?","?","$","R","E","R","T","M","M","M","R","M","R","BOSS"],"items_purchased_type":["Card","Relic","Relic","Card","Relic","Relic","Relic"],"build_version":"2020-12-22","purchased_purges":1,"victory":true,"max_hp_per_floor":[75,75,75,75,75,75,75,75,75,75,75,75,75,75,75,75,75,75,75,75,75,75,75,75,75,75,75,75,75,75,75,75,75,75,75,75,75,75,75,75,75,75,75,75,75,75,75,75,75,75],"card_choices":[{"not_picked":["ScarletSymphony","SuperhumanBloodyKnife"],"picked":"Stigmanizer","floor":1},{"not_picked":["Bomb","BadLadyScramble"],"picked":"ScarletImprint","floor":5},{"not_picked":["CharismaGuard","VampireSweep"],"picked":"ScarletDevilSign","floor":7},{"not_picked":["EmergencyRegeneration","MastersStateliness"],"picked":"NightDance","floor":10},{"not_picked":["CharismaGuard","BlasphemousPunishment"],"picked":"RedRainbow","floor":11},{"not_picked":["DiffusionOfMisfortune","EndlessAdversity"],"picked":"HeartBreak","floor":12},{"not_picked":["VampireSweep","EndlessAdversity"],"picked":"BloodHunter","floor":14},{"not_picked":["TricksterDevil","ChaoticDestiny"],"picked":"KillingBlow","floor":16},{"not_picked":["ForbiddenFruit","BloodAndWine"],"picked":"Ultimatum","floor":18},{"not_picked":["VampireSweep","UnstableMagic"],"picked":"BombardNight+1","floor":19},{"not_picked":["BloodHunter","UnstableMagic"],"picked":"VampireKiss","floor":21},{"not_picked":["BlasphemousPunishment+1","VampireFantasy"],"picked":"StarOfDavid+1","floor":24},{"not_picked":["VampireKiss","Stigmanizer"],"picked":"ScarletImprint+1","floor":25},{"not_picked":["VampireKiss","ReincarnationDial","ScarletImprint"],"picked":"SKIP","floor":28},{"not_picked":["UnderTheZenith","HellCatastrophe"],"picked":"ScarletImprint","floor":30},{"not_picked":["BombardNight+1","NightDance"],"picked":"AfternoonTea+1","floor":31},{"not_picked":["EquivalentExchange","BloodRain"],"picked":"DemonKingCradle","floor":33},{"not_picked":["FavorOfDestiny","ReincarnationDial+1"],"picked":"UnderTheZenith+1","floor":35},{"not_picked":["BloodAndWine","TwelveNightmare"],"picked":"ScarletImprint+1","floor":36},{"not_picked":["ScarletNetherworld+1","BloodyTrap"],"picked":"GlobalNightmare+1","floor":41},{"not_picked":["BloodHunter+1","BlasphemousPunishment"],"picked":"StarOfDavid+1","floor":44},{"not_picked":["Stigmanizer+1","ScarletImprint+1"],"picked":"DiffusionOfMisfortune+1","floor":45},{"not_picked":["ScarletNetherworld","BlasphemousPunishment+1"],"picked":"BombardNight+1","floor":46},{"not_picked":["VampirishNight","TwelveNightmare"],"picked":"HunterOfTheNight+1","floor":47},{"not_picked":["Ultimatum+1","ScarletDevil+1"],"picked":"ScarletCoffin+1","floor":48}],"player_experience":123605,"relics_obtained":[{"floor":7,"key":"Dream Catcher"},{"floor":9,"key":"SatanicBible"},{"floor":24,"key":"PreservedInsect"},{"floor":26,"key":"Boot"},{"floor":34,"key":"PokeGo"},{"floor":34,"key":"Molten Egg 2"},{"floor":34,"key":"War Paint"},{"floor":41,"key":"TungstenRod"},{"floor":43,"key":"InkBottle"}],"event_choices":[{"cards_removed":["Strike_RM"],"damage_healed":0,"gold_gain":0,"player_choice":"Card Removal","damage_taken":0,"max_hp_gain":0,"max_hp_loss":0,"event_name":"The Cleric","floor":2,"gold_loss":50},{"damage_healed":0,"gold_gain":0,"player_choice":"Take Wound","damage_taken":0,"relics_obtained":["Golden Idol"],"max_hp_gain":0,"max_hp_loss":0,"event_name":"Golden Idol","floor":3,"gold_loss":0,"cards_obtained":["Injury"]},{"damage_healed":0,"gold_gain":75,"player_choice":"Gather Gold","damage_taken":11,"max_hp_gain":0,"max_hp_loss":0,"event_name":"World of Goop","floor":8,"gold_loss":0},{"damage_healed":0,"gold_gain":0,"player_choice":"Success","damage_taken":7,"relics_obtained":["UnicornStump"],"max_hp_gain":0,"max_hp_loss":0,"event_name":"Scrap Ooze","floor":13,"gold_loss":0},{"damage_healed":0,"gold_gain":0,"player_choice":"Copied","damage_taken":0,"max_hp_gain":0,"max_hp_loss":0,"event_name":"Duplicator","floor":27,"gold_loss":0,"cards_obtained":["KillingBlow"]},{"damage_healed":0,"gold_gain":0,"player_choice":"Embrace Madness","damage_taken":9,"max_hp_gain":0,"max_hp_loss":0,"event_name":"Winding Halls","floor":37,"gold_loss":0,"cards_obtained":["Madness","Madness"]},{"damage_healed":0,"gold_gain":0,"player_choice":"Bought 0 Potions","damage_taken":0,"max_hp_gain":0,"max_hp_loss":0,"event_name":"The Woman in Blue","floor":38,"gold_loss":0}],"is_beta":false,"boss_relics":[{"not_picked":["Coffee Dripper","Empty Cage"],"picked":"construct:ClawGrip"},{"not_picked":[]},{"not_picked":["Fusion Hammer","Busted Crown"],"picked":"Calling Bell"},{"not_picked":[]}],"items_purged_floors":[22],"is_endless":false,"potions_floor_spawned":[11,12,14,16,24,25,28,30,33,44,46],"ascension_level":0}}