{"host":"os9owiyb0rak6c8n","time":1609692919,"event":{"mods":["AchievementEnabler","Astrologer","BaseMod","Beaked The Cultist","Better Third Choice","Block Reminder","Colored Map","Colored Powertips","Dio Mod","Minty Spire (QoL Compilation)","Robot Space Explorer","Spicy Shops","StSLib","The Death Knight","The Necromancer"],"gold_per_floor":[117,36,36,52,52,77,96,96,120,120,41,114,132,166,166,267,267,277,277,290,306,324,324,324],"floor_reached":23,"playtime":897,"items_purged":[],"score":226,"play_id":"175bae30-cd0b-4853-9746-ffd8cda02ed8","local_time":"20210103175519","is_ascension_mode":false,"campfire_choices":[{"data":"astrologer:Judgement","floor":8,"key":"SMITH"},{"data":"astrologer:SolarFlare","floor":10,"key":"SMITH"},{"floor":15,"key":"REST"}],"circlet_count":0,"master_deck":["astrologer:Strike","astrologer:Strike","astrologer:Strike","astrologer:Strike","astrologer:Defend","astrologer:Defend","astrologer:Defend+1","astrologer:Defend","astrologer:NorthStar+1","astrologer:TheFool","astrologer:TheDevil","astrologer:SolarFlare+1","astrologer:Stardust","astrologer:Judgement+1","astrologer:Fireball","astrologer:FrozenStar","astrologer:DarkMatter+1","astrologer:Nova+1","astrologer:Eclipse+1"],"relics":["astrologer:SkyMirror","NeowsBlessing","Lantern","Anchor","Frozen Egg 2","Toy Ornithopter","Black Star"],"acts_visited":["Exordium","TheCity"],"potions_floor_usage":[14,20,20,21],"damage_taken":[{"damage":0,"enemies":"Cultist","floor":1,"turns":1},{"damage":0,"enemies":"Jaw Worm","floor":4,"turns":1},{"damage":0,"enemies":"3 Sentries","floor":6,"turns":1},{"damage":10,"enemies":"Small Slimes","floor":7,"turns":5},{"damage":0,"enemies":"Blue Slaver","floor":13,"turns":2},{"damage":33,"enemies":"Gremlin Nob","floor":14,"turns":5},{"damage":8,"enemies":"Slime Boss","floor":16,"turns":6},{"damage":3,"enemies":"Chosen","floor":18,"turns":6},{"damage":25,"enemies":"3 Byrds","floor":20,"turns":7},{"damage":8,"enemies":"Snecko","floor":21,"turns":5},{"damage":25,"enemies":"Sentry and Sphere","floor":22,"turns":5},{"damage":20,"enemies":"Gremlin Leader","floor":23,"turns":2}],"seed_played":"-8704923823242670354","potions_obtained":[{"floor":6,"key":"SpeedPotion"},{"floor":7,"key":"AttackPotion"},{"floor":14,"key":"Block Potion"},{"floor":18,"key":"Swift Potion"},{"floor":22,"key":"BlessingOfTheForge"}],"is_trial":false,"path_per_floor":["M","$","?","M","?","E","M","R","T","R","$","T","M","E","R","B",null,"M","?","M","M","M","E"],"character_chosen":"ASTROLOGER","items_purchased":["astrologer:SolarFlare","astrologer:Fireball"],"campfire_rested":1,"item_purchase_floors":[2,11],"current_hp_per_floor":[70,70,56,56,56,56,46,46,46,46,46,46,46,13,34,26,70,67,61,46,43,18,0,0],"gold":324,"neow_bonus":"THREE_ENEMY_KILL","is_daily":false,"chose_seed":false,"campfire_upgraded":2,"win_rate":0.0,"timestamp":1609692919,"path_taken":["M","?","?","M","?","E","M","R","T","R","?","?","?","E","R","BOSS","M","?","M","M","M","E"],"items_purchased_type":["Card","Card"],"build_version":"2020-12-22","purchased_purges":0,"victory":false,"max_hp_per_floor":[70,70,70,70,70,70,70,70,70,70,70,70,70,70,70,70,70,70,70,70,70,70,70,70],"card_choices":[{"not_picked":["astrologer:ReadTheStars","astrologer:Novile"],"picked":"astrologer:TheDevil","floor":1},{"not_picked":["astrologer:Conjunction","astrologer:StarOfRegret","astrologer:Opposition"],"picked":"SKIP","floor":4},{"not_picked":["astrologer:MeteorShower","astrologer:Strength"],"picked":"astrologer:Stardust","floor":6},{"not_picked":["astrologer:Divination","astrologer:Observe"],"picked":"astrologer:Judgement","floor":7},{"not_picked":["astrologer:Eclipse","astrologer:Radiance"],"picked":"astrologer:FrozenStar","floor":13},{"not_picked":["astrologer:SpaceDust","astrologer:SolarFlare"],"picked":"astrologer:DarkMatter+1","floor":14},{"not_picked":["astrologer:WheelofFortune","astrologer:Trine"],"picked":"astrologer:Nova+1","floor":16},{"not_picked":["astrologer:TheHierophant","astrologer:SolarFlare","astrologer:Shine"],"picked":"SKIP","floor":18},{"not_picked":["astrologer:CometStrike","astrologer:FrozenStar","astrologer:Eclipse"],"picked":"SKIP","floor":20},{"not_picked":["astrologer:SolarFlare","astrologer:Observe","astrologer:Still"],"picked":"SKIP","floor":21},{"not_picked":["astrologer:Radiance","astrologer:StarOfCourage+1"],"picked":"astrologer:Eclipse+1","floor":22}],"player_experience":576408,"relics_obtained":[{"floor":6,"key":"Lantern"},{"floor":9,"key":"Anchor"},{"floor":12,"key":"Frozen Egg 2"},{"floor":14,"key":"Toy Ornithopter"}],"event_choices":[{"damage_healed":70,"gold_gain":0,"player_choice":"Upgrade","damage_taken":14,"max_hp_gain":0,"max_hp_loss":70,"event_name":"betterThird:BetterShining","floor":3,"gold_loss":0,"cards_upgraded":["astrologer:Defend","astrologer:NorthStar"]},{"damage_healed":0,"gold_gain":0,"player_choice":"Leave","damage_taken":0,"max_hp_gain":0,"max_hp_loss":0,"event_name":"The Cleric","floor":5,"gold_loss":0},{"damage_healed":0,"gold_gain":0,"player_choice":"","damage_taken":6,"max_hp_gain":0,"max_hp_loss":0,"event_name":"Knowing Skull","floor":19,"potions_obtained":[],"gold_loss":0,"cards_obtained":[]}],"is_beta":false,"boss_relics":[{"not_picked":["SacredBark","Snecko Eye"],"picked":"Black Star"}],"items_purged_floors":[],"is_endless":false,"potions_floor_spawned":[6,7,14,18,22],"killed_by":"Gremlin Leader","ascension_level":0}}