{"host":"143ld85m55v6o3h7","time":1609637815,"event":{"mods":["AchievementEnabler","BaseMod","Colored Map","DeckTracker","Minty Spire (QoL Compilation)","Permanent Neow","Rare Cards Sparkle","StSLib","everything is the same but u backflip on backflip"],"gold_per_floor":[113,123,123,48,65,65,65,65,65,75,75,75,87,162,162,267,267,279,279,204,216,116,146,146,146,146,146,164,39,139,164,164,260,260,275,125,174,190,190,190,190,200,200,200,200,232,232,232,232,232],"floor_reached":51,"playtime":491,"items_purged":["Strike_G","Defend_G","Defend_G","Expertise"],"score":1174,"play_id":"19287230-0100-4f72-acbf-7423bac4b37d","local_time":"20210103103655","is_ascension_mode":false,"campfire_choices":[{"floor":6.0,"key":"REST"},{"floor":11,"key":"REST"},{"floor":15,"key":"REST"},{"floor":24,"key":"REST"},{"data":"Survivor","floor":32,"key":"SMITH"},{"data":"Neutralize","floor":40,"key":"SMITH"},{"floor":47,"key":"REST"},{"floor":49,"key":"REST"}],"circlet_count":0,"master_deck":["Survivor+1","Neutralize+1"],"relics":["Ring of the Snake"],"acts_visited":["Exordium","TheCity","TheBeyond"],"potions_floor_usage":[],"damage_taken":[{"damage":0.0,"enemies":"Jaw Worm","floor":1.0,"turns":1.0},{"damage":0.0,"enemies":"2 Louse","floor":2.0,"turns":1.0},{"damage":0.0,"enemies":"Cultist","floor":5.0,"turns":1.0},{"damage":0,"enemies":"Exordium Thugs","floor":10,"turns":1},{"damage":0,"enemies":"Looter","floor":13,"turns":1},{"damage":0,"enemies":"Hexaghost","floor":16,"turns":1},{"damage":0,"enemies":"Spheric Guardian","floor":18,"turns":1},{"damage":0,"enemies":"3 Byrds","floor":21,"turns":1},{"damage":0,"enemies":"Gremlin Leader","floor":23,"turns":1},{"damage":0,"enemies":"Cultist and Chosen","floor":28,"turns":1},{"damage":0,"enemies":"Colosseum Slavers","floor":30,"turns":1},{"damage":0,"enemies":"Colosseum Nobs","floor":30,"turns":1},{"damage":0,"enemies":"Book of Stabbing","floor":31,"turns":1},{"damage":0,"enemies":"Champ","floor":33,"turns":1},{"damage":0,"enemies":"Orb Walker","floor":35,"turns":1},{"damage":0,"enemies":"2 Orb Walkers","floor":37,"turns":1},{"damage":0,"enemies":"3 Shapes","floor":38,"turns":1},{"damage":0,"enemies":"Transient","floor":42,"turns":1},{"damage":0,"enemies":"Reptomancer","floor":46,"turns":1},{"damage":0,"enemies":"4 Shapes","floor":48,"turns":1},{"damage":0,"enemies":"Awakened One","floor":50,"turns":2}],"seed_played":"713164876388849424","potions_obtained":[],"is_trial":false,"path_per_floor":["M","M","?","$","M","R","?","?","T","M","R","T","M","?","R","B",null,"M","?","?","M","$","E","R","?","T","?","M","$","?","E","R","B",null,"M","$","?","M","?","R","$","M","T","$","?","E","R","M","R","B",null],"character_chosen":"THE_SILENT","items_purchased":[],"campfire_rested":6,"item_purchase_floors":[],"current_hp_per_floor":[63,63,63,63,63,63,63,63,63,63,63,63,63,52,63,63,63,63,63,63,63,63,63,63,63,63,63,63,63,63,63,63,63,63,63,63,63,63,63,63,63,63,63,63,63,63,63,63,63,63],"gold":232,"neow_bonus":"REMOVE_TWO","is_daily":false,"chose_seed":false,"campfire_upgraded":2,"win_rate":0.0,"timestamp":1609637815,"path_taken":["M","M","?","$","M","R","?","?","T","?","R","?","M","?","R","BOSS","M","?","?","M","$","E","R","?","T","?","M","$","?","E","R","BOSS","M","$","?","M","?","R","$","M","T","?","?","E","R","M","R","BOSS"],"items_purchased_type":[],"build_version":"2020-12-22","purchased_purges":4,"victory":true,"max_hp_per_floor":[63,63,63,63,63,63,63,63,63,63,63,63,63,63,63,63,63,63,63,63,63,63,63,63,63,63,63,63,63,63,63,63,63,63,63,63,63,63,63,63,63,63,63,63,63,63,63,63,63,63],"card_choices":[{"not_picked":["Prepared","Dash","Infinite Blades"],"picked":"SKIP","floor":1.0},{"not_picked":["Heel Hook","Eviscerate","Well Laid Plans"],"picked":"SKIP","floor":2.0},{"not_picked":["Masterful Stab","Calculated Gamble","Endless Agony"],"picked":"SKIP","floor":5.0},{"not_picked":["Backflip","Caltrops","Bane"],"picked":"SKIP","floor":10},{"not_picked":["Escape Plan","Deadly Poison","Deflect"],"picked":"SKIP","floor":13},{"not_picked":["Flechettes","Dodge and Roll","Slice"],"picked":"SKIP","floor":18},{"not_picked":["Dodge and Roll","Noxious Fumes","Bane"],"picked":"SKIP","floor":21},{"not_picked":["Flying Knee","Caltrops","Bane"],"picked":"SKIP","floor":23},{"not_picked":["Eviscerate","Outmaneuver","Acrobatics"],"picked":"SKIP","floor":28},{"not_picked":["Bane","Venomology","Dagger Spray"],"picked":"SKIP","floor":31},{"not_picked":["Dodge and Roll","Bouncing Flask+1","Crippling Poison"],"picked":"SKIP","floor":35},{"not_picked":["Deflect","Prepared","Acrobatics"],"picked":"SKIP","floor":38},{"not_picked":["Dagger Throw+1","Underhanded Strike+1","PiercingWail+1"],"picked":"SKIP","floor":42},{"not_picked":["Accuracy","Terror","Quick Slash"],"picked":"SKIP","floor":46},{"not_picked":["Acrobatics","Eviscerate","Calculated Gamble"],"picked":"SKIP","floor":48}],"player_experience":8016,"relics_obtained":[],"event_choices":[{"damage_healed":0.0,"max_hp_gain":0.0,"max_hp_loss":0.0,"gold_gain":0.0,"event_name":"Shining Light","player_choice":"Ignored","floor":3.0,"gold_loss":0.0,"damage_taken":0.0},{"cards_removed":["Strike_G"],"damage_healed":0.0,"max_hp_gain":0.0,"max_hp_loss":0.0,"gold_gain":0.0,"event_name":"Living Wall","player_choice":"Forget","floor":7.0,"gold_loss":0.0,"damage_taken":0.0},{"cards_removed":["Strike_G"],"damage_healed":0.0,"max_hp_gain":0.0,"max_hp_loss":0.0,"gold_gain":0.0,"event_name":"Bonfire Elementals","player_choice":"Offered Basic","floor":8.0,"gold_loss":0.0,"damage_taken":0.0},{"damage_healed":0,"gold_gain":75,"player_choice":"Gather Gold","damage_taken":11,"max_hp_gain":0,"max_hp_loss":0,"event_name":"World of Goop","floor":14,"gold_loss":0},{"damage_healed":0,"gold_gain":0,"player_choice":"Ignored","damage_taken":0,"max_hp_gain":0,"max_hp_loss":0,"event_name":"The Mausoleum","floor":19,"gold_loss":0},{"cards_removed":["Defend_G"],"damage_healed":0,"gold_gain":0,"player_choice":"Gave Gold","damage_taken":0,"max_hp_gain":0,"max_hp_loss":0,"event_name":"Beggar","floor":20,"gold_loss":75},{"damage_healed":0,"gold_gain":0,"player_choice":"Ignored","damage_taken":0,"max_hp_gain":0,"max_hp_loss":0,"event_name":"Vampires","floor":25,"gold_loss":0},{"damage_healed":0,"gold_gain":0,"cards_transformed":["Defend_G","Defend_G"],"player_choice":"Became Test Subject","damage_taken":0,"max_hp_gain":0,"max_hp_loss":0,"event_name":"Drug Dealer","floor":27,"gold_loss":0,"cards_obtained":["Expertise","Distraction"]},{"damage_healed":0,"gold_gain":0,"player_choice":"Fight","damage_taken":0,"max_hp_gain":0,"max_hp_loss":0,"event_name":"Colosseum","floor":30,"gold_loss":0},{"damage_healed":0,"gold_gain":0,"player_choice":"Fought Nobs","damage_taken":0,"max_hp_gain":0,"max_hp_loss":0,"event_name":"Colosseum","floor":30,"gold_loss":0},{"damage_healed":0,"gold_gain":0,"player_choice":"Fight","damage_taken":0,"max_hp_gain":0,"max_hp_loss":0,"event_name":"Mysterious Sphere","floor":37,"gold_loss":0},{"cards_removed":["Distraction"],"damage_healed":0,"gold_gain":0,"player_choice":"Removed Skill","damage_taken":0,"max_hp_gain":0,"max_hp_loss":0,"event_name":"Falling","floor":39,"gold_loss":0},{"damage_healed":0,"gold_gain":0,"player_choice":"Ignored","damage_taken":0,"max_hp_gain":0,"max_hp_loss":0,"event_name":"Tomb of Lord Red Mask","floor":45,"gold_loss":0}],"is_beta":false,"boss_relics":[{"not_picked":["Snecko Eye","Busted Crown","Fusion Hammer"]},{"not_picked":["WristBlade","Runic Dome","HoveringKite"]}],"items_purged_floors":[4,22,29,36],"is_endless":false,"potions_floor_spawned":[2,5,13,18,28,38,46],"ascension_level":0}}