{"host":"1cd1aqaox6jesai3","time":1609693341,"event":{"mods":["Act Like it!","Arknights The Spire","Astrologer","Bartender","BaseMod","Colored Powertips","Downfall","Hallownest","Mimic Mod","Minty Spire (QoL Compilation)","StSLib","The Bug Knight","The Construct","The Factory"],"gold_per_floor":[111,111,134,149,162,162,187,187,187,11,39,39],"floor_reached":11,"playtime":454,"items_purged":[],"score":81,"play_id":"3be8963d-81e0-47e7-91c8-91b81c1338cc","local_time":"20210103120221","is_ascension_mode":false,"campfire_choices":[{"data":"ats:Emotion Absorption","floor":6.0,"key":"SMITH"},{"data":"ats:Ignite","floor":8.0,"key":"SMITH"}],"circlet_count":0,"master_deck":["ats:Strike C","ats:Strike G","ats:Strike S","ats:Strike V","ats:Armor Crushing Shot","ats:Defend","ats:Defend","ats:Defend","ats:Defend","ats:Emotion Absorption+1","ats:Revitalization","ats:Ignite+1","ats:Closed Bolt Burst Fire","ats:Poison Spread","ats:Demon Strength","ats:Ignite","ats:Cat Scratch"],"relics":["ats:Sanity","NeowsBlessing","Bag of Marbles","ats:Originium","Bag of Preparation","StoneCalendar","InkBottle"],"acts_visited":["Exordium"],"potions_floor_usage":[],"damage_taken":[{"damage":0.0,"enemies":"Small Slimes","floor":1.0,"turns":1.0},{"damage":0.0,"enemies":"Jaw Worm","floor":4.0,"turns":1.0},{"damage":0.0,"enemies":"Cultist","floor":5.0,"turns":1.0},{"damage":22.0,"enemies":"Gremlin Nob","floor":7.0,"turns":4.0},{"damage":25.0,"enemies":"3 Sentries","floor":11.0,"turns":6.0}],"seed_played":"7264953575525171527","potions_obtained":[{"floor":4.0,"key":"Weak Potion"},{"floor":11,"key":"Dexterity Potion"}],"is_trial":false,"path_per_floor":["M","?","T","M","M","R","E","R","T","$","E"],"character_chosen":"DOCTOR_CLASS","items_purchased":["ats:Demon Strength","ats:Ignite","ats:Cat Scratch"],"campfire_rested":0,"item_purchase_floors":[10,10,10],"current_hp_per_floor":[72,72,72,72,72,72,50,50,50,50,25,25],"gold":39,"neow_bonus":"THREE_ENEMY_KILL","is_daily":false,"chose_seed":false,"campfire_upgraded":2,"win_rate":0.0,"timestamp":1609693341,"path_taken":["M","?","?","M","?","R","E","R","T","?","E"],"items_purchased_type":["Card","Card","Card"],"build_version":"2020-12-22","purchased_purges":0,"victory":false,"max_hp_per_floor":[72,72,72,72,72,72,72,72,72,72,72,72],"card_choices":[{"not_picked":["ats:Curse Doll","ats:Spore Proliferation"],"picked":"ats:Revitalization","floor":1.0},{"not_picked":["ats:Shell Defense","ats:Explosion Area Strengthen"],"picked":"ats:Ignite","floor":4.0},{"not_picked":["ats:Powerful Strike","ats:Automatic Cover"],"picked":"ats:Closed Bolt Burst Fire","floor":5.0},{"not_picked":["ats:Consecutive Shot Auto","ats:Leaping Hammer"],"picked":"ats:Poison Spread","floor":7.0}],"player_experience":151729,"relics_obtained":[{"floor":3.0,"key":"Bag of Marbles"},{"floor":7.0,"key":"ats:Originium"},{"floor":7.0,"key":"Bag of Preparation"},{"floor":9.0,"key":"StoneCalendar"},{"floor":11,"key":"ats:Originium"},{"floor":11,"key":"InkBottle"}],"event_choices":[{"damage_healed":0.0,"max_hp_gain":0.0,"max_hp_loss":0.0,"gold_gain":0.0,"event_name":"Golden Wing","player_choice":"Ignored","floor":2.0,"gold_loss":0.0,"damage_taken":0.0}],"is_beta":false,"boss_relics":[],"items_purged_floors":[],"is_endless":false,"potions_floor_spawned":[4,11],"killed_by":"3 Sentries","ascension_level":0}}