{"host":"f5uumzf5hfexzk8l","time":1609638319,"event":{"mods":["AchievementEnabler","BaseMod","Colored Map","Googly Eyes","Highlight Path","Minty Spire (QoL Compilation)","Permanent Neow","StSLib","SuperFastMode","Unceasing Turn Reminder","everything is the same but u backflip on backflip"],"gold_per_floor":[115,125,125,136,155,155,205,205,205,205,53,53,53,78,78,182,182,202,117,147,166,179,205,205,54,102,427,427,446,481,187,187,282,282,299,299,11,11,11,11,11,46,46,46,46,268,268,298,298,298],"floor_reached":51,"playtime":973,"items_purged":[],"score":1549,"play_id":"ec075fdf-134f-42e4-ad8b-55bd990ece26","local_time":"20210102174519","is_ascension_mode":true,"campfire_choices":[{"floor":6,"key":"REST"},{"floor":10,"key":"RECALL"},{"floor":15,"key":"REST"},{"data":"DeusExMachina","floor":24,"key":"SMITH"},{"floor":32,"key":"REST"},{"floor":41,"key":"REST"},{"floor":44,"key":"REST"},{"floor":49,"key":"REST"}],"circlet_count":0,"master_deck":["FlurryOfBlows+1","FlurryOfBlows+1","FlurryOfBlows+1","Vigilance+1","Eruption+1","EmptyBody+1","Crescendo+1","Crescendo+1","ClearTheMind+1","ClearTheMind+1","Consecrate+1","DeusExMachina+1","EmptyMind+1","EmptyMind+1"],"relics":["PureWater","Regal Pillow","Blue Candle","ClockworkSouvenir","Oddly Smooth Stone","Akabeko","SlaversCollar","Molten Egg 2","Red Mask","Unceasing Top","Boot","Sling","Omamori","Old Coin","Bottled Flame","Happy Flower","PrismaticShard","Runic Dome","Ginger","MealTicket","Mummified Hand","TungstenRod"],"acts_visited":["Exordium","TheCity","TheBeyond"],"potions_floor_usage":[],"damage_taken":[{"damage":0,"enemies":"Cultist","floor":1,"turns":2},{"damage":2,"enemies":"Jaw Worm","floor":2,"turns":2},{"damage":0,"enemies":"Small Slimes","floor":4,"turns":1},{"damage":0,"enemies":"Looter","floor":5,"turns":1},{"damage":0,"enemies":"3 Sentries","floor":12,"turns":2},{"damage":0,"enemies":"Blue Slaver","floor":13,"turns":1},{"damage":0,"enemies":"Lagavulin","floor":14,"turns":1},{"damage":42,"enemies":"The Guardian","floor":16,"turns":2},{"damage":0,"enemies":"Spheric Guardian","floor":18,"turns":1},{"damage":0,"enemies":"Masked Bandits","floor":20,"turns":2},{"damage":0,"enemies":"Chosen","floor":21,"turns":1},{"damage":0,"enemies":"Snake Plant","floor":22,"turns":2},{"damage":0,"enemies":"Book of Stabbing","floor":23,"turns":1},{"damage":0,"enemies":"Slavers","floor":27,"turns":1},{"damage":0,"enemies":"3 Cultists","floor":29,"turns":1},{"damage":0,"enemies":"Gremlin Leader","floor":30,"turns":1},{"damage":0,"enemies":"Collector","floor":33,"turns":2},{"damage":0,"enemies":"3 Darklings","floor":35,"turns":1},{"damage":0,"enemies":"Orb Walker","floor":36,"turns":1},{"damage":0,"enemies":"3 Darklings","floor":38,"turns":1},{"damage":0,"enemies":"Spire Growth","floor":39,"turns":1},{"damage":0,"enemies":"Giant Head","floor":40,"turns":1},{"damage":0,"enemies":"Nemesis","floor":42,"turns":1},{"damage":0,"enemies":"Writhing Mass","floor":47,"turns":1},{"damage":0,"enemies":"Reptomancer","floor":48,"turns":1},{"damage":23,"enemies":"Donu and Deca","floor":50,"turns":5}],"seed_played":"-6029569834836819493","potions_obtained":[{"floor":4,"key":"LiquidMemories"},{"floor":5,"key":"PowerPotion"},{"floor":21,"key":"SmokeBomb"}],"is_trial":false,"path_per_floor":["M","M","?","M","M","R","T","?","T","R","$","E","M","E","R","B",null,"M","?","?","M","M","E","R","$","T","E","?","M","E","$","R","B",null,"M","M","$","M","M","E","R","E","T","R","?","?","M","E","R","B",null],"character_chosen":"WATCHER","items_purchased":["ClockworkSouvenir","Sling","Happy Flower","PrismaticShard","Ginger"],"campfire_rested":6,"item_purchase_floors":[11,25,31,31,37],"current_hp_per_floor":[65,63,63,63,63,72,72,72,72,72,72,72,72,72,72,30,62,62,62,62,62,62,72,72,72,72,72,56,56,56,56,72,72,72,72,72,72,72,72,72,72,72,72,72,68,68,68,68,68,45],"gold":298,"neow_bonus":"ONE_RANDOM_RARE_CARD","is_daily":false,"chose_seed":false,"campfire_upgraded":1,"win_rate":0.0,"timestamp":1609638319,"path_taken":["M","M","?","M","M","R","?","?","T","R","$","E","?","E","R","BOSS","M","?","?","M","M","E","R","$","T","E","?","M","E","$","R","BOSS","M","M","$","M","M","E","R","E","T","R","?","?","M","E","R","BOSS"],"items_purchased_type":["Relic","Relic","Relic","Relic","Relic"],"build_version":"2020-12-22","purchased_purges":0,"victory":true,"max_hp_per_floor":[72,72,72,72,72,72,72,72,72,72,72,72,72,72,72,72,72,72,72,72,72,72,72,72,72,72,72,72,72,72,72,72,72,72,72,72,72,72,72,72,72,72,72,72,68,68,68,68,68,68],"card_choices":[{"not_picked":["ThirdEye","ClearTheMind","EmptyBody"],"picked":"SKIP","floor":1},{"not_picked":["Halt","BowlingBash"],"picked":"Consecrate","floor":2},{"not_picked":["ThirdEye","Brilliance","PathToVictory"],"picked":"SKIP","floor":4},{"not_picked":["Evaluate","JustLucky","EmptyBody"],"picked":"SKIP","floor":5},{"not_picked":["CutThroughFate","Fasting2","Evaluate"],"picked":"SKIP","floor":12},{"not_picked":["PathToVictory","ThirdEye","Nirvana"],"picked":"SKIP","floor":13},{"not_picked":["ClearTheMind","CarveReality","EmptyFist"],"picked":"SKIP","floor":14},{"not_picked":["Alpha","Establishment"],"picked":"DeusExMachina","floor":16},{"not_picked":["Meditate","Tantrum","EmptyBody+1"],"picked":"SKIP","floor":18},{"not_picked":["Indignation","CarveReality+1","Evaluate+1"],"picked":"SKIP","floor":21},{"not_picked":["ForeignInfluence","JustLucky+1","Wallop+1"],"picked":"SKIP","floor":22},{"not_picked":["Prostrate","BowlingBash+1","Protect+1"],"picked":"SKIP","floor":23},{"not_picked":["Vengeance","WindmillStrike+1","SpiritShield"],"picked":"SKIP","floor":27},{"not_picked":["JustLucky+1","Halt","SashWhip+1"],"picked":"SKIP","floor":29},{"not_picked":["Tantrum+1","SashWhip+1","Vault"],"picked":"SKIP","floor":30},{"not_picked":["Gash+1","Headbutt+1","Perfected Strike+1"],"picked":"SKIP","floor":35},{"not_picked":["Warcry+1","FlurryOfBlows+1","Dagger Spray+1"],"picked":"SKIP","floor":36},{"not_picked":["Whirlwind+1","Dagger Throw+1","Heel Hook+1"],"picked":"SKIP","floor":38},{"not_picked":["Clothesline+1","Disarm","Ball Lightning+1"],"picked":"SKIP","floor":39},{"not_picked":["Corruption","Conclude+1","FearNoEvil+1"],"picked":"SKIP","floor":40},{"not_picked":["Masterful Stab+1","Quick Slash+1","Conserve Battery"],"picked":"SKIP","floor":42},{"not_picked":["Leap","Pommel Strike+1","Steam Power+1"],"picked":"SKIP","floor":47},{"not_picked":["Go for the Eyes+1","Feel No Pain+1","All Out Attack+1"],"picked":"SKIP","floor":48}],"player_experience":357486,"relics_obtained":[{"floor":7,"key":"Regal Pillow"},{"floor":9,"key":"Blue Candle"},{"floor":12,"key":"Oddly Smooth Stone"},{"floor":14,"key":"Akabeko"},{"floor":20,"key":"Red Mask"},{"floor":23,"key":"Boot"},{"floor":26,"key":"Omamori"},{"floor":27,"key":"Old Coin"},{"floor":30,"key":"Bottled Flame"},{"floor":42,"key":"MealTicket"},{"floor":43,"key":"Mummified Hand"},{"floor":48,"key":"TungstenRod"}],"event_choices":[{"damage_healed":0,"gold_gain":0,"player_choice":"Grow","damage_taken":0,"max_hp_gain":0,"max_hp_loss":0,"event_name":"Living Wall","floor":3,"gold_loss":0,"cards_upgraded":["Consecrate"]},{"damage_healed":0,"gold_gain":0,"player_choice":"Bought 0 Potions","damage_taken":0,"max_hp_gain":0,"max_hp_loss":0,"event_name":"The Woman in Blue","floor":8,"gold_loss":0},{"damage_healed":0,"gold_gain":0,"player_choice":"Obtained Relic","damage_taken":0,"relics_obtained":["Molten Egg 2"],"max_hp_gain":0,"max_hp_loss":0,"event_name":"Addict","floor":19,"gold_loss":85},{"damage_healed":0,"gold_gain":0,"player_choice":"Fought Bandits","damage_taken":0,"max_hp_gain":0,"max_hp_loss":0,"event_name":"Masked Bandits","floor":20,"gold_loss":0},{"damage_healed":0,"gold_gain":0,"player_choice":"Obtained Book","damage_taken":16,"max_hp_gain":0,"max_hp_loss":0,"event_name":"Cursed Tome","floor":28,"gold_loss":0},{"damage_healed":0,"gold_gain":0,"player_choice":"Max HP","damage_taken":0,"max_hp_gain":0,"max_hp_loss":4,"event_name":"Winding Halls","floor":45,"gold_loss":0},{"damage_healed":0,"gold_gain":222,"player_choice":"Wore Mask","damage_taken":0,"max_hp_gain":0,"max_hp_loss":0,"event_name":"Tomb of Lord Red Mask","floor":46,"gold_loss":0}],"is_beta":false,"boss_relics":[{"not_picked":["Philosopher\u0027s Stone","Cursed Key"],"picked":"SlaversCollar"},{"not_picked":["Calling Bell","Busted Crown"],"picked":"Runic Dome"}],"items_purged_floors":[],"is_endless":false,"potions_floor_spawned":[4,5,21,22,23,29,30,38,40,47,48],"ascension_level":8}}