{"host":"hfxp6ue4pvwo3fit","time":1609661494,"event":{"mods":["AchievementEnabler","BaseMod","Colored Map","Colored Powertips","Highlight Path","Minty Spire (QoL Compilation)","Relic Stats","StSLib","SuperFastMode"],"gold_per_floor":[109,121,6,22,75,75,106,106,106,116,128,128,128,138,138,138,138],"floor_reached":16,"playtime":348,"items_purged":["Pain"],"score":204,"play_id":"f41cb943-f9f7-4ad9-970d-980b727706d3","local_time":"20210103021134","is_ascension_mode":true,"campfire_choices":[{"data":"Defragment","floor":6,"key":"SMITH"},{"data":"Beam Cell","floor":8,"key":"SMITH"},{"floor":13,"key":"REST"},{"data":"FTL","floor":15,"key":"SMITH"}],"circlet_count":0,"master_deck":["AscendersBane","Strike_B","Strike_B","Strike_B","Strike_B","Defend_B","Defend_B","Defend_B","Defend_B","Zap","Dualcast","Electrodynamics","Ball Lightning","Defragment+1","Sunder","Beam Cell+1","Gash","Steam","Gash","FTL+1"],"relics":["Cracked Core","StrikeDummy","Blood Vial","SsserpentHead"],"acts_visited":["Exordium"],"potions_floor_usage":[7,11,14,16],"damage_taken":[{"damage":12,"enemies":"Small Slimes","floor":1,"turns":3},{"damage":9,"enemies":"Jaw Worm","floor":2,"turns":4},{"damage":6,"enemies":"Cultist","floor":4,"turns":3},{"damage":15,"enemies":"Lagavulin","floor":7,"turns":5},{"damage":0,"enemies":"2 Fungi Beasts","floor":10,"turns":2},{"damage":21,"enemies":"Exordium Thugs","floor":11,"turns":3},{"damage":15,"enemies":"Exordium Wildlife","floor":14,"turns":3},{"damage":15,"enemies":"The Guardian","floor":16,"turns":5}],"seed_played":"6519567823289010433","potions_obtained":[{"floor":1,"key":"Explosive Potion"},{"floor":2,"key":"Energy Potion"},{"floor":11,"key":"SneckoOil"},{"floor":14,"key":"BlessingOfTheForge"}],"is_trial":false,"path_per_floor":["M","M","$","M","?","R","E","R","T","M","M","?","R","M","R","B"],"character_chosen":"DEFECT","items_purchased":["Sunder"],"campfire_rested":1,"item_purchase_floors":[3],"current_hp_per_floor":[52,43,43,37,37,37,22,22,22,24,5,5,26,13,13,0,0],"gold":138,"neow_bonus":"THREE_RARE_CARDS","is_daily":false,"chose_seed":false,"campfire_upgraded":3,"win_rate":0.0,"timestamp":1609661494,"path_taken":["M","M","$","M","?","R","E","R","T","M","M","?","R","M","R","BOSS"],"items_purchased_type":["Card"],"build_version":"2020-12-22","purchased_purges":1,"victory":false,"max_hp_per_floor":[71,71,71,71,71,71,71,71,71,71,71,71,71,71,71,71,71],"relic_stats":{"Blood Vial":8,"SsserpentHead":0,"counters":[8,28],"obtain_stats":[{"Blood Vial":9,"SsserpentHead":12,"Cracked Core":0,"StrikeDummy":7},{"Blood Vial":4,"SsserpentHead":6,"Cracked Core":0,"StrikeDummy":4},{"Blood Vial":15,"SsserpentHead":20,"Cracked Core":0,"StrikeDummy":15}]},"card_choices":[{"not_picked":["Machine Learning","Amplify"],"picked":"Electrodynamics","floor":0},{"not_picked":["Go for the Eyes","Melter"],"picked":"Ball Lightning","floor":1},{"not_picked":["Reprogram","Stack"],"picked":"Defragment","floor":2},{"not_picked":["Go for the Eyes","Rip and Tear"],"picked":"Beam Cell","floor":4},{"not_picked":["Blizzard","Go for the Eyes"],"picked":"Gash","floor":7},{"not_picked":["Redo","Beam Cell"],"picked":"Steam","floor":10},{"not_picked":["Barrage","Redo"],"picked":"Gash","floor":11},{"not_picked":["Rainbow","Coolheaded"],"picked":"FTL","floor":14}],"player_experience":468712,"relics_obtained":[{"floor":7,"key":"StrikeDummy"},{"floor":9,"key":"Blood Vial"}],"event_choices":[{"damage_healed":0,"gold_gain":53,"player_choice":"Gained Gold","damage_taken":0,"max_hp_gain":0,"max_hp_loss":0,"event_name":"Golden Wing","floor":5,"gold_loss":0},{"damage_healed":0,"gold_gain":0,"player_choice":"Trade","damage_taken":0,"relics_obtained":["SsserpentHead"],"max_hp_gain":0,"max_hp_loss":0,"event_name":"FaceTrader","floor":12,"gold_loss":0}],"is_beta":false,"boss_relics":[],"items_purged_floors":[3],"is_endless":false,"potions_floor_spawned":[1,2,11,14],"killed_by":"The Guardian","ascension_level":20}}