{"host":"ixqzyafodex1tsi5","time":1609652340,"event":{"mods":["ATMod(°¢èªMod)","AchievementEnabler","Act Like it!","BaseMod","Gensokyo","GifTheSpireLib","Lobotomy","LobotomyExtend","Luminous","Minty Spire (QoL Compilation)","Relic Stats","Replay The Spire","RumiaBox-Â¶Ã×æ«µÄÉñÃØºÐ×Ó","Shop Mod","Spicy Shops","StSLib","The Cursed","[IsaacMod]ÒÔÈö¼âËþ","¡¾¹¦ÄÜMod¡¿»ìãçÖ®»·ÐÞ¸´²¹¶¡","¡¾ÒÅÎï¿¨ÅÆ¡¿REMEMod"],"gold_per_floor":[116,116,116,134,63,91,91,115,140,65,96,113,138,160,172,288,300,312,341,353,365,365],"floor_reached":21,"playtime":1028,"items_purged":["Luminous:Dark_Abyssal_Drop"],"score":220,"play_id":"a3d5f2d6-36bb-48ec-afa3-39f0af8601a5","local_time":"20210103133900","is_ascension_mode":false,"campfire_choices":[{"floor":15,"key":"DIG"}],"circlet_count":0,"master_deck":["Luminous:Light_Flash_Shower","Luminous:Light_Flash_Shower","Luminous:Light_Flash_Shower","Luminous:Dark_Abyssal_Drop","Luminous:Defend_Luminous","Luminous:Defend_Luminous","Luminous:Defend_Luminous","HereticApostle","Dazed","Dazed","Gensokyo:LifeSpringInfinity+1","Luminous:Balance_Death_Scythe+1","CrumblingArmor","Luminous:Balance_Ender+1","QueenOfHatred","Luminous:Light_Sylvan_Lance+1","Luminous:Phantom_Treasure_Luminous+1","QueenBee","Dazed","Luminous:Lania_Blessing_Luminous+1","Woodsman","Luminous:Freud_Wisdom1_Luminous+1"],"relics":["Luminous:MirrorRelic","REME_ComplimentaryCards","HushsDoor","AT_ATBox","PillsDrop","CogitoBucket","LetterFromLob","Du-Vu Doll","Divine Protection","Odd Mushroom","Potion Belt","D6","AspirationHeart","MawBank","AT_SunfireAegis","SolemnVow_r","Philosopher\u0027s Stone","Nilry\u0027s Codex"],"acts_visited":["Exordium","TheCity"],"potions_floor_usage":[21],"damage_taken":[{"damage":21,"enemies":"Jaw Worm","floor":1,"turns":3},{"damage":0,"enemies":"2 Louse","floor":4,"turns":2},{"damage":30,"enemies":"Lagavulin","floor":6,"turns":4},{"damage":0,"enemies":"The Mushroom Lair","floor":8,"turns":2},{"damage":8,"enemies":"Gremlin Nob","floor":11,"turns":3},{"damage":7,"enemies":"Cultist","floor":12,"turns":2},{"damage":0,"enemies":"Lagavulin","floor":13,"turns":4},{"damage":0,"enemies":"2 Fungi Beasts","floor":14,"turns":1},{"damage":27,"enemies":"The Guardian","floor":16,"turns":6},{"damage":0,"enemies":"Spheric Guardian","floor":19,"turns":2},{"damage":102,"enemies":"Chosen","floor":21,"turns":5}],"seed_played":"1506964880567159303","potions_obtained":[{"floor":12,"key":"Ancient Potion"},{"floor":14,"key":"SkillPotion"},{"floor":16,"key":"Elixir"}],"is_trial":false,"path_per_floor":["M","?","?","M","$","E","?","?","T","$","E","M","E","M","R","B",null,"M","M","?","M"],"character_chosen":"LuminousClass","items_purchased":["Du-Vu Doll"],"campfire_rested":0,"item_purchase_floors":[5],"current_hp_per_floor":[57,57,57,57,57,27,20,26,26,26,24,33,39,40,40,60,60,60,73,57,0,0],"gold":365,"neow_bonus":"","is_daily":false,"chose_seed":false,"campfire_upgraded":0,"win_rate":0.0,"timestamp":1609652340,"path_taken":["M","?","?","M","$","E","?","?","T","$","E","M","E","M","R","BOSS","M","M","?","M"],"items_purchased_type":["Relic"],"build_version":"2020-12-22","purchased_purges":1,"victory":false,"max_hp_per_floor":[78,78,78,73,73,68,68,68,68,68,68,78,78,78,78,73,73,73,73,73,73,73],"relic_stats":{"counters":[14,38],"MawBank":96,"obtain_stats":[{"KeepersGift":0,"Potion Belt":9,"Divine Protection":6,"AT_ATBox":0,"SolemnVow_r":16,"Nilry\u0027s Codex":20,"AspirationHeart":12,"Luminous:MirrorRelic":0,"Odd Mushroom":8,"MawBank":13,"Du-Vu Doll":5,"CogitoBucket":0,"D6":11,"PillsDrop":0,"Philosopher\u0027s Stone":17,"LetterFromLob":1,"AT_SunfireAegis":15,"HushsDoor":0,"REME_ComplimentaryCards":0},{"KeepersGift":0,"Potion Belt":4,"Divine Protection":3,"AT_ATBox":0,"SolemnVow_r":10,"Nilry\u0027s Codex":11,"AspirationHeart":7,"Luminous:MirrorRelic":0,"Odd Mushroom":4,"MawBank":8,"Du-Vu Doll":2,"CogitoBucket":0,"D6":5,"PillsDrop":0,"Philosopher\u0027s Stone":10,"LetterFromLob":1,"AT_SunfireAegis":9,"HushsDoor":0,"REME_ComplimentaryCards":0},{"KeepersGift":0,"Potion Belt":11,"Divine Protection":9,"AT_ATBox":0,"SolemnVow_r":24,"Nilry\u0027s Codex":30,"AspirationHeart":17,"Luminous:MirrorRelic":0,"Odd Mushroom":11,"MawBank":21,"Du-Vu Doll":5,"CogitoBucket":0,"D6":14,"PillsDrop":0,"Philosopher\u0027s Stone":28,"LetterFromLob":3,"AT_SunfireAegis":22,"HushsDoor":0,"REME_ComplimentaryCards":0}]},"card_choices":[{"not_picked":[],"picked":"DoctorFetus","floor":0},{"not_picked":["PunishingBird","OSAHOGD","VoidDream"],"picked":"Singing Bowl","floor":1},{"not_picked":["Luminous:Date_of_Light_Luminous","Luminous:Dark_Raid"],"picked":"Luminous:Balance_Death_Scythe","floor":1},{"not_picked":["MeatLantern","HeroicMonk","LittleHelper"],"picked":"Singing Bowl","floor":4},{"not_picked":["OSAHOGD","MeatLantern"],"picked":"CrumblingArmor","floor":4},{"not_picked":["Luminous:Dark_Morning_Star","Luminous:Dusk_Guard_Luminous"],"picked":"Luminous:Balance_Ender","floor":4},{"not_picked":["SnowQueen","Scorched","BeautyBeast"],"picked":"Singing Bowl","floor":6},{"not_picked":["SpiderBud","FairyFestival"],"picked":"QueenOfHatred","floor":6},{"not_picked":["Luminous:Darkness_Mastery_Luminous","Luminous:Magic_Boost_Luminous","Luminous:Light_Disperse"],"picked":"SKIP","floor":6},{"not_picked":["Alriune","ShyLook","MeatLantern"],"picked":"Singing Bowl","floor":8},{"not_picked":["Luminous:Blinding_Pillar_Luminous","Luminous:Accumulation_Luminous"],"picked":"Luminous:Light_Sylvan_Lance","floor":8},{"not_picked":["Murderer","MeatLantern","MHz"],"picked":"Singing Bowl","floor":11},{"not_picked":["Luminous:Magic_Accelerate_Luminous","Luminous:Light_Glare"],"picked":"Luminous:Phantom_Treasure_Luminous","floor":11},{"not_picked":["ShyLook","PunishingBird"],"picked":"QueenBee","floor":12},{"not_picked":["Luminous:Accumulation_Luminous","Luminous:Blinding_Pillar_Luminous"],"picked":"Luminous:Sympathy_Luminous","floor":12},{"not_picked":["LittlePrince","SingingMachine","SpiderBud"],"picked":"Singing Bowl","floor":13},{"not_picked":["Laetitia","Yin"],"picked":"Funeral","floor":13},{"not_picked":["Luminous:Light_Ray_of_Redemption","Luminous:Reverse_Spell_Luminous"],"picked":"Luminous:Lania_Blessing_Luminous","floor":13},{"not_picked":["MHz","PunishingBird","WhitesApple"],"picked":"Singing Bowl","floor":14},{"not_picked":["ShyLook","FairyFestival"],"picked":"WhiteNight","floor":14},{"not_picked":["Luminous:Accumulation_Luminous","Luminous:Light_Disperse","Luminous:Shadow_Shell_Luminous"],"picked":"SKIP","floor":14},{"not_picked":["Wellcheers","OldLady","Bloodbath"],"picked":"Singing Bowl","floor":16},{"not_picked":["Variant","PunishingBird"],"picked":"Woodsman","floor":16},{"not_picked":["Luminous:Balance_Baptism","Luminous:Dark_Crescendo_Luminous"],"picked":"Luminous:Freud_Wisdom1_Luminous","floor":16},{"not_picked":["BlackSwan","Bloodbath","FairyFestival"],"picked":"Singing Bowl","floor":19},{"not_picked":["Luminous:Light_Wash_Luminous+1","Luminous:Light_Glare","Luminous:Shadow_Shell_Luminous"],"picked":"SKIP","floor":19}],"player_experience":201233,"relics_obtained":[{"floor":1,"key":"LetterFromLob"},{"floor":6,"key":"Divine Protection"},{"floor":8,"key":"Odd Mushroom"},{"floor":9,"key":"Potion Belt"},{"floor":11,"key":"D6"},{"floor":13,"key":"MawBank"},{"floor":15,"key":"AT_SunfireAegis"},{"floor":20,"key":"Nilry\u0027s Codex"}],"event_choices":[{"cards_removed":["Luminous:Defend_Luminous"],"damage_healed":0,"gold_gain":0,"player_choice":"Card Removal","damage_taken":7,"max_hp_gain":0,"max_hp_loss":0,"event_name":"Golden Wing","floor":7,"gold_loss":0},{"damage_healed":0,"gold_gain":0,"player_choice":"Fought Mushrooms","damage_taken":0,"max_hp_gain":0,"max_hp_loss":0,"event_name":"Mushrooms","floor":8,"gold_loss":0},{"damage_healed":0,"gold_gain":0,"player_choice":"Obtained Book","damage_taken":16,"max_hp_gain":0,"max_hp_loss":0,"event_name":"Cursed Tome","floor":20,"gold_loss":0}],"is_beta":false,"boss_relics":[{"not_picked":["REME_LowDesire","Runic Dome"],"picked":"Philosopher\u0027s Stone"},{"not_picked":[]}],"items_purged_floors":[10],"is_endless":false,"potions_floor_spawned":[12,14,16],"killed_by":"Chosen","ascension_level":0}}