{"host":"ecuvtzmejf7hhjpv","time":1609650673,"event":{"mods":["AchievementEnabler","Act Like it!","Aspiration","BaseMod","Better Altar","Better Match","Better Note","Better Sensory Stone","Better Skull","Better Third Choice","BetterRewards","Conspire","Custom Start","Gensokyo","GifTheSpireLib","Hallownest","Hermit","Hubris","Kratos Character Expansion","Marisa????????","Minty Spire (QoL Compilation)","Prisma Mod","Replay The Spire","Spicy Shops","StSLib","The Animator","The Blackbeard","The Bug Knight","The Forsaken","The Hierophant","The Jungle","The Necromancer","The Poker Player","The Wild Card"],"gold_per_floor":[114,13,25,35,35,64,64,94,94,94,94,128,128,145,145,245,245,256,266,17,30,43,71,85,112,181,218,218,218,218,248,248,248,248],"floor_reached":33,"playtime":1921,"items_purged":[],"score":491,"play_id":"c2c53078-451b-47be-9b34-0add6ee649e7","local_time":"20210102231113","is_ascension_mode":true,"campfire_choices":[{"data":"PrismaMod:IllyaSaphire","floor":10,"key":"SMITH"},{"data":"PrismaMod:IllyaUncommonDefend","floor":13,"key":"SMITH"},{"floor":29,"key":"REST"},{"data":"PrismaMod:IllyaCarnivalOrbs","floor":32,"key":"SMITH"}],"circlet_count":0,"master_deck":["PrismaMod:IllyaCommonAttack","PrismaMod:IllyaCommonDefend","PrismaMod:IllyaCommonAttack","PrismaMod:IllyaCommonDefend","PrismaMod:IllyaCommonAttack","PrismaMod:IllyaCommonDefend","PrismaMod:IllyaCommonAttack","PrismaMod:IllyaCommonDefend","PrismaMod:IllyaCommonAttack","PrismaMod:IllyaCommonDefend","PrismaMod:IllyaUncommonAttack","PrismaMod:IllyaUncommonDefend","PrismaMod:IllyaRubysPotion","PrismaMod:IllyaFriendMaker","PrismaMod:IllyaBlindPoisonToss","PrismaMod:IllyaAOECommonAttack","PrismaMod:IllyaPoisonTippedWeapons","PrismaMod:IllyaPoisonTippedWeapons","PrismaMod:IllyaUncommonDefend+1","PrismaMod:IllyaUberPoisonBlock","PrismaMod:IllyaSaphire+1","PrismaMod:IllyaBlindPoisonToss","PrismaMod:IllyaDetonatingBlow+1","PrismaMod:IllyaPartialInstallAssassin","PrismaMod:IllyaCarnivalOrbs+1","PrismaMod:IllyaCheapChannelDefend","PrismaMod:IllyaInstallAlterEgo","PrismaMod:IllyaBride+1","Doubt","PrismaMod:IllyaFeed","PrismaMod:IllyaAOECommonAttack","PrismaMod:IllyaPartialInstallAssassin+1","PrismaMod:IllyaInstallAssassin"],"relics":["PrismaMod:PrismaRuby","Orrery","Tiny Chest","Kunai","aspiration:Lifesprig","aspiration:HiddenCompartment","aspiration:PoetsPen_weak","ClockworkSouvenir","hubris:BottledRain","CeramicFish","hubris:Metronome","Replay:Rubber Ducky","hubris:TinFlute","StoneCalendar","TungstenRod"],"acts_visited":["Exordium","TheCity"],"potions_floor_usage":[12,12,16,19,21,25,25,27,31],"damage_taken":[{"damage":0,"enemies":"2 Louse","floor":1,"turns":3},{"damage":0,"enemies":"conspire:RoseBush","floor":3,"turns":4},{"damage":2,"enemies":"Small Slimes","floor":4,"turns":5},{"damage":4,"enemies":"Replay:BlueRogue","floor":6,"turns":7},{"damage":0,"enemies":"HollowMod:MossKnight","floor":8,"turns":8},{"damage":13,"enemies":"3 Sentries","floor":12,"turns":7},{"damage":0,"enemies":"Red Slaver","floor":14,"turns":4},{"damage":91,"enemies":"Fading Forest","floor":16,"turns":11},{"damage":24,"enemies":"Spheric Guardian","floor":18,"turns":5},{"damage":21,"enemies":"3 Byrds","floor":19,"turns":4},{"damage":0,"enemies":"Centurion and Healer","floor":21,"turns":6},{"damage":1,"enemies":"Snecko","floor":22,"turns":4},{"damage":5,"enemies":"HollowMod:Nosk","floor":23,"turns":8},{"damage":40,"enemies":"3 Cultists","floor":24,"turns":6},{"damage":20,"enemies":"Slavers","floor":25,"turns":7},{"damage":16,"enemies":"Book of Stabbing","floor":27,"turns":5},{"damage":6,"enemies":"Replay:Snechameleon","floor":31,"turns":6},{"damage":30,"enemies":"Pondfish","floor":33,"turns":9}],"seed_played":"-1759406417549720464","potions_obtained":[{"floor":3,"key":"Toxic Potion"},{"floor":12,"key":"conspire:TimeTravelPotion"},{"floor":14,"key":"Block Potion"},{"floor":16,"key":"Toxic Potion"},{"floor":19,"key":"Regen Potion"},{"floor":25,"key":"Venom Potion"},{"floor":27,"key":"SneckoOil"}],"is_trial":false,"path_per_floor":["M","$","M","M","?","E","?","E","T","R","?","E","R","M","R","B",null,"M","M","$","M","M","E","M","E","T","E","?","R","T","E","R","B"],"character_chosen":"ILLYA","items_purchased":["PrismaMod:IllyaRubysPotion","PrismaMod:IllyaFriendMaker","Orrery","PrismaMod:IllyaPoisonTippedWeapons","Elixir","PrismaMod:IllyaUncommonDefend","SteroidPotion","PrismaMod:IllyaInstallAlterEgo","PrismaMod:IllyaBride+1","ClockworkSouvenir"],"campfire_rested":1,"item_purchase_floors":[0,0,0,0,0,2,2,20,20,20],"current_hp_per_floor":[68,68,68,71,75,75,75,75,75,75,75,62,62,62,75,7,75,51,30,30,50,62,70,30,22,22,17,17,39,39,38,38,13,13],"gold":248,"neow_bonus":"","is_daily":false,"chose_seed":false,"campfire_upgraded":3,"win_rate":0.0,"timestamp":1609650673,"path_taken":["M","$","M","M","?","E","?","E","T","R","?","E","R","M","R","BOSS","M","M","$","M","M","E","M","E","T","E","?","R","?","E","R","BOSS"],"items_purchased_type":["Card","Card","Relic","Card","Potion","Card","Potion","Card","Card","Relic"],"build_version":"2020-12-22","purchased_purges":0,"victory":false,"max_hp_per_floor":[75,75,75,75,75,75,75,75,75,75,75,75,75,75,75,75,75,75,75,75,75,75,75,75,75,75,75,75,75,75,75,75,75,75],"card_choices":[{"not_picked":["PrismaMod:IllyaCommonEvoke","PrismaMod:IllyaCheapChannelPoison"],"picked":"PrismaMod:IllyaBlindPoisonToss","floor":0},{"not_picked":["PrismaMod:IllyaBerserCAR","PrismaMod:IllyaBoysLove"],"picked":"PrismaMod:IllyaAOECommonAttack","floor":0},{"not_picked":["PrismaMod:IllyaUberChannel","PrismaMod:IllyaMaid"],"picked":"PrismaMod:IllyaPoisonTippedWeapons","floor":1},{"not_picked":["PrismaMod:IllyaMaid","PrismaMod:IllyaBlindPoisonToss"],"picked":"PrismaMod:IllyaUberPoisonBlock","floor":3},{"not_picked":["PrismaMod:IllyaInstallForeigner","PrismaMod:IllyaCheapChannelAttack"],"picked":"PrismaMod:IllyaSaphire","floor":4},{"not_picked":["PrismaMod:IllyaUpgradeOrbs","PrismaMod:IllyaCheapChannelAttack"],"picked":"PrismaMod:IllyaBlindPoisonToss","floor":6},{"not_picked":["PrismaMod:IllyaBlindPoisonToss","PrismaMod:IllyaPoisonTippedWeapons"],"picked":"PrismaMod:IllyaDetonatingBlow","floor":8},{"not_picked":["PrismaMod:IllyaMinorRapidFire","PrismaMod:IllyaInstallBerserker","PrismaMod:IllyaRussianRoulette"],"picked":"SKIP","floor":12},{"not_picked":["PrismaMod:IllyaMaid","PrismaMod:IllyaMinorZwei"],"picked":"PrismaMod:IllyaPartialInstallAssassin","floor":14},{"not_picked":["PrismaMod:IllyaCarnivalAttack","PrismaMod:IllyaInstallLancer"],"picked":"PrismaMod:IllyaCarnivalOrbs","floor":16},{"not_picked":["PrismaMod:IllyaCheapChannelAttack","PrismaMod:IllyaAssassinRevenge"],"picked":"PrismaMod:IllyaCheapChannelDefend","floor":18},{"not_picked":["PrismaMod:IllyaBlindPoisonToss","PrismaMod:IllyaDetonatingBlow","PrismaMod:IllyaMinorZwei"],"picked":"SKIP","floor":19},{"not_picked":["PrismaMod:IllyaTestament","PrismaMod:IllyaCheapChannelAttack"],"picked":"PrismaMod:IllyaFeed","floor":21},{"not_picked":["PrismaMod:IllyaCheapChannelDefend","PrismaMod:IllyaHassanGift+1","PrismaMod:IllyaMaid"],"picked":"SKIP","floor":22},{"not_picked":["PrismaMod:IllyaBlindPoisonToss+1","PrismaMod:IllyaMaid"],"picked":"PrismaMod:IllyaAOECommonAttack","floor":23},{"not_picked":["PrismaMod:IllyaEvokeAll+1","PrismaMod:IllyaUpgradeOrbs+1"],"picked":"PrismaMod:IllyaPartialInstallAssassin+1","floor":24},{"not_picked":["PrismaMod:IllyaDualEvoke","PrismaMod:IllyaCheapDefend","PrismaMod:IllyaUncommonAttack"],"picked":"SKIP","floor":25},{"not_picked":["PrismaMod:IllyaInstallShielder","PrismaMod:IllyaCommonEvoke"],"picked":"PrismaMod:IllyaInstallAssassin","floor":27},{"not_picked":["PrismaMod:IllyaDevil","PrismaMod:IllyaUncommonAttack","PrismaMod:IllyaBride"],"picked":"SKIP","floor":31}],"player_experience":919662,"relics_obtained":[{"floor":6,"key":"Tiny Chest"},{"floor":8,"key":"Kunai"},{"floor":9,"key":"aspiration:Lifesprig"},{"floor":12,"key":"aspiration:HiddenCompartment"},{"floor":23,"key":"hubris:BottledRain"},{"floor":25,"key":"CeramicFish"},{"floor":26,"key":"hubris:Metronome"},{"floor":27,"key":"Replay:Rubber Ducky"},{"floor":28,"key":"hubris:TinFlute"},{"floor":30,"key":"StoneCalendar"},{"floor":31,"key":"TungstenRod"}],"event_choices":[{"damage_healed":0,"gold_gain":0,"player_choice":"Upgraded","damage_taken":0,"max_hp_gain":0,"max_hp_loss":0,"event_name":"Upgrade Shrine","floor":11,"gold_loss":0,"cards_upgraded":["PrismaMod:IllyaDetonatingBlow"]},{"damage_healed":13,"gold_gain":0,"player_choice":"Full Heal","damage_taken":0,"max_hp_gain":0,"max_hp_loss":0,"event_name":"Wheel of Change","floor":15,"gold_loss":0},{"damage_healed":0,"gold_gain":0,"player_choice":"Relic","damage_taken":0,"max_hp_gain":0,"max_hp_loss":0,"event_name":"Wheel of Change","floor":28,"gold_loss":0}],"is_beta":false,"boss_relics":[{"not_picked":["ChewingGum","Coffee Dripper"],"picked":"aspiration:PoetsPen_weak"}],"items_purged_floors":[],"is_endless":false,"potions_floor_spawned":[3,12,14,16,19,25,27],"killed_by":"Pondfish","ascension_level":1}}