{"host":"07w92xc562nr1xn4","time":1609700425,"event":{"mods":["BaseMod","Colored Map","Colored Powertips","Minty Spire (QoL Compilation)","Quick Restart","Replay The Spire","StSLib","The Senshi"],"gold_per_floor":[112,131,150,167,167,194,144,144,226,245,21,36,36,67,67,165,165,185,195,32,45,45,45,45,45,45,45,60,88,88,106,106,201,201,220,270,117,131,131,131,150,168,168,185,199,199,229,246,246,246],"floor_reached":51,"playtime":5035,"items_purged":["theSenshi:SailorKick"],"score":511,"play_id":"406724ee-e5fe-4709-be7c-290e99479ced","local_time":"20210103140025","is_ascension_mode":false,"campfire_choices":[{"data":"theSenshi:Overload","floor":8.0,"key":"SMITH"},{"floor":13.0,"key":"REST"},{"data":"theSenshi:InTheNameOfTheMoon","floor":15.0,"key":"SMITH"},{"data":"theSenshi:LateForSchool","floor":23.0,"key":"SMITH"},{"data":"theSenshi:MoonCrystalPowerMakeUp","floor":27.0,"key":"SMITH"},{"data":"theSenshi:RoseThrow","floor":30.0,"key":"SMITH"},{"data":"theSenshi:LateForSchool","floor":32.0,"key":"SMITH"},{"data":"theSenshi:DramaticEntrance","floor":40.0,"key":"SMITH"},{"data":"theSenshi:SchoolBag","floor":46.0,"key":"SMITH"},{"floor":49.0,"key":"DIG"}],"circlet_count":0,"master_deck":["theSenshi:SailorKick+1","theSenshi:SailorKick+1","theSenshi:SailorBlock+1","theSenshi:SailorBlock+1","theSenshi:SailorBlock+1","theSenshi:RoseThrow+1","theSenshi:MoonPrismPowerMakeUp","theSenshi:SupersonicWaves","theSenshi:MoonsReflection","theSenshi:MoonPunch","theSenshi:LateForSchool+1","theSenshi:Overload+1","theSenshi:InTheNameOfTheMoon+1","theSenshi:MoonCrystalPowerMakeUp+1","theSenshi:MoonTiaraMagic","theSenshi:LunasBite","theSenshi:StudyParty","theSenshi:DramaticEntrance+1","theSenshi:SupersonicWaves+1","Bandage Up","theSenshi:MoonPrincessHalation+1","theSenshi:LateForSchool+1","theSenshi:MoonGorgeousMeditation+1","theSenshi:SchoolBag+1","theSenshi:UranusStrength+1","theSenshi:MoonHealingEscalation+1","theSenshi:GlimpseOfThePast","Sickly"],"relics":["theSenshi:TransformationBroochRelic","Ice Cream","Matryoshka","theSenshi:CosmicHeartCompactRelic","Happy Flower","Cursed Key","Blue Candle","Ornamental Fan","Lantern","Black Star","Incense Burner","theSenshi:CutieMoonRodRelic","Molten Egg 2","Omamori","Whetstone","Kunai","theSenshi:RoseRelic"],"acts_visited":["TheCity","TheBeyond"],"potions_floor_usage":[50,50],"damage_taken":[{"damage":1.0,"enemies":"2 Louse","floor":1.0,"turns":4.0},{"damage":2.0,"enemies":"Small Slimes","floor":2.0,"turns":3.0},{"damage":4.0,"enemies":"Jaw Worm","floor":3.0,"turns":6.0},{"damage":11.0,"enemies":"3 Louse","floor":4.0,"turns":3.0},{"damage":9.0,"enemies":"Lagavulin","floor":6.0,"turns":8.0},{"damage":3.0,"enemies":"2 Fungi Beasts","floor":10.0,"turns":3.0},{"damage":13.0,"enemies":"Lots of Slimes","floor":12.0,"turns":2.0},{"damage":19.0,"enemies":"Gremlin Nob","floor":14.0,"turns":4.0},{"damage":10.0,"enemies":"Slime Boss","floor":16.0,"turns":7.0},{"damage":23.0,"enemies":"Shell Parasite","floor":18.0,"turns":5.0},{"damage":0.0,"enemies":"Chosen","floor":19.0,"turns":4.0},{"damage":23.0,"enemies":"Snake Plant","floor":21.0,"turns":5.0},{"damage":11.0,"enemies":"Chosen and Byrds","floor":28.0,"turns":6.0},{"damage":18.0,"enemies":"Replay:Snechameleon","floor":29.0,"turns":5.0},{"damage":0.0,"enemies":"3 Cultists","floor":31.0,"turns":3.0},{"damage":15.0,"enemies":"Collector","floor":33.0,"turns":7.0},{"damage":6.0,"enemies":"3 Shapes","floor":35.0,"turns":2.0},{"damage":1.0,"enemies":"Mind Bloom Boss Battle","floor":36.0,"turns":4.0},{"damage":22.0,"enemies":"3 Darklings","floor":38.0,"turns":3.0},{"damage":10.0,"enemies":"Sphere and 2 Shapes","floor":41.0,"turns":4.0},{"damage":24.0,"enemies":"4 Shapes","floor":42.0,"turns":6.0},{"damage":19.0,"enemies":"Jaw Worm Horde","floor":44.0,"turns":4.0},{"damage":3.0,"enemies":"3 Darklings","floor":45.0,"turns":4.0},{"damage":4.0,"enemies":"R_Hoarder","floor":47.0,"turns":6.0},{"damage":29.0,"enemies":"Spire Growth","floor":48.0,"turns":4.0},{"damage":5,"enemies":"Replay:Hell Engine","floor":50,"turns":9}],"seed_played":"-5708894019184767349","potions_obtained":[{"floor":2.0,"key":"Weak Potion"},{"floor":6.0,"key":"Elixir"},{"floor":12.0,"key":"Ancient Potion"},{"floor":14.0,"key":"Regen Potion"},{"floor":16.0,"key":"EssenceOfSteel"},{"floor":25.0,"key":"Fruit Juice"},{"floor":25.0,"key":"Venom Potion"},{"floor":35.0,"key":"LiquidMemories"},{"floor":44.0,"key":"Block Potion"},{"floor":45.0,"key":"Reflective Coating"}],"is_trial":false,"path_per_floor":["M","M","M","M","?","E","?","R","T","M","$","M","R","E","R","B",null,"M","M","$","M","?","R","?","?","T","R","M","E","R","M","R","B",null,"M","?","$","M","?","R","M","M","T","M","M","R","E","M","R_BF","B",null],"character_chosen":"THE_SENSHI","items_purchased":["theSenshi:CosmicHeartCompactRelic","theSenshi:MoonCrystalPowerMakeUp","Bandage Up","theSenshi:CutieMoonRodRelic"],"campfire_rested":1,"item_purchase_floors":[11,11,20,37],"current_hp_per_floor":[81,79,75,64,57,48,48,48,48,45,45,32,56,37,37,27,82,59,59,59,40,40,40,40,45,45,45,38,38,38,38,38,27,87,81,84,84,66,66,66,60,60,60,55,66,66,81,59,59,87],"gold":246,"neow_bonus":"TEN_PERCENT_HP_BONUS","is_daily":false,"chose_seed":false,"campfire_upgraded":8,"win_rate":0.0,"timestamp":1609700425,"path_taken":["M","M","M","M","?","E","?","R","T","M","?","M","R","E","R","BOSS","M","M","$","M","?","R","?","?","T","R","M","E","R","?","R","BOSS","M","?","$","M","?","R","M","M","T","M","M","R","E","M","R_BF","BOSS"],"items_purchased_type":["Relic","Card","Card","Relic"],"build_version":"2020-12-22","purchased_purges":1,"victory":true,"max_hp_per_floor":[82,82,82,82,82,82,82,82,82,82,82,82,82,82,82,82,82,82,82,82,82,82,82,82,87,87,87,87,87,87,87,87,87,87,87,87,87,87,87,87,87,87,87,87,87,87,87,87,87,87],"card_choices":[{"not_picked":["theSenshi:Sidestep","theSenshi:MoonPower"],"picked":"theSenshi:SupersonicWaves","floor":1.0},{"not_picked":["theSenshi:EncouragingSpeech","theSenshi:LunaWiseMentor"],"picked":"theSenshi:MoonsReflection","floor":2.0},{"not_picked":["theSenshi:LateForSchool","theSenshi:MoonPrincessHalation"],"picked":"theSenshi:MoonPunch","floor":3.0},{"not_picked":["theSenshi:NeptunesGrace","theSenshi:SailorVenusAssists"],"picked":"theSenshi:LateForSchool","floor":4.0},{"not_picked":["theSenshi:SailorStarMakerAssists","theSenshi:EncouragingSpeech"],"picked":"theSenshi:Overload","floor":6.0},{"not_picked":["theSenshi:SailorVenusAssists","theSenshi:SailorMarsAssists"],"picked":"theSenshi:InTheNameOfTheMoon","floor":10.0},{"not_picked":["theSenshi:EncouragingSpeech","theSenshi:LunaWiseMentor"],"picked":"theSenshi:MoonTiaraMagic","floor":12.0},{"not_picked":["theSenshi:MoonPower","theSenshi:TallSilhouette"],"picked":"theSenshi:LunasBite","floor":14.0},{"not_picked":["theSenshi:SailorPlutoAssists","theSenshi:SailorStarHealerAssists"],"picked":"theSenshi:StudyParty","floor":16.0},{"not_picked":["theSenshi:YouCanTalk","theSenshi:EncouragingSpeech"],"picked":"theSenshi:DramaticEntrance","floor":18.0},{"not_picked":["theSenshi:MoonCosmicPowerMakeUp","theSenshi:MoonPunch"],"picked":"theSenshi:SupersonicWaves","floor":19.0},{"not_picked":["theSenshi:SailorPlutoAssists","theSenshi:HesSoDreamy","theSenshi:MoonPower+1"],"picked":"SKIP","floor":21.0},{"not_picked":["theSenshi:MoonPunch+1","theSenshi:SailorVenusAssists"],"picked":"theSenshi:MoonPrincessHalation+1","floor":28.0},{"not_picked":["theSenshi:MoonPunch","theSenshi:MoonTwilightFlash","theSenshi:MoonsReflection+1"],"picked":"SKIP","floor":29.0},{"not_picked":["theSenshi:UranusStrength","theSenshi:SailorMercuryAssists"],"picked":"theSenshi:LateForSchool","floor":31.0},{"not_picked":["theSenshi:SailorStarHealerAssists","theSenshi:WarriorOfTheMoon"],"picked":"theSenshi:MoonGorgeousMeditation","floor":33.0},{"not_picked":["theSenshi:SupersonicWaves","theSenshi:MoonPrincessHalation+1"],"picked":"theSenshi:SchoolBag","floor":35.0},{"not_picked":["theSenshi:InTheNickOfTime","theSenshi:TuxedoSmokingBomber"],"picked":"theSenshi:UranusStrength+1","floor":38.0},{"not_picked":["theSenshi:MoonsReflection","theSenshi:MoonTwilightFlash"],"picked":"theSenshi:MoonHealingEscalation+1","floor":41.0},{"not_picked":["theSenshi:MoonPrincessHalation","theSenshi:SailorUranusAssists+1"],"picked":"theSenshi:GlimpseOfThePast","floor":42.0},{"not_picked":["theSenshi:SailorVenusAssists+1","theSenshi:MercurysCunning+1","theSenshi:EncouragingSpeech"],"picked":"SKIP","floor":44.0},{"not_picked":["theSenshi:HesSoDreamy+1","theSenshi:MoonPrincessHalation+1","theSenshi:EncouragingSpeech"],"picked":"SKIP","floor":45.0},{"not_picked":["theSenshi:YouCanTalk+1","theSenshi:VenusGlamour+1","theSenshi:SailorV+1"],"picked":"SKIP","floor":47.0},{"not_picked":["theSenshi:SailorMarsAssists+1","theSenshi:LunasBite+1","theSenshi:TuxedoMaskAssists+1"],"picked":"SKIP","floor":48.0}],"player_experience":607205,"relics_obtained":[{"floor":6.0,"key":"Ice Cream"},{"floor":9.0,"key":"Matryoshka"},{"floor":14.0,"key":"Happy Flower"},{"floor":26.0,"key":"Blue Candle"},{"floor":26.0,"key":"Ornamental Fan"},{"floor":29.0,"key":"Lantern"},{"floor":36.0,"key":"Incense Burner"},{"floor":43.0,"key":"Molten Egg 2"},{"floor":43.0,"key":"Omamori"},{"floor":47.0,"key":"Whetstone"},{"floor":47.0,"key":"Kunai"},{"floor":49.0,"key":"theSenshi:RoseRelic"}],"event_choices":[{"cards_removed":["theSenshi:SailorKick"],"damage_healed":0.0,"max_hp_gain":0.0,"max_hp_loss":0.0,"gold_gain":0.0,"event_name":"Golden Wing","player_choice":"Card Removal","floor":5.0,"gold_loss":0.0,"damage_taken":7.0},{"cards_removed":["theSenshi:SailorBlock"],"damage_healed":0.0,"max_hp_gain":0.0,"max_hp_loss":0.0,"gold_gain":0.0,"event_name":"The Cleric","player_choice":"Card Removal","floor":7.0,"gold_loss":50.0,"damage_taken":0.0},{"damage_healed":0.0,"max_hp_gain":0.0,"max_hp_loss":0.0,"gold_gain":0.0,"event_name":"Back to Basics","player_choice":"Simplicity","floor":22.0,"gold_loss":0.0,"damage_taken":0.0,"cards_upgraded":["theSenshi:SailorKick","theSenshi:SailorKick","theSenshi:SailorBlock","theSenshi:SailorBlock","theSenshi:SailorBlock"]},{"damage_healed":0.0,"max_hp_gain":0.0,"max_hp_loss":0.0,"gold_gain":0.0,"event_name":"Lab","player_choice":"Got Potions","floor":25.0,"gold_loss":0.0,"damage_taken":0.0},{"damage_healed":0.0,"max_hp_gain":0.0,"max_hp_loss":0.0,"gold_gain":0.0,"event_name":"MindBloom","player_choice":"Fight","floor":36.0,"gold_loss":0.0,"damage_taken":0.0},{"cards_removed":["Replay:Hysterical Blindness"],"damage_healed":0.0,"max_hp_gain":0.0,"max_hp_loss":0.0,"gold_gain":0.0,"event_name":"Purifier","player_choice":"Purged","floor":39.0,"gold_loss":0.0,"damage_taken":0.0}],"is_beta":false,"boss_relics":[{"not_picked":["Pandora\u0027s Box","Coffee Dripper"],"picked":"Cursed Key"},{"not_picked":["Fusion Hammer","Busted Crown"],"picked":"Black Star"}],"items_purged_floors":[20],"is_endless":false,"potions_floor_spawned":[2,6,12,14,16,18,19,35,44,45,47],"ascension_level":0}}