{"host":"5jyeqch4fosnsiz2","time":1609642861,"event":{"mods":["BaseMod","Bestiary","Colored Map","Colored Powertips","Filter the Spire","Minty Spire (QoL Compilation)","Relic Stats","StSLib","Waifu the Spire","ojb\u0027s Better Paths Mod","ojb\u0027s Info Mod"],"gold_per_floor":[117,130,150,150,150,179,179,189,240,240,260,292,304,321,321,425,425,438,537,292,305,320,349,349,349,375,407,418,418,418,450,450,555,555,568,568,580,580,592,626,636,88,88,88,98,131,60,0,0,0,0],"floor_reached":50,"playtime":2856,"items_purged":["Strike_G","Well Laid Plans"],"score":597,"play_id":"58702b1b-1b0a-4e1e-9144-90cd3ebcfbdf","local_time":"20210102220101","is_ascension_mode":false,"campfire_choices":[{"data":"Deadly Poison","floor":10,"key":"SMITH"},{"floor":15,"key":"REST"},{"floor":25,"key":"REST"},{"floor":30,"key":"REST"},{"floor":32,"key":"REST"},{"floor":44,"key":"REST"},{"floor":49,"key":"REST"}],"circlet_count":0,"master_deck":["Strike_G","Strike_G","Strike_G","Strike_G","Defend_G","Defend_G+1","Defend_G+1","Defend_G+1","Survivor","Neutralize","Dagger Spray","Blade Dance","Deadly Poison+1","Infinite Blades","Bane","Storm of Steel","Calculated Gamble","Deadly Poison","Corpse Explosion","Finisher","Storm of Steel","Acrobatics","Backflip","Bouncing Flask+1","Acrobatics+1","Poisoned Stab+1","CurseOfTheBell","Cloak And Dagger","Purity","Panache","Blade Dance","Endless Agony","Prepared+1","Accuracy"],"relics":["Ring of the Snake","NeowsBlessing","Ornamental Fan","Blood Vial","Oddly Smooth Stone","Tingsha","Runic Pyramid","DollysMirror","WingedGreaves","Art of War","Toy Ornithopter","Nilry\u0027s Codex","Pocketwatch","Calling Bell","Bronze Scales","Kunai","Calipers","Bottled Tornado","Unceasing Top","PrismaticShard","Akabeko","Red Mask"],"acts_visited":["Exordium","TheCity","TheBeyond"],"potions_floor_usage":[11,12,14,27,27,28,39,40,41,41],"damage_taken":[{"damage":0,"enemies":"Cultist","floor":1,"turns":1},{"damage":0,"enemies":"Small Slimes","floor":2,"turns":1},{"damage":0,"enemies":"2 Louse","floor":3,"turns":1},{"damage":16,"enemies":"3 Sentries","floor":6,"turns":8},{"damage":2,"enemies":"Looter","floor":8,"turns":3},{"damage":12,"enemies":"Exordium Thugs","floor":11,"turns":4},{"damage":12,"enemies":"Lagavulin","floor":12,"turns":5},{"damage":0,"enemies":"Lots of Slimes","floor":13,"turns":1},{"damage":0,"enemies":"2 Fungi Beasts","floor":14,"turns":2},{"damage":20,"enemies":"Slime Boss","floor":16,"turns":8},{"damage":0,"enemies":"3 Byrds","floor":18,"turns":1},{"damage":11,"enemies":"2 Thieves","floor":21,"turns":4},{"damage":22,"enemies":"Sentry and Sphere","floor":22,"turns":5},{"damage":24,"enemies":"Slavers","floor":23,"turns":5},{"damage":18,"enemies":"Book of Stabbing","floor":27,"turns":5},{"damage":0,"enemies":"3 Cultists","floor":28,"turns":2},{"damage":17,"enemies":"Slavers","floor":31,"turns":4},{"damage":40,"enemies":"Automaton","floor":33,"turns":9},{"damage":0,"enemies":"3 Darklings","floor":35,"turns":2},{"damage":0,"enemies":"Orb Walker","floor":37,"turns":2},{"damage":1,"enemies":"Maw","floor":39,"turns":8},{"damage":61,"enemies":"Nemesis","floor":40,"turns":6},{"damage":5,"enemies":"Transient","floor":41,"turns":5},{"damage":5,"enemies":"Sphere and 2 Shapes","floor":45,"turns":4},{"damage":27,"enemies":"Reptomancer","floor":46,"turns":4},{"damage":40,"enemies":"Awakened One","floor":50,"turns":3}],"seed_played":"8141131441425227487","potions_obtained":[{"floor":8,"key":"Fire Potion"},{"floor":11,"key":"Dexterity Potion"},{"floor":12,"key":"Fire Potion"},{"floor":16,"key":"SkillPotion"},{"floor":23,"key":"BlessingOfTheForge"},{"floor":27,"key":"Explosive Potion"},{"floor":33,"key":"Block Potion"},{"floor":37,"key":"DuplicationPotion"},{"floor":39,"key":"BlessingOfTheForge"},{"floor":40,"key":"Swift Potion"}],"is_trial":false,"path_per_floor":["M","M","M","?","?","E","?","M","T","R","M","E","M","M","R","B",null,"M","?","$","M","M","E","?","R","T","E","M","?","R","E","R","B",null,"M","?","M","?","M","E","M","$","T","R","M","E","$","?","R","B"],"character_chosen":"THE_SILENT","items_purchased":["DollysMirror","Acrobatics","Unceasing Top","PrismaticShard","Accuracy"],"campfire_rested":6,"item_purchase_floors":[20,20,42,42,47],"current_hp_per_floor":[70,70,70,63,49,33,33,33,33,33,23,13,15,17,38,20,70,70,70,70,59,39,17,17,38,38,22,29,13,34,19,40,2,70,70,65,67,67,69,9,16,16,16,37,34,9,9,9,30,0,0],"gold":0,"neow_bonus":"THREE_ENEMY_KILL","is_daily":false,"chose_seed":false,"campfire_upgraded":1,"win_rate":0.0,"timestamp":1609642861,"path_taken":["M","?","M","?","?","E","?","M","T","R","?","E","?","M","R","BOSS","M","?","$","M","M","E","?","R","T","E","?","?","R","E","R","BOSS","M","?","M","?","M","E","?","?","T","R","M","E","$","?","R","BOSS"],"items_purchased_type":["Relic","Card","Relic","Relic","Card"],"build_version":"2020-12-22","purchased_purges":2,"victory":false,"max_hp_per_floor":[70,70,70,70,70,70,70,70,70,70,70,70,70,70,70,70,70,70,70,70,70,70,70,70,70,70,70,70,70,70,70,70,70,70,70,70,70,70,70,70,70,70,70,70,70,70,70,70,70,70,70],"relic_stats":{"Blood Vial":37,"counters":[26,103],"Ornamental Fan":[324],"Bronze Scales":[88],"Tingsha":[844],"Art of War":[14],"Kunai":[35],"obtain_stats":[{"Calipers":34,"NeowsBlessing":0,"Nilry\u0027s Codex":29,"Oddly Smooth Stone":9,"Tingsha":12,"Bottled Tornado":40,"PrismaticShard":42,"Akabeko":46,"Blood Vial":6,"Calling Bell":34,"Ornamental Fan":4,"DollysMirror":20,"Bronze Scales":34,"WingedGreaves":23,"Art of War":26,"Red Mask":48,"Kunai":34,"Toy Ornithopter":27,"Unceasing Top":42,"Ring of the Snake":0,"Runic Pyramid":17,"Pocketwatch":31},{"Calipers":18,"NeowsBlessing":0,"Nilry\u0027s Codex":16,"Oddly Smooth Stone":5,"Tingsha":7,"Bottled Tornado":22,"PrismaticShard":23,"Akabeko":25,"Blood Vial":4,"Calling Bell":18,"Ornamental Fan":3,"DollysMirror":11,"Bronze Scales":18,"WingedGreaves":14,"Art of War":14,"Red Mask":25,"Kunai":18,"Toy Ornithopter":15,"Unceasing Top":23,"Ring of the Snake":0,"Runic Pyramid":10,"Pocketwatch":17},{"Calipers":69,"NeowsBlessing":0,"Nilry\u0027s Codex":56,"Oddly Smooth Stone":14,"Tingsha":23,"Bottled Tornado":87,"PrismaticShard":92,"Akabeko":100,"Blood Vial":11,"Calling Bell":69,"Ornamental Fan":3,"DollysMirror":35,"Bronze Scales":69,"WingedGreaves":49,"Art of War":49,"Red Mask":100,"Kunai":69,"Toy Ornithopter":54,"Unceasing Top":92,"Ring of the Snake":0,"Runic Pyramid":34,"Pocketwatch":60}],"Toy Ornithopter":16,"Unceasing Top":[3],"Ring of the Snake":[55],"Pocketwatch":[5]},"card_choices":[{"not_picked":["Cloak And Dagger","Choke"],"picked":"Dagger Spray","floor":1},{"not_picked":["Dagger Throw","Bane"],"picked":"Blade Dance","floor":2},{"not_picked":["Deflect","Catalyst"],"picked":"Deadly Poison","floor":3},{"not_picked":["Dagger Spray","Sucker Punch"],"picked":"Infinite Blades","floor":6},{"not_picked":["Prepared","Distraction"],"picked":"Bane","floor":8},{"not_picked":["Tactician","Infinite Blades"],"picked":"Storm of Steel","floor":11},{"not_picked":["Deflect","Dodge and Roll"],"picked":"Calculated Gamble","floor":12},{"not_picked":["Underhanded Strike","Dodge and Roll"],"picked":"Well Laid Plans","floor":13},{"not_picked":["Distraction","Quick Slash"],"picked":"Deadly Poison","floor":14},{"not_picked":["Storm of Steel","Venomology"],"picked":"Corpse Explosion","floor":16},{"not_picked":["Quick Slash","Backstab"],"picked":"Finisher","floor":18},{"not_picked":["Predator","Poisoned Stab","Crippling Poison"],"picked":"SKIP","floor":21},{"not_picked":["Skewer","Bane"],"picked":"Backflip","floor":22},{"not_picked":["A Thousand Cuts","Predator"],"picked":"Bouncing Flask+1","floor":23},{"not_picked":["Escape Plan","Deadly Poison"],"picked":"Wraith Form v2","floor":27},{"not_picked":["Dagger Spray","Blade Dance+1"],"picked":"Acrobatics+1","floor":28},{"not_picked":["Acrobatics+1","PiercingWail"],"picked":"Poisoned Stab+1","floor":31},{"not_picked":["Dodge and Roll+1","Poisoned Stab"],"picked":"Cloak And Dagger","floor":35},{"not_picked":["PanicButton","Flash of Steel"],"picked":"Purity","floor":36},{"not_picked":["Secret Weapon","Jack Of All Trades"],"picked":"Panache","floor":36},{"not_picked":["Reflex+1","Slice+1"],"picked":"Blade Dance","floor":37},{"not_picked":["Backstab","Distraction","Flechettes+1"],"picked":"SKIP","floor":39},{"not_picked":["Distraction","Bane","Quick Slash"],"picked":"SKIP","floor":40},{"not_picked":["Blur+1","Underhanded Strike"],"picked":"Prepared+1","floor":41},{"not_picked":["Protect","Sword Boomerang+1","FlurryOfBlows+1"],"picked":"SKIP","floor":45},{"not_picked":["FlurryOfBlows","Consecrate+1","Body Slam+1"],"picked":"SKIP","floor":46}],"player_experience":288118,"relics_obtained":[{"floor":6,"key":"Blood Vial"},{"floor":9,"key":"Oddly Smooth Stone"},{"floor":12,"key":"Tingsha"},{"floor":23,"key":"WingedGreaves"},{"floor":26,"key":"Art of War"},{"floor":27,"key":"Toy Ornithopter"},{"floor":29,"key":"Nilry\u0027s Codex"},{"floor":31,"key":"Pocketwatch"},{"floor":34,"key":"Bronze Scales"},{"floor":34,"key":"Kunai"},{"floor":34,"key":"Calipers"},{"floor":40,"key":"Bottled Tornado"},{"floor":46,"key":"Akabeko"}],"event_choices":[{"damage_healed":0,"gold_gain":0,"player_choice":"Success","damage_taken":7,"relics_obtained":["Ornamental Fan"],"max_hp_gain":0,"max_hp_loss":0,"event_name":"Scrap Ooze","floor":4,"gold_loss":0},{"damage_healed":0,"gold_gain":0,"player_choice":"Entered Light","damage_taken":14,"max_hp_gain":0,"max_hp_loss":0,"event_name":"Shining Light","floor":5,"gold_loss":0,"cards_upgraded":["Defend_G","Defend_G"]},{"cards_removed":["Defend_G"],"damage_healed":0,"gold_gain":0,"player_choice":"Purged","damage_taken":0,"max_hp_gain":0,"max_hp_loss":0,"event_name":"Purifier","floor":7,"gold_loss":0},{"damage_healed":0,"gold_gain":99,"player_choice":"Stole From Cult","damage_taken":0,"max_hp_gain":0,"max_hp_loss":0,"event_name":"Nest","floor":19,"gold_loss":0},{"damage_healed":0,"gold_gain":0,"player_choice":"Upgraded","damage_taken":0,"max_hp_gain":0,"max_hp_loss":0,"event_name":"Upgrade Shrine","floor":24,"gold_loss":0,"cards_upgraded":["Defend_G"]},{"damage_healed":0,"gold_gain":0,"player_choice":"Obtained Book","damage_taken":16,"max_hp_gain":0,"max_hp_loss":0,"event_name":"Cursed Tome","floor":29,"gold_loss":0},{"damage_healed":0,"gold_gain":0,"player_choice":"Memory 2","damage_taken":5,"max_hp_gain":0,"max_hp_loss":0,"event_name":"SensoryStone","floor":36,"gold_loss":0},{"damage_healed":0,"gold_gain":0,"cards_transformed":["Wraith Form v2"],"player_choice":"Transformed","damage_taken":0,"max_hp_gain":0,"max_hp_loss":0,"event_name":"Transmorgrifier","floor":38,"gold_loss":0,"cards_obtained":["Endless Agony"]},{"damage_healed":0,"gold_gain":0,"player_choice":"Paid","damage_taken":0,"relics_obtained":["Red Mask"],"max_hp_gain":0,"max_hp_loss":0,"event_name":"Tomb of Lord Red Mask","floor":48,"gold_loss":60}],"is_beta":false,"boss_relics":[{"not_picked":["Tiny House","Cursed Key"],"picked":"Runic Pyramid"},{"not_picked":["SlaversCollar","SacredBark"],"picked":"Calling Bell"}],"items_purged_floors":[20,42],"is_endless":false,"potions_floor_spawned":[8,11,12,16,23,27,33,37,39,40],"killed_by":"Awakened One","ascension_level":0}}