{"host":"odz7g4gpgch153rb","time":1609646692,"event":{"mods":["AchievementEnabler","BaseMod","Better Match","Better Third Choice","BetterRewards","GifTheSpireLib","Infinite Spire","Jedi Mod","Minty Spire (QoL Compilation)","Quick Restart","Replay The Spire","Spikes Relics","StSLib","Stuff the Spire","The Blue Laboratory","Trackpad"],"gold_per_floor":[115,58,74,88,100,100,100,116,165,185,95,107,107,107,107,179,179,189,206,223,233,148,148,148,148,174,174,191,203,203,238,238,324,324,358,396,175,188,188,212,212,44,44,44,44,77,77,101,101,101],"floor_reached":51,"playtime":2925,"items_purged":["Strike_R"],"score":1714,"play_id":"98bc12be-6b73-4453-968b-dbd971d3dadd","local_time":"20210102230452","is_ascension_mode":true,"campfire_choices":[{"data":"Shrug It Off","floor":6.0,"key":"SMITH"},{"floor":15.0,"key":"DIG"},{"floor":23.0,"key":"REST"},{"data":"Shrug It Off","floor":25.0,"key":"SMITH"},{"floor":27.0,"key":"REST"},{"floor":32,"key":"DIG"},{"data":"Barricade","floor":41,"key":"SMITH"},{"data":"Metallicize","floor":45,"key":"SMITH"},{"data":"Metallicize","floor":47,"key":"SMITH"},{"floor":49,"key":"DIG"}],"circlet_count":0,"master_deck":["AscendersBane","Strike_R","Strike_R","Strike_R","Defend_R","Defend_R+1","Defend_R","Defend_R","Bash","Shrug It Off+1","StuffTheSpire:PlasmaPunch+1","Shrug It Off+1","Finesse","StuffTheSpire:PlasmaPunch+1","Cleave","Metallicize+1","Barricade+1","Metallicize+1","Fire Breathing+1"],"relics":["Burning Blood","Anchor","Shovel","CaptainsWheel","Vajra","trackpad:BottledTsunami","Philosopher\u0027s Stone","Pen Nib","DollysMirror","Ring of Chaos","jedi:crownofsimplicity","Shuriken","infinitespire:PuzzleCube","infinitespire:EvilPickle","Strawberry","StuffTheSpire:Expresso","StuffTheSpire:HeavyRock","Replay:Kaleidoscope","ReplayTheSpireMod:Ninjato","Replay:Baseball"],"acts_visited":["Exordium","TheCity","TheBeyond"],"potions_floor_usage":[33,33,40],"damage_taken":[{"damage":2.0,"enemies":"Jaw Worm","floor":1.0,"turns":2.0},{"damage":0.0,"enemies":"Cultist","floor":3.0,"turns":3.0},{"damage":0.0,"enemies":"2 Louse","floor":4.0,"turns":3.0},{"damage":12.0,"enemies":"Large Slime","floor":5.0,"turns":8.0},{"damage":13.0,"enemies":"3 Louse","floor":8.0,"turns":4.0},{"damage":0.0,"enemies":"Blue Slaver","floor":10.0,"turns":4.0},{"damage":0.0,"enemies":"Exordium Wildlife","floor":12.0,"turns":3.0},{"damage":4.0,"enemies":"Slime Boss","floor":16.0,"turns":10.0},{"damage":7.0,"enemies":"Shell Parasite","floor":18.0,"turns":3.0},{"damage":2.0,"enemies":"2 Thieves","floor":19.0,"turns":3.0},{"damage":47.0,"enemies":"Snecko","floor":20.0,"turns":10.0},{"damage":26.0,"enemies":"Snake Plant","floor":21.0,"turns":6.0},{"damage":0.0,"enemies":"Sentry and Sphere","floor":28.0,"turns":1.0},{"damage":0.0,"enemies":"Centurion and Healer","floor":29.0,"turns":2.0},{"damage":0,"enemies":"Replay:Snechameleon","floor":31,"turns":3},{"damage":7,"enemies":"Pondfish","floor":33,"turns":5},{"damage":1,"enemies":"3 Darklings","floor":35,"turns":3},{"damage":1,"enemies":"Orb Walker","floor":36,"turns":3},{"damage":3,"enemies":"4 Shapes","floor":40,"turns":6},{"damage":0,"enemies":"Giant Head","floor":46,"turns":5},{"damage":5,"enemies":"3 Darklings","floor":48,"turns":3},{"damage":9,"enemies":"Replay:Hell Engine","floor":50,"turns":6}],"seed_played":"-1418700379856703053","potions_obtained":[{"floor":1.0,"key":"Weak Potion"},{"floor":3.0,"key":"blueLaboratory:ExaltedPotion"},{"floor":10.0,"key":"PowerPotion"},{"floor":16.0,"key":"FearPotion"},{"floor":21.0,"key":"FearPotion"},{"floor":28.0,"key":"EssenceOfSteel"},{"floor":36,"key":"Elixir"}],"is_trial":false,"path_per_floor":["M","$","M","M","M","R","?","M","T","M","$","M","?","?","R","B",null,"M","M","M","M","?","R","AVR","R","T","R","M","M","?","E","R","B",null,"M","M","$","?","?","M","R","$","T","?","R","E","R","M","R","B",null],"character_chosen":"IRONCLAD","items_purchased":["Anchor","blueLaboratory:FruitPunch","Shrug It Off","StuffTheSpire:PlasmaPunch","Shrug It Off","Finesse","Strawberry","Block Potion","StuffTheSpire:HeavyRock"],"campfire_rested":2,"item_purchase_floors":[0,0,0,0,2,11,37,37,42],"current_hp_per_floor":[32,32,38,44,38,38,27,20,20,26,26,32,32,32,32,34,66,65,69,28,8,8,31,31,31,31,54,60,66,66,72,72,71,76,77,77,84,57,57,60,60,60,60,60,60,66,66,67,67,64],"gold":101,"neow_bonus":"","is_daily":false,"chose_seed":false,"campfire_upgraded":5,"win_rate":0.0,"timestamp":1609646692,"path_taken":["M","$","M","M","M","R","?","M","T","M","$","?","?","?","R","BOSS","M","M","M","M","?","R","AVR","R","T","R","M","M","?","E","R","BOSS","M","M","$","?","?","M","R","?","T","?","R","E","R","?","R","BOSS"],"items_purchased_type":["Relic","Potion","Card","Card","Card","Card","Relic","Potion","Relic"],"build_version":"2020-12-22","purchased_purges":1,"victory":true,"max_hp_per_floor":[77,77,77,77,77,77,77,77,77,77,77,77,77,77,77,77,77,77,77,77,77,77,77,77,77,77,77,77,77,77,77,77,77,77,77,77,84,84,84,84,84,84,84,84,84,84,84,84,84,84],"card_choices":[{"not_picked":["Power Through","jedi:controlledanger","Replay:Undeath\u0027s Touch"],"picked":"SKIP","floor":1.0},{"not_picked":["Bloodletting","Flex","Hemokinesis"],"picked":"SKIP","floor":3.0},{"not_picked":["Havoc","Disarm","Sword Boomerang"],"picked":"SKIP","floor":4.0},{"not_picked":["Heavy Blade","StuffTheSpire:Slingshot","Anger"],"picked":"SKIP","floor":5.0},{"not_picked":["Perfected Strike","Impervious","Sword Boomerang"],"picked":"SKIP","floor":8.0},{"not_picked":["Perfected Strike","ReplayTheSpireMod:Strike From Hell","Fire Breathing"],"picked":"SKIP","floor":10.0},{"not_picked":["Heavy Blade","Thunderclap","Anger"],"picked":"SKIP","floor":12.0},{"not_picked":["Abandon","Anger","Pommel Strike"],"picked":"SKIP","floor":18.0},{"not_picked":["ReplayTheSpireMod:Strike From Hell","Clothesline","Clash+1"],"picked":"SKIP","floor":19.0},{"not_picked":["Rage","Flex","Heavy Blade"],"picked":"SKIP","floor":20.0},{"not_picked":["Shrug It Off","Twin Strike","Defy Death"],"picked":"SKIP","floor":21.0},{"not_picked":["Massacre","Exhume","Dual Wield"],"picked":"SKIP","floor":28.0},{"not_picked":["Wild Strike","Absolvement"],"picked":"Cleave","floor":29.0},{"not_picked":["StuffTheSpire:RockThrow","Reaper"],"picked":"Metallicize","floor":31},{"not_picked":["Eclipse","Immolate"],"picked":"Barricade","floor":33},{"not_picked":["StuffTheSpire:Slingshot+1","Dropkick","Sever Soul+1"],"picked":"SKIP","floor":35},{"not_picked":["Rage+1","Searing Blow+1","Replay:Undeath\u0027s Touch"],"picked":"SKIP","floor":36},{"not_picked":["Havoc","Dual Wield","Sword Boomerang"],"picked":"SKIP","floor":40},{"not_picked":["Second Wind","Twin Strike"],"picked":"Fire Breathing+1","floor":46},{"not_picked":["Wild Strike","StuffTheSpire:Slingshot+1","Havoc+1"],"picked":"SKIP","floor":48}],"player_experience":988079,"relics_obtained":[{"floor":9.0,"key":"Vajra"},{"floor":15.0,"key":"trackpad:BottledTsunami"},{"floor":26.0,"key":"jedi:crownofsimplicity"},{"floor":31,"key":"Shuriken"},{"floor":32,"key":"infinitespire:PuzzleCube"},{"floor":38,"key":"StuffTheSpire:Expresso"},{"floor":43,"key":"Replay:Kaleidoscope"},{"floor":46,"key":"ReplayTheSpireMod:Ninjato"},{"floor":49,"key":"Replay:Baseball"}],"event_choices":[{"damage_healed":0.0,"max_hp_gain":0.0,"max_hp_loss":0.0,"gold_gain":0.0,"event_name":"Wheel of Change","player_choice":"Damaged","floor":7.0,"gold_loss":0.0,"damage_taken":11.0},{"damage_healed":0.0,"max_hp_gain":0.0,"max_hp_loss":0.0,"gold_gain":0.0,"event_name":"Living Wall","player_choice":"Grow","floor":14.0,"gold_loss":0.0,"damage_taken":0.0,"cards_upgraded":["StuffTheSpire:PlasmaPunch"]},{"damage_healed":0.0,"max_hp_gain":0.0,"max_hp_loss":0.0,"gold_gain":0.0,"event_name":"Addict","player_choice":"Obtained Relic","floor":22.0,"gold_loss":85.0,"damage_taken":0.0,"relics_obtained":["Pen Nib"]},{"damage_healed":0.0,"max_hp_gain":0.0,"max_hp_loss":0.0,"gold_gain":0.0,"event_name":"Ghosts","player_choice":"Ignored","floor":30.0,"gold_loss":0.0,"damage_taken":0.0},{"cards_removed":["Strike_R"],"damage_healed":0,"gold_gain":0,"player_choice":"Removed Attack","damage_taken":0,"max_hp_gain":0,"max_hp_loss":0,"event_name":"Falling","floor":39,"gold_loss":0},{"damage_healed":0,"gold_gain":0,"player_choice":"Copied","damage_taken":0,"max_hp_gain":0,"max_hp_loss":0,"event_name":"Duplicator","floor":44,"gold_loss":0,"cards_obtained":["Metallicize"]}],"is_beta":false,"boss_relics":[{"not_picked":["trackpad:DemonHeart","StuffTheSpire:RunicConfusion"],"picked":"Philosopher\u0027s Stone"},{"not_picked":["Pandora\u0027s Box","infinitespire:Cupcake","Runic Cube"]}],"items_purged_floors":[0],"is_endless":false,"potions_floor_spawned":[1,3,10,16,18,19,21,28,36],"ascension_level":18}}