{"host":"Ceyx","time":1609698766,"event":{"mods":["BaseMod","Beaked The Cultist","BetterRewards","Conspire","Downfall","Hubris","Minty Spire (QoL Compilation)","StSLib","The Jungle"],"gold_per_floor":[109,34,34,60,72,98,110,110,110,126,75,75,75,75,75],"floor_reached":14,"playtime":492,"items_purged":["beaked:Strike_Y"],"score":138,"play_id":"1ea72a44-5e70-41b7-9a99-4f6db8fa5992","local_time":"20210104013246","is_ascension_mode":false,"campfire_choices":[{"data":"beaked:Ceremony","floor":8.0,"key":"SMITH"}],"circlet_count":0,"master_deck":["conspire:GhostlyStrike","conspire:GhostlyStrike","conspire:GhostlyStrike","conspire:GhostlyStrike","conspire:GhostlyStrike","conspire:GhostlyDefend","conspire:GhostlyDefend","conspire:GhostlyDefend","conspire:GhostlyDefend","beaked:Ceremony+1","beaked:Ceremony","beaked:Ceremony","beaked:MimicHuntress","beaked:Daydream","beaked:FeelMyPain","beaked:Windmill","beaked:Evade","beaked:Windmill","beaked:Ceremony","beaked:HuntressSpirit"],"relics":["beaked:MendingPlumage","NeowsBlessing","Eternal Feather","Letter Opener","Bottled Tornado"],"acts_visited":["Exordium"],"potions_floor_usage":[],"damage_taken":[{"damage":0.0,"enemies":"2 Louse","floor":1.0,"turns":1.0},{"damage":0.0,"enemies":"conspire:MimicChest","floor":4.0,"turns":1.0},{"damage":0.0,"enemies":"Small Slimes","floor":5.0,"turns":1.0},{"damage":43.0,"enemies":"Lagavulin","floor":6.0,"turns":7.0},{"damage":14.0,"enemies":"conspire:RoseBush","floor":7.0,"turns":5.0},{"damage":27.0,"enemies":"Looter","floor":10.0,"turns":3.0},{"damage":30,"enemies":"Gremlin Nob","floor":14,"turns":3}],"seed_played":"8842411199969846800","potions_obtained":[{"floor":1.0,"key":"Fruit Juice"},{"floor":7.0,"key":"champ:CounterPotion"}],"is_trial":false,"path_per_floor":["M","$","?","?","M","E","M","R","T","M","$","?","?","E"],"character_chosen":"BEAKED_THE_CULTIST","items_purchased":["beaked:Windmill"],"campfire_rested":0,"item_purchase_floors":[11],"current_hp_per_floor":[55,55,55,55,55,22,22,31,31,14,14,14,14,0,0],"gold":75,"neow_bonus":"THREE_ENEMY_KILL","is_daily":false,"chose_seed":false,"campfire_upgraded":1,"win_rate":0.0,"timestamp":1609698766,"path_taken":["M","$","?","?","M","E","M","R","T","M","$","?","?","E"],"items_purchased_type":["Card"],"build_version":"2020-12-18","purchased_purges":1,"victory":false,"max_hp_per_floor":[55,55,55,55,55,55,55,55,55,55,55,55,55,55,55],"card_choices":[{"not_picked":["beaked:MachineSpirit","beaked:DesperateSwing"],"picked":"beaked:MimicHuntress","floor":1.0},{"not_picked":["beaked:Tweet","beaked:Overpower"],"picked":"beaked:Daydream","floor":4.0},{"not_picked":["beaked:Mantra","beaked:Evade"],"picked":"beaked:FeelMyPain","floor":5.0},{"not_picked":["beaked:CursingBlood","beaked:Resilience","beaked:MachineSpirit"],"picked":"SKIP","floor":6.0},{"not_picked":["beaked:Redirect","beaked:Cower"],"picked":"beaked:Windmill","floor":7.0},{"not_picked":["beaked:Resilience","beaked:BloodForTheGods"],"picked":"beaked:Evade","floor":10.0}],"player_experience":492777,"relics_obtained":[{"floor":4.0,"key":"Eternal Feather"},{"floor":6.0,"key":"Letter Opener"},{"floor":9.0,"key":"Bottled Tornado"}],"event_choices":[{"damage_healed":0.0,"max_hp_gain":0.0,"max_hp_loss":0.0,"gold_gain":0.0,"event_name":"conspire:Investor","player_choice":"Leave","floor":3.0,"gold_loss":0.0,"damage_taken":0.0},{"damage_healed":0.0,"max_hp_gain":0.0,"max_hp_loss":0.0,"gold_gain":0.0,"event_name":"conspire:LoneGhost","player_choice":"Agree","floor":12.0,"gold_loss":0.0,"damage_taken":0.0},{"damage_healed":0.0,"max_hp_gain":0.0,"max_hp_loss":0.0,"gold_gain":0.0,"event_name":"Match and Keep!","player_choice":"2 cards matched","floor":13.0,"gold_loss":0.0,"damage_taken":0.0,"cards_obtained":["beaked:Ceremony","beaked:HuntressSpirit"]}],"is_beta":true,"boss_relics":[],"items_purged_floors":[2],"is_endless":false,"potions_floor_spawned":[1,7],"killed_by":"Gremlin Nob","ascension_level":0}}