{"host":"waq1ashgqt0tulkv","time":1609666304,"event":{"mods":["Aspiration","BaseMod","BetterRewards","Colored Powertips","Conspire","Downfall","Duelist Mod","Hermit","Hubris","Infinite Spire","Minty Spire (QoL Compilation)","Quick Restart","Rare Cards Sparkle","Replay The Spire","StSLib","SuperFastMode","The Animator","The Bug Knight","The Construct","The Cursed","The Disciple","The Hierophant","The Necromancer","The Runesmith","The Servant 0.9.4","egg"],"gold_per_floor":[116,133,133,133,152,172,172,172,172,200,200,210,210,210,210,312,312,298,316,326,326,326],"floor_reached":21,"playtime":832,"items_purged":[],"score":181,"play_id":"00a3697d-47ab-47ae-bdd6-4548a3ff993c","local_time":"20210103023144","is_ascension_mode":false,"campfire_choices":[{"data":"TheCursedMod:CursedMace","floor":7,"key":"SMITH"},{"floor":13,"key":"REST"},{"floor":15,"key":"REST"}],"circlet_count":0,"master_deck":["TheCursedMod:Strike_TheCursed","TheCursedMod:Strike_TheCursed","TheCursedMod:Strike_TheCursed","TheCursedMod:Defend_TheCursed","TheCursedMod:Defend_TheCursed","TheCursedMod:Defend_TheCursed+1","TheCursedMod:CursedWand","TheCursedMod:CleanUpWorkshop","TheCursedMod:Dregs","TheCursedMod:CursedMace+1","TheCursedMod:Stigma+1","TheCursedMod:CursedAmulet","TheCursedMod:Obscuration","TheCursedMod:DemonSword","TheCursedMod:CursedBlade","TheCursedMod:ParallelWorld","TheCursedMod:DemonSword","CurseOfTheBell","TheCursedMod:ManaBullet","TheCursedMod:Hemoplague+1","TheCursedMod:LuckyCharm"],"relics":["TheCursedMod:BlackMagic101","NeowsBlessing","HornCleat","Gremlin Food","Calling Bell","ReplayTheSpireMod:Lightbulb","aspiration:SeaSaltIceCream","Calipers"],"acts_visited":["Exordium","TheCity"],"potions_floor_usage":[16,20,20,21],"damage_taken":[{"damage":0,"enemies":"Jaw Worm","floor":1,"turns":1},{"damage":0,"enemies":"Cultist","floor":2,"turns":1},{"damage":0,"enemies":"Small Slimes","floor":5,"turns":1},{"damage":5,"enemies":"Blue Slaver","floor":6,"turns":4},{"damage":26,"enemies":"3 Sentries","floor":10,"turns":10},{"damage":2,"enemies":"Exordium Wildlife","floor":12,"turns":4},{"damage":29,"enemies":"Hexaghost","floor":16,"turns":8},{"damage":1,"enemies":"2 Thieves","floor":18,"turns":4},{"damage":39,"enemies":"Spheric Guardian","floor":19,"turns":6},{"damage":39,"enemies":"Centurion and Healer","floor":20,"turns":7},{"damage":13,"enemies":"Cultist and Chosen","floor":21,"turns":6}],"seed_played":"934397125350884100","potions_obtained":[{"floor":5,"key":"TheCursedMod:DregsPotion"},{"floor":12,"key":"Weak Potion"},{"floor":16,"key":"Elixir"},{"floor":18,"key":"Regen Potion"},{"floor":20,"key":"Weak Potion"}],"is_trial":false,"path_per_floor":["M","M","?","$","M","M","R","$","T","E","?","M","R","?","R","B",null,"M","M","M","M"],"character_chosen":"THE_CURSED","items_purchased":[],"campfire_rested":2,"item_purchase_floors":[],"current_hp_per_floor":[75,75,75,75,75,70,70,70,70,44,44,42,64,64,75,46,75,74,35,11,0,0],"gold":326,"neow_bonus":"THREE_ENEMY_KILL","is_daily":false,"chose_seed":false,"campfire_upgraded":1,"win_rate":0.0,"timestamp":1609666304,"path_taken":["M","M","?","$","M","M","R","?","T","E","?","?","R","?","R","BOSS","M","?","M","M"],"items_purchased_type":[],"build_version":"2020-12-13","purchased_purges":0,"victory":false,"max_hp_per_floor":[75,75,75,75,75,75,75,75,75,75,75,75,75,75,75,75,75,75,75,75,75,75],"card_choices":[{"not_picked":["TheCursedMod:Obscuration","TheCursedMod:CursedBoomerang"],"picked":"TheCursedMod:CursedMace","floor":1},{"not_picked":["TheCursedMod:CircleOfFocus","TheCursedMod:BloodBarrier"],"picked":"TheCursedMod:Stigma","floor":2},{"not_picked":["TheCursedMod:SpitefulPray","TheCursedMod:CursedShiv"],"picked":"TheCursedMod:CursedAmulet","floor":5},{"not_picked":["TheCursedMod:BlessingInDisguise","TheCursedMod:Hemoplague"],"picked":"TheCursedMod:Obscuration","floor":6},{"not_picked":["TheCursedMod:CircleOfWindfury","TheCursedMod:FleshFromBone"],"picked":"TheCursedMod:DemonSword","floor":10},{"not_picked":["TheCursedMod:RapidMovement","TheCursedMod:FleshFromBone"],"picked":"TheCursedMod:CursedBlade","floor":12},{"not_picked":["TheCursedMod:ManaCirculation","TheCursedMod:StunningStrike"],"picked":"TheCursedMod:DemonSword","floor":16},{"not_picked":["TheCursedMod:CursedMace","TheCursedMod:CircleOfCorruption"],"picked":"TheCursedMod:ManaBullet","floor":18},{"not_picked":["TheCursedMod:WearCloak","TheCursedMod:Torture"],"picked":"TheCursedMod:Hemoplague+1","floor":19},{"not_picked":["TheCursedMod:CursedStaff","TheCursedMod:Wield+1"],"picked":"TheCursedMod:LuckyCharm","floor":20}],"player_experience":24556,"relics_obtained":[{"floor":9,"key":"HornCleat"},{"floor":10,"key":"Gremlin Food"},{"floor":17,"key":"ReplayTheSpireMod:Lightbulb"},{"floor":17,"key":"aspiration:SeaSaltIceCream"},{"floor":17,"key":"Calipers"}],"event_choices":[{"cards_removed":["TheCursedMod:Defend_TheCursed"],"damage_healed":0,"gold_gain":0,"player_choice":"Offered Basic","damage_taken":0,"max_hp_gain":0,"max_hp_loss":0,"event_name":"Bonfire Elementals","floor":3,"gold_loss":0},{"damage_healed":0,"gold_gain":0,"player_choice":"Leave","damage_taken":0,"max_hp_gain":0,"max_hp_loss":0,"event_name":"conspire:Investor","floor":11,"gold_loss":0},{"damage_healed":0,"gold_gain":0,"cards_transformed":["TheCursedMod:Strike_TheCursed"],"player_choice":"Transformed","damage_taken":0,"max_hp_gain":0,"max_hp_loss":0,"event_name":"Transmorgrifier","floor":14,"gold_loss":0,"cards_obtained":["TheCursedMod:ParallelWorld"]}],"is_beta":false,"boss_relics":[{"not_picked":["Painkiller Herb","hubris:CrackedHourglass"],"picked":"Calling Bell"}],"items_purged_floors":[],"is_endless":false,"potions_floor_spawned":[5,12,16,18,20],"killed_by":"Cultist and Chosen","ascension_level":0}}