{"host":"9v3x998ddbx8o276","time":1609673756,"event":{"mods":["AchievementEnabler","BaseMod","Colored Map","Colored Powertips","Highlight Path","Minty Spire (QoL Compilation)","Quick Restart","Rare Cards Sparkle"],"gold_per_floor":[112,112,112,112,5,5,36,36,36,7,7,7],"floor_reached":11,"playtime":366,"items_purged":[],"score":134,"play_id":"abe4206b-cb11-4ff5-90ca-be6307cd31a8","local_time":"20210103220556","is_ascension_mode":true,"campfire_choices":[{"data":"Dagger Spray","floor":6,"key":"SMITH"},{"floor":8,"key":"REST"}],"circlet_count":0,"master_deck":["AscendersBane","Strike_G","Strike_G","Strike_G","Strike_G","Defend_G","Defend_G","Defend_G","Defend_G","Survivor","Neutralize","CurseOfTheBell","Eviscerate","After Image","Dagger Spray+1","Bouncing Flask","Deadly Poison"],"relics":["Calling Bell","Pen Nib","Singing Bowl","Calipers","Eternal Feather","FossilizedHelix"],"acts_visited":["Exordium"],"potions_floor_usage":[11],"damage_taken":[{"damage":3,"enemies":"Cultist","floor":1,"turns":4},{"damage":53,"enemies":"Gremlin Nob","floor":7,"turns":6},{"damage":28,"enemies":"3 Sentries","floor":11,"turns":6}],"seed_played":"4273552460921823826","potions_obtained":[],"is_trial":false,"path_per_floor":["M","?","?","?","$","R","E","R","T","$","E"],"character_chosen":"THE_SILENT","items_purchased":["Dagger Spray","Strength Potion","Deadly Poison"],"campfire_rested":1,"item_purchase_floors":[5,5,10],"current_hp_per_floor":[56,56,61,54,54,54,1,31,31,31,3,3],"gold":7,"neow_bonus":"BOSS_RELIC","is_daily":false,"chose_seed":false,"campfire_upgraded":1,"win_rate":0.0,"timestamp":1609673756,"path_taken":["M","?","?","?","?","R","E","R","T","$","E"],"items_purchased_type":["Card","Potion","Card"],"build_version":"2020-12-22","purchased_purges":0,"victory":false,"max_hp_per_floor":[66,66,71,71,71,71,71,71,71,71,71,71],"card_choices":[{"not_picked":["Setup","Escape Plan"],"picked":"Eviscerate","floor":1},{"not_picked":["Endless Agony","Cloak And Dagger"],"picked":"Bouncing Flask","floor":7}],"player_experience":2081344,"relics_obtained":[{"floor":0,"key":"Pen Nib"},{"floor":0,"key":"Singing Bowl"},{"floor":0,"key":"Calipers"},{"floor":7,"key":"Eternal Feather"},{"floor":9,"key":"FossilizedHelix"}],"event_choices":[{"damage_healed":0,"gold_gain":0,"cards_transformed":["Strike_G"],"player_choice":"Change","damage_taken":0,"max_hp_gain":0,"max_hp_loss":0,"event_name":"Living Wall","floor":2,"gold_loss":0,"cards_obtained":["After Image"]},{"damage_healed":0,"gold_gain":0,"player_choice":"Donut","damage_taken":0,"max_hp_gain":5,"max_hp_loss":0,"event_name":"Big Fish","floor":3,"gold_loss":0},{"cards_removed":["Defend_G"],"damage_healed":0,"gold_gain":0,"player_choice":"Card Removal","damage_taken":7,"max_hp_gain":0,"max_hp_loss":0,"event_name":"Golden Wing","floor":4,"gold_loss":0}],"is_beta":false,"boss_relics":[],"items_purged_floors":[],"is_endless":false,"potions_floor_spawned":[],"killed_by":"3 Sentries","ascension_level":20}}