{"host":"344lv32hnei0mdhu","time":1609708676,"event":{"mods":["Act Like it!","BaseMod","Better Match","Better Sensory Stone","Better Skull","Better Third Choice","Better Vampires","Colored Powertips","Highlight Path","Minty Spire (QoL Compilation)","Quick Restart","Random Character Button","Rare Cards Sparkle","StSLib"],"gold_per_floor":[110,110,137,149,324,352,369,379,379,392,392,76,151,0,0,97,97,107,141,66,66,66,66,66,66],"floor_reached":24,"playtime":738,"items_purged":["Doubt"],"score":315,"play_id":"4c950030-4b5d-495e-9315-3a3e2177bce8","local_time":"20210103151756","is_ascension_mode":true,"campfire_choices":[{"floor":11.0,"key":"REST"},{"data":"Eruption","floor":15.0,"key":"SMITH"},{"floor":23,"key":"REST"}],"circlet_count":0,"master_deck":["Strike_P","Strike_P","Strike_P","Strike_P","Defend_P","Defend_P","Defend_P","Defend_P","Eruption+1","Vigilance","SandsOfTime","Wish","WheelKick","BattleHymn","Halt","Establishment+1","Consecrate","Indignation","MentalFortress+1","Shame"],"relics":["HolyWater","NeowsBlessing","Akabeko","CloakClasp","Matryoshka","Frozen Egg 2","HandDrill","Red Mask","Vajra"],"acts_visited":["Exordium","TheCity"],"potions_floor_usage":[19,19,24],"damage_taken":[{"damage":0.0,"enemies":"Cultist","floor":1.0,"turns":1.0},{"damage":0.0,"enemies":"Jaw Worm","floor":4.0,"turns":1.0},{"damage":0.0,"enemies":"Lagavulin","floor":6.0,"turns":1.0},{"damage":0.0,"enemies":"Small Slimes","floor":7.0,"turns":4.0},{"damage":3.0,"enemies":"2 Fungi Beasts","floor":8.0,"turns":3.0},{"damage":14.0,"enemies":"3 Louse","floor":10.0,"turns":3.0},{"damage":14.0,"enemies":"The Guardian","floor":16.0,"turns":7.0},{"damage":20.0,"enemies":"Chosen","floor":18.0,"turns":7.0},{"damage":2,"enemies":"Masked Bandits","floor":19,"turns":3},{"damage":58,"enemies":"Slavers","floor":24,"turns":5}],"seed_played":"2595122437573753723","potions_obtained":[{"floor":1.0,"key":"FearPotion"},{"floor":8.0,"key":"SpeedPotion"},{"floor":10.0,"key":"GamblersBrew"}],"is_trial":false,"path_per_floor":["M","?","T","M","?","E","M","M","T","M","R","$","?","$","R","B",null,"M","?","$","?","$","R","E"],"character_chosen":"WATCHER","items_purchased":["Frozen Egg 2","HandDrill","MentalFortress+1"],"campfire_rested":2,"item_purchase_floors":[12,14,20],"current_hp_per_floor":[65,65,65,65,65,65,65,62,62,48,69,69,58,58,58,44,65,45,43,43,43,43,64,6,6],"gold":66,"neow_bonus":"THREE_ENEMY_KILL","is_daily":false,"chose_seed":false,"campfire_upgraded":1,"win_rate":0.0,"timestamp":1609708676,"path_taken":["M","?","?","M","?","E","M","M","T","M","R","$","?","$","R","BOSS","M","?","$","?","?","R","E"],"items_purchased_type":["Relic","Relic","Card"],"build_version":"2020-12-22","purchased_purges":1,"victory":false,"max_hp_per_floor":[72,72,72,72,72,72,72,72,72,72,72,72,72,72,72,72,72,72,72,72,72,72,72,72,72],"card_choices":[{"not_picked":["FollowUp","SashWhip"],"picked":"SandsOfTime","floor":1.0},{"not_picked":["EmptyFist","FlurryOfBlows","Study"],"picked":"SKIP","floor":4.0},{"not_picked":["Prostrate","BowlingBash"],"picked":"Wish","floor":6.0},{"not_picked":["FollowUp","SignatureMove"],"picked":"WheelKick","floor":7.0},{"not_picked":["WreathOfFlame","CutThroughFate"],"picked":"BattleHymn","floor":8.0},{"not_picked":["FlyingSleeves","CutThroughFate"],"picked":"Halt","floor":10.0},{"not_picked":["Omniscience","Scrawl"],"picked":"Establishment+1","floor":16.0},{"not_picked":["EmptyBody","CrushJoints"],"picked":"Consecrate","floor":18.0},{"not_picked":["CutThroughFate","Consecrate"],"picked":"Indignation","floor":19}],"player_experience":305309,"relics_obtained":[{"floor":3.0,"key":"Akabeko"},{"floor":6.0,"key":"CloakClasp"},{"floor":9.0,"key":"Matryoshka"},{"floor":19,"key":"Red Mask"}],"event_choices":[{"damage_healed":0.0,"max_hp_gain":0.0,"max_hp_loss":0.0,"gold_gain":0.0,"event_name":"The Cleric","player_choice":"Leave","floor":2.0,"gold_loss":0.0,"damage_taken":0.0},{"damage_healed":0.0,"max_hp_gain":0.0,"max_hp_loss":0.0,"gold_gain":175.0,"event_name":"betterThird:BetterSerpent","player_choice":"AGREE","floor":5.0,"gold_loss":0.0,"damage_taken":149.0},{"damage_healed":0.0,"max_hp_gain":0.0,"max_hp_loss":0.0,"gold_gain":75.0,"event_name":"betterThird:BetterGoop","player_choice":"Gold","floor":13.0,"gold_loss":0.0,"damage_taken":11.0},{"damage_healed":0,"gold_gain":0,"player_choice":"Fought Bandits","damage_taken":0,"max_hp_gain":0,"max_hp_loss":0,"event_name":"Masked Bandits","floor":19,"gold_loss":0},{"damage_healed":0,"gold_gain":0,"player_choice":"Stole Relic","damage_taken":0,"relics_obtained":["Vajra"],"max_hp_gain":0,"max_hp_loss":0,"event_name":"Addict","floor":21,"gold_loss":0,"cards_obtained":["Shame"]}],"is_beta":false,"boss_relics":[{"not_picked":["Cursed Key","Busted Crown"],"picked":"HolyWater"}],"items_purged_floors":[12],"is_endless":false,"potions_floor_spawned":[1,8,10,18],"killed_by":"Slavers","ascension_level":9}}