{"host":"yqwjrm3sou8w5ks3","time":1609666192,"event":{"mods":["Aspiration","BaseMod","Better Third Choice","BetterRewards","Colored Map","Colored Powertips","Conspire","Downfall","Energized Spire","GifTheSpireLib","Halation","Hermit","Hubris","Mimic Mod","Minty Spire (QoL Compilation)","Replay The Spire","Reworked Bosses","Spikes Relics","StSLib","Stuff the Spire","The Blue Laboratory","UnlockEverythingMod","Wandering Minibosses","vexMod"],"gold_per_floor":[119,937,1000,1020,1020,365,400,1177,1214,1242,1242,1272,1289,1315,1315,1413,1413,1432,1444,1146,1165,1165,1199,1199,901,901,937,988,1013,1038,1069,1069,1194,1194,1218,593,649,345,245,286,308,356,404,456,456,480,505,572,572,584,584,584,280,331,352],"floor_reached":56,"playtime":2888,"items_purged":["hermit:Snapshot","hermit:Covet","StuffTheSpire:Ambrosia"],"score":2628,"play_id":"0a8cbe0b-a566-4b9a-b9cb-2ee684f8794b","local_time":"20210103102952","is_ascension_mode":true,"campfire_choices":[{"floor":11,"key":"DIG"},{"floor":15,"key":"DIG"},{"floor":32,"key":"DIG"},{"floor":45,"key":"DIG"},{"floor":49,"key":"RECALL"},{"floor":52,"key":"DIG"}],"circlet_count":0,"master_deck":["hermit:Strike_Hermit+1","hermit:Strike_Hermit+1","hermit:Strike_Hermit+1","hermit:Strike_Hermit+1","hermit:Defend_Hermit","hermit:Defend_Hermit+1","hermit:Defend_Hermit","hermit:Defend_Hermit","hermit:Maintenance+1","hermit:Maintenance+1","Pot Of Greed+1","Pot Of Greed+1","hermit:RoundhouseKick+1","hermit:RoundhouseKick+1","Regret"],"relics":["hermit:Momento","Shovel","Du-Vu Doll","Replay:Towering Pillar of Hats","Anchor","conspire:DeflatedDodgeball","Toxic Egg 2","Torii","halation:Thesaurus","conspire:DecoderRing","Toy Ornithopter","Mirror","hubris:OldNail","halation:EternalFortune","halation:BlackBeret","HandDrill","Akabeko","vexMod:ScavengeHelm","Grinning Jar","WizardHat","aspiration:HummingbirdHeart","hubris:SphereOfDissonance","Boot","Oddly Smooth Stone","Whetstone","vexMod:ImprovementManual","Cursed Key","Bronze Scales","OrangePellets","Vajra","Replay:Bandana","aspiration:Nostalgia","hexamod:SpiritBrand","PreservedInsect","Counterbalance","Black Star","StuffTheSpire:EmeraldSignet","HornCleat","wanderingMiniBosses:AbyssPearl","ReplayTheSpireMod:TigerMarble","vexMod:MemoryStick","halation:TwoAmDonut","halation:QuantumPhysicsTextbook","hubris:TinFlute","StuffTheSpire:Wildfire","Bottled Lightning","SpikesRelics:DaevaFist","Strawberry","vexMod:RetaliationKit","Quantum Egg","Mango","LugNut","TungstenRod","Orichalcum","Simple Rune"],"acts_visited":[],"potions_floor_usage":[7,33,55,55],"damage_taken":[{"damage":0,"enemies":"Small Slimes","floor":1,"turns":3},{"damage":3,"enemies":"conspire:RoseBush","floor":4,"turns":3},{"damage":0,"enemies":"Replay:BlueRogue","floor":7,"turns":4},{"damage":2,"enemies":"Jaw Worm","floor":9,"turns":6},{"damage":0,"enemies":"3 Sentries","floor":10,"turns":3},{"damage":0,"enemies":"Lagavulin","floor":12,"turns":5},{"damage":0,"enemies":"Jaw Worm","floor":13,"turns":1},{"damage":0,"enemies":"3 Sentries","floor":14,"turns":4},{"damage":0,"enemies":"Fading Forest","floor":16,"turns":11},{"damage":0,"enemies":"3 Byrds","floor":18,"turns":3},{"damage":0,"enemies":"Chosen","floor":19,"turns":2},{"damage":0,"enemies":"conspire:HollyBat","floor":21,"turns":6},{"damage":12,"enemies":"conspire:SneckoGhost","floor":23,"turns":3},{"damage":0,"enemies":"Centurion and Healer","floor":27,"turns":4},{"damage":0,"enemies":"Replay:Snechameleon","floor":28,"turns":3},{"damage":0,"enemies":"Snecko","floor":29,"turns":2},{"damage":1,"enemies":"conspire:HollyBat","floor":30,"turns":7},{"damage":0,"enemies":"Shelled Parasite and Fungi","floor":31,"turns":3},{"damage":0,"enemies":"Pondfish","floor":33,"turns":8},{"damage":0,"enemies":"Orb Walker","floor":35,"turns":2},{"damage":18,"enemies":"3 Darklings","floor":37,"turns":7},{"damage":0,"enemies":"R_Hoarder","floor":40,"turns":3},{"damage":0,"enemies":"4 Shapes","floor":41,"turns":1},{"damage":0,"enemies":"Giant Head","floor":42,"turns":3},{"damage":0,"enemies":"Jaw Worm Horde","floor":43,"turns":3},{"damage":0,"enemies":"Reptomancer","floor":44,"turns":2},{"damage":0,"enemies":"Jaw Worm Horde","floor":46,"turns":1},{"damage":0,"enemies":"3 Darklings","floor":47,"turns":1},{"damage":0,"enemies":"2 Orb Walkers","floor":48,"turns":1},{"damage":7,"enemies":"bossMod:newAwakened","floor":50,"turns":11},{"damage":0,"enemies":"Shield and Spear","floor":54,"turns":2},{"damage":0,"enemies":"The Heart","floor":55,"turns":7}],"seed_played":"-7713375737190486421","potions_obtained":[{"floor":1,"key":"blueLaboratory:PyrophylliteBrew"},{"floor":3,"key":"blueLaboratory:StoneskinPotion"},{"floor":4,"key":"blueLaboratory:FruitPunch"},{"floor":7,"key":"blueLaboratory:ForbiddenFruitJuice"},{"floor":19,"key":"Cursed Concoction"},{"floor":35,"key":"blueLaboratory:FruitPunch"},{"floor":41,"key":"blueLaboratory:ExaltedPotion"}],"is_trial":false,"path_per_floor":["M","$","?","M","?","$","E","$","MIM","E","R","E","M","E","R","B",null,"M","M","$","M","?","E","?","$","T","M","E","M","M","M","R","B",null,"M","$","M","$","NS","E","M","E","MIM","E","R","M","M","?","R","B",null,"R","$","E","B",null],"character_chosen":"HERMIT","items_purchased":["Replay:Ringing Soul","Shovel","Anchor","conspire:DeflatedDodgeball","hermit:Maintenance","Torii","halation:Thesaurus","Toy Ornithopter","Mirror","halation:BlackBeret","HandDrill","Akabeko","hermit:HighCaliber","Grinning Jar","WizardHat","hermit:RoundhouseKick","Bronze Scales","OrangePellets","Replay:Bandana","aspiration:Nostalgia","StuffTheSpire:EmeraldSignet","HornCleat","ReplayTheSpireMod:TigerMarble","vexMod:MemoryStick","TungstenRod"],"campfire_rested":0,"item_purchase_floors":[0,0,0,0,0,0,2,2,2,6,6,6,6,8,8,8,20,20,25,25,36,36,38,38,53],"current_hp_per_floor":[81,81,61,58,61,61,68,68,69,69,69,69,69,69,69,79,89,89,89,89,89,58,46,31,31,31,32,33,37,37,38,38,44,98,99,99,81,81,81,84,84,86,89,96,96,96,96,110,110,111,126,126,126,126,126],"gold":352,"neow_bonus":"","is_daily":false,"chose_seed":false,"campfire_upgraded":0,"win_rate":0.0,"timestamp":1609666192,"path_taken":["M","$","?","M","?","$","E","?","MIM","E","R","E","M","E","R","BOSS","M","?","$","M","?","E","?","$","T","M","E","M","M","M","R","BOSS","M","$","M","$","NS","E","M","E","MIM","E","R","M","M","?","R","BOSS","R","$","E","BOSS"],"items_purchased_type":["Relic","Relic","Relic","Relic","Card","Relic","Relic","Relic","Relic","Relic","Relic","Relic","Card","Relic","Relic","Card","Relic","Relic","Relic","Relic","Relic","Relic","Relic","Relic","Relic"],"build_version":"2020-12-13","purchased_purges":3,"victory":true,"max_hp_per_floor":[81,81,81,81,84,84,86,86,89,89,89,89,89,89,89,89,89,89,89,89,89,89,89,89,89,89,90,91,95,96,97,97,98,98,99,99,99,99,99,102,102,102,105,112,112,112,112,126,126,126,126,126,126,126,126],"card_choices":[{"not_picked":["hermit:Feint+1","hermit:Cheat+1"],"picked":"hermit:Maintenance+1","floor":1},{"not_picked":["hermit:Headshot","hermit:HoleUp+1","hermit:Roulette"],"picked":"SKIP","floor":4},{"not_picked":["hermit:Cheat+1","hermit:WideOpen","hermit:TrackingShot"],"picked":"SKIP","floor":7},{"not_picked":["hermit:Adapt","hermit:Ricochet","hermit:CursedWeapon"],"picked":"SKIP","floor":10},{"not_picked":["hermit:Headshot","hermit:Brawl","hermit:Horror+1"],"picked":"SKIP","floor":12},{"not_picked":["hermit:TrackingShot","hermit:HoleUp+1","hermit:WideOpen"],"picked":"SKIP","floor":13},{"not_picked":["hermit:HoleUp+1","hermit:Manifest+1"],"picked":"hermit:BodyArmor+1","floor":14},{"not_picked":["hermit:GoldenBullet","hermit:HoleUp+1","hermit:Dive+1"],"picked":"SKIP","floor":18},{"not_picked":["hermit:Ricochet","hermit:HoleUp+1","hermit:ItchyTrigger"],"picked":"SKIP","floor":19},{"not_picked":["hermit:LowProfile+1","hermit:ItchyTrigger","hermit:TrackingShot"],"picked":"SKIP","floor":21},{"not_picked":["hermit:Manifest+1","hermit:Spite+1","hermit:DeadOrAlive"],"picked":"SKIP","floor":23},{"not_picked":["hermit:Ricochet","hermit:GhostlyPresence+1","hermit:FlashPowder+1"],"picked":"SKIP","floor":27},{"not_picked":["hermit:Virtue+1","hermit:Deadeye","hermit:Snipe+1"],"picked":"SKIP","floor":28},{"not_picked":["hermit:CalledShot+1","hermit:Misfire+1","hermit:Glare+1"],"picked":"SKIP","floor":29},{"not_picked":["hermit:HoleUp+1","hermit:Ricochet","hermit:GhostlyPresence+1"],"picked":"SKIP","floor":30},{"not_picked":["hermit:Cheat+1","hermit:Roulette+1","hermit:EyeOfTheStorm+1"],"picked":"SKIP","floor":31},{"not_picked":["hermit:Glare+1","hermit:TrackingShot+1","hermit:Maintenance+1"],"picked":"SKIP","floor":35},{"not_picked":["hermit:Feint+1","hermit:HighCaliber+1","hermit:Manifest+1"],"picked":"SKIP","floor":37},{"not_picked":["hermit:Headshot","hermit:EternalForm","hermit:WideOpen+1"],"picked":"SKIP","floor":40},{"not_picked":["hermit:Ricochet","hermit:Snipe+1","hermit:LuckOfTheDraw+1"],"picked":"SKIP","floor":41},{"not_picked":["hermit:HoleUp+1","hermit:TrackingShot+1","hermit:EternalForm"],"picked":"SKIP","floor":42},{"not_picked":["hermit:Misfire+1","hermit:GoldenBullet+1","hermit:LowProfile+1"],"picked":"SKIP","floor":44},{"not_picked":["hermit:Ricochet","hermit:HoleUp+1","hermit:WideOpen"],"picked":"SKIP","floor":46},{"not_picked":["hermit:Vantage+1","hermit:TakeCover+1","hermit:LowProfile+1"],"picked":"SKIP","floor":47},{"not_picked":["hermit:Determination+1","hermit:CalledShot","hermit:FinalCanter"],"picked":"SKIP","floor":54}],"player_experience":108662,"relics_obtained":[{"floor":3,"key":"hubris:OldNail"},{"floor":7,"key":"vexMod:ScavengeHelm"},{"floor":9,"key":"aspiration:HummingbirdHeart"},{"floor":9,"key":"halation:EternalFortune"},{"floor":10,"key":"Dead Branch"},{"floor":11,"key":"hubris:SphereOfDissonance"},{"floor":12,"key":"Boot"},{"floor":14,"key":"Oddly Smooth Stone"},{"floor":15,"key":"Whetstone"},{"floor":23,"key":"Vajra"},{"floor":28,"key":"PreservedInsect"},{"floor":29,"key":"halation:EternalFortune"},{"floor":32,"key":"Counterbalance"},{"floor":37,"key":"wanderingMiniBosses:AbyssPearl"},{"floor":40,"key":"halation:EternalFortune"},{"floor":40,"key":"halation:TwoAmDonut"},{"floor":40,"key":"halation:QuantumPhysicsTextbook"},{"floor":42,"key":"hubris:TinFlute"},{"floor":42,"key":"StuffTheSpire:Wildfire"},{"floor":43,"key":"Bottled Lightning"},{"floor":43,"key":"SpikesRelics:DaevaFist"},{"floor":43,"key":"halation:EternalFortune"},{"floor":44,"key":"Strawberry"},{"floor":44,"key":"vexMod:RetaliationKit"},{"floor":45,"key":"Quantum Egg"},{"floor":48,"key":"Mango"},{"floor":52,"key":"LugNut"},{"floor":54,"key":"Orichalcum"},{"floor":54,"key":"Simple Rune"}],"event_choices":[{"damage_healed":0,"gold_gain":0,"player_choice":"Fight","damage_taken":0,"max_hp_gain":0,"max_hp_loss":0,"event_name":"Mysterious Sphere","floor":48,"gold_loss":0}],"is_beta":false,"boss_relics":[{"not_picked":["Replay:Drink Me","Snecko Eye"],"picked":"vexMod:ImprovementManual"},{"not_picked":["aspiration:RunicSpoon","Snecko Heart"],"picked":"Black Star"}],"items_purged_floors":[2,8,36],"is_endless":false,"potions_floor_spawned":[1,4,7,10,19,23,29,31,35,41,46,48],"ascension_level":2}}