{"host":"ga4s3hj9m6nkn6gp","time":1609710918,"event":{"mods":["BaseMod","Colored Powertips","Minty Spire (QoL Compilation)","Relic Stats"],"gold_per_floor":[20,37,52,52,52,79,79,43,43,73,73,88,88,104,104,177,177,177,177,177,177,177,177,177,177,177,6,6,6,6,6,6,6,6],"floor_reached":33,"playtime":1643,"items_purged":[],"score":542,"play_id":"246f51c9-7a8f-4c0e-ab81-6a492e8edabb","local_time":"20210103225518","is_ascension_mode":true,"campfire_choices":[{"data":"Bouncing Flask","floor":7.0,"key":"SMITH"},{"data":"Noxious Fumes","floor":11.0,"key":"SMITH"},{"floor":15.0,"key":"REST"},{"floor":23.0,"key":"REST"},{"floor":25.0,"key":"REST"},{"data":"Riddle With Holes","floor":30.0,"key":"SMITH"},{"floor":32.0,"key":"REST"}],"circlet_count":0,"master_deck":["AscendersBane","Strike_G","Strike_G+1","Defend_G","Defend_G","Defend_G","Defend_G","Defend_G","Survivor","Neutralize+1","Die Die Die+1","Bouncing Flask+1","All Out Attack","Poisoned Stab","Blade Dance","Noxious Fumes+1","Cloak And Dagger+1","Riddle With Holes+1","Finisher","After Image","Accuracy+1","Corpse Explosion","Bane","Blade Dance+1","PiercingWail","Accuracy","Necronomicurse"],"relics":["Ring of the Snake","Juzu Bracelet","Kunai","Whetstone","Ectoplasm","Mummified Hand","Tiny Chest","OrangePellets","Red Mask","Necronomicon"],"acts_visited":["Exordium","TheCity"],"potions_floor_usage":[],"damage_taken":[{"damage":0.0,"enemies":"Jaw Worm","floor":1.0,"turns":4.0},{"damage":0.0,"enemies":"Small Slimes","floor":2.0,"turns":3.0},{"damage":0.0,"enemies":"Cultist","floor":3.0,"turns":3.0},{"damage":29.0,"enemies":"Gremlin Nob","floor":6.0,"turns":4.0},{"damage":7.0,"enemies":"3 Sentries","floor":10.0,"turns":4.0},{"damage":6.0,"enemies":"2 Fungi Beasts","floor":12.0,"turns":3.0},{"damage":0.0,"enemies":"Red Slaver","floor":14.0,"turns":3.0},{"damage":31.0,"enemies":"Slime Boss","floor":16.0,"turns":8.0},{"damage":14.0,"enemies":"Shell Parasite","floor":18.0,"turns":5.0},{"damage":0.0,"enemies":"Chosen","floor":20.0,"turns":3.0},{"damage":20.0,"enemies":"Snecko","floor":22.0,"turns":5.0},{"damage":17.0,"enemies":"Slavers","floor":24.0,"turns":3.0},{"damage":1.0,"enemies":"Masked Bandits","floor":28.0,"turns":3.0},{"damage":48,"enemies":"Collector","floor":33,"turns":7}],"seed_played":"-4009745870408285308","potions_obtained":[{"floor":1.0,"key":"SteroidPotion"},{"floor":6.0,"key":"Dexterity Potion"},{"floor":14.0,"key":"Dexterity Potion"},{"floor":18.0,"key":"Explosive Potion"},{"floor":22.0,"key":"Fire Potion"}],"is_trial":false,"path_per_floor":["M","M","M","?","?","E","R","$","T","E","R","M","?","M","R","B",null,"M","?","M","?","M","R","E","R","T","$","?","?","R","?","R","B"],"character_chosen":"THE_SILENT","items_purchased":["Noxious Fumes","OrangePellets"],"campfire_rested":4,"item_purchase_floors":[8,27],"current_hp_per_floor":[59,59,59,64,64,35,35,35,35,28,28,22,22,22,43,12,56,42,42,42,42,22,43,26,47,47,47,46,25,25,25,46,0,0],"gold":6,"neow_bonus":"THREE_RARE_CARDS","is_daily":false,"chose_seed":false,"campfire_upgraded":3,"win_rate":0.0,"timestamp":1609710918,"path_taken":["M","M","M","?","?","E","R","?","T","E","R","M","?","M","R","BOSS","M","?","M","?","M","R","E","R","T","$","?","?","R","?","R","BOSS"],"items_purchased_type":["Card","Relic"],"build_version":"2020-12-22","purchased_purges":0,"victory":false,"max_hp_per_floor":[66,66,66,71,71,71,71,71,71,71,71,71,71,71,71,71,71,71,71,71,71,71,71,71,71,71,71,71,71,71,71,71,71,71],"relic_stats":{"OrangePellets":[0],"counters":[14,58],"Mummified Hand":[5],"Tiny Chest":0,"Ectoplasm":122,"Juzu Bracelet":2,"Necronomicon":[1],"Kunai":[26],"Whetstone":["Strike_G","Neutralize"],"obtain_stats":[{"OrangePellets":27,"Mummified Hand":24,"Tiny Chest":26,"Ectoplasm":17,"Juzu Bracelet":6,"Red Mask":28,"Necronomicon":29,"Kunai":9,"Whetstone":10,"Ring of the Snake":0},{"OrangePellets":12,"Mummified Hand":12,"Tiny Chest":12,"Ectoplasm":8,"Juzu Bracelet":4,"Red Mask":13,"Necronomicon":13,"Kunai":4,"Whetstone":5,"Ring of the Snake":0},{"OrangePellets":48,"Mummified Hand":48,"Tiny Chest":48,"Ectoplasm":32,"Juzu Bracelet":14,"Red Mask":51,"Necronomicon":51,"Kunai":14,"Whetstone":18,"Ring of the Snake":0}],"Ring of the Snake":[28]},"card_choices":[{"not_picked":["Adrenaline","Tools of the Trade"],"picked":"Die Die Die","floor":0.0},{"not_picked":["Blur","Bane"],"picked":"Bouncing Flask","floor":1.0},{"not_picked":["Flechettes","Dagger Spray"],"picked":"All Out Attack","floor":2.0},{"not_picked":["PiercingWail","Dodge and Roll"],"picked":"Poisoned Stab","floor":3.0},{"not_picked":["Underhanded Strike","Predator"],"picked":"Blade Dance","floor":6.0},{"not_picked":["Outmaneuver","Deflect"],"picked":"Cloak And Dagger","floor":10.0},{"not_picked":["Riddle With Holes","Sucker Punch","Dash"],"picked":"SKIP","floor":12.0},{"not_picked":["Sucker Punch","Dash"],"picked":"Riddle With Holes","floor":12.0},{"not_picked":["Poisoned Stab","Flechettes"],"picked":"Finisher","floor":14.0},{"not_picked":["Venomology","Adrenaline"],"picked":"After Image","floor":16.0},{"not_picked":["Bane","Predator"],"picked":"Accuracy+1","floor":18.0},{"not_picked":["All Out Attack","Flying Knee"],"picked":"Blade Dance+1","floor":20.0},{"not_picked":["Dash","Poisoned Stab","Masterful Stab"],"picked":"SKIP","floor":22.0},{"not_picked":["Dagger Throw","Phantasmal Killer"],"picked":"PiercingWail","floor":24.0},{"not_picked":["Skewer","Dash"],"picked":"Accuracy","floor":28.0}],"player_experience":563058,"relics_obtained":[{"floor":6.0,"key":"Juzu Bracelet"},{"floor":9.0,"key":"Kunai"},{"floor":10.0,"key":"Whetstone"},{"floor":24.0,"key":"Mummified Hand"},{"floor":26.0,"key":"Tiny Chest"},{"floor":28.0,"key":"Red Mask"},{"floor":29.0,"key":"Necronomicon"}],"event_choices":[{"damage_healed":0.0,"max_hp_gain":5.0,"max_hp_loss":0.0,"gold_gain":0.0,"event_name":"Big Fish","player_choice":"Donut","floor":4.0,"gold_loss":0.0,"damage_taken":0.0},{"damage_healed":0.0,"max_hp_gain":0.0,"max_hp_loss":0.0,"gold_gain":0.0,"event_name":"Living Wall","player_choice":"Grow","floor":5.0,"gold_loss":0.0,"damage_taken":0.0,"cards_upgraded":["Die Die Die"]},{"cards_removed":["Strike_G"],"damage_healed":0.0,"max_hp_gain":0.0,"max_hp_loss":0.0,"gold_gain":0.0,"event_name":"Purifier","player_choice":"Purged","floor":13.0,"gold_loss":0.0,"damage_taken":0.0},{"damage_healed":0.0,"max_hp_gain":0.0,"max_hp_loss":0.0,"gold_gain":0.0,"cards_transformed":["Strike_G","Strike_G"],"event_name":"Drug Dealer","player_choice":"Became Test Subject","floor":19.0,"gold_loss":0.0,"damage_taken":0.0,"cards_obtained":["Corpse Explosion","Bane"]},{"damage_healed":0.0,"max_hp_gain":0.0,"max_hp_loss":0.0,"gold_gain":0.0,"event_name":"Upgrade Shrine","player_choice":"Upgraded","floor":21.0,"gold_loss":0.0,"damage_taken":0.0,"cards_upgraded":["Cloak And Dagger"]},{"damage_healed":0.0,"max_hp_gain":0.0,"max_hp_loss":0.0,"gold_gain":0.0,"event_name":"Masked Bandits","player_choice":"Fought Bandits","floor":28.0,"gold_loss":0.0,"damage_taken":0.0},{"damage_healed":0.0,"max_hp_gain":0.0,"max_hp_loss":0.0,"gold_gain":0.0,"event_name":"Cursed Tome","player_choice":"Obtained Book","floor":29.0,"gold_loss":0.0,"damage_taken":21.0},{"damage_healed":0.0,"max_hp_gain":0.0,"max_hp_loss":0.0,"gold_gain":0.0,"event_name":"Vampires","player_choice":"Ignored","floor":31.0,"gold_loss":0.0,"damage_taken":0.0}],"is_beta":false,"boss_relics":[{"not_picked":["Coffee Dripper","Pandora\u0027s Box"],"picked":"Ectoplasm"}],"items_purged_floors":[],"is_endless":false,"potions_floor_spawned":[1,6,14,18,22],"killed_by":"Collector","ascension_level":20}}