{"host":"utqe55yv0jihe4d6","time":1609688211,"event":{"mods":["2.2 Compatiblity","AchievementEnabler","BaseMod","Block Reminder","Colored Map","Colored Powertips","Minty Spire (QoL Compilation)","Quick Restart","Rare Cards Sparkle","Relic Stats","SuperFastMode"],"gold_per_floor":[111,121,121,136,136,136,164,164,164,174,174,207,234,264,276,367,379,408,420,482,494,18,44,59,69,69,69,69],"floor_reached":27,"playtime":756,"items_purged":["Strike_R"],"score":482,"play_id":"ca1d7622-1971-4aca-a6d6-811ba5abb53a","local_time":"20210103103651","is_ascension_mode":true,"campfire_choices":[{"data":"Pommel Strike","floor":6.0,"key":"SMITH"},{"data":"Whirlwind","floor":8,"key":"SMITH"},{"data":"Disarm","floor":15,"key":"SMITH"}],"circlet_count":0,"master_deck":["AscendersBane","Strike_R","Strike_R","Strike_R","Strike_R","Defend_R","Defend_R","Defend_R","Defend_R","Bash","Exhume","Pommel Strike+1","Feel No Pain","Blood for Blood+1","Whirlwind+1","Immolate","Disarm+1","Demon Form","Shrug It Off","Clothesline","Inflame"],"relics":["Burning Blood","Question Card","Nunchaku","Pen Nib","MawBank","Fusion Hammer","OrangePellets","Potion Belt","Bag of Preparation","Paper Frog"],"acts_visited":["Exordium","TheCity"],"potions_floor_usage":[7,16,16,23,27],"damage_taken":[{"damage":5.0,"enemies":"2 Louse","floor":1.0,"turns":4.0},{"damage":7.0,"enemies":"Small Slimes","floor":2.0,"turns":4.0},{"damage":2.0,"enemies":"Jaw Worm","floor":4.0,"turns":3.0},{"damage":22,"enemies":"3 Sentries","floor":7,"turns":8},{"damage":15,"enemies":"3 Louse","floor":10,"turns":2},{"damage":32,"enemies":"Gremlin Nob","floor":12,"turns":4},{"damage":14,"enemies":"Exordium Wildlife","floor":14,"turns":3},{"damage":9,"enemies":"Hexaghost","floor":16,"turns":11},{"damage":26,"enemies":"Shell Parasite","floor":18,"turns":5},{"damage":11,"enemies":"Book of Stabbing","floor":23,"turns":5},{"damage":22,"enemies":"Spheric Guardian","floor":24,"turns":4},{"damage":13,"enemies":"3 Cultists","floor":25,"turns":3},{"damage":10,"enemies":"Shelled Parasite and Fungi","floor":27,"turns":2}],"seed_played":"-8713353641456467669","potions_obtained":[{"floor":1.0,"key":"Regen Potion"},{"floor":4.0,"key":"EssenceOfSteel"},{"floor":12,"key":"LiquidBronze"},{"floor":16,"key":"Weak Potion"},{"floor":25,"key":"SmokeBomb"}],"is_trial":false,"path_per_floor":["M","M","?","M","?","R","E","R","T","M","?","E","T","M","R","B",null,"M","?","?","?","$","E","M","M","T","M"],"character_chosen":"IRONCLAD","items_purchased":["OrangePellets","Potion Belt","LiquidBronze"],"campfire_rested":0,"item_purchase_floors":[22,22,22],"current_hp_per_floor":[69,68,50,54,54,54,53,53,53,44,44,18,18,10,10,7,58,38,38,38,38,38,33,17,10,10,0,0],"gold":69,"neow_bonus":"ONE_RANDOM_RARE_CARD","is_daily":false,"chose_seed":false,"campfire_upgraded":3,"win_rate":0.0,"timestamp":1609688211,"path_taken":["M","M","?","M","?","R","E","R","T","M","?","E","?","M","R","BOSS","M","?","?","?","$","E","?","M","T","M"],"items_purchased_type":["Relic","Relic","Potion"],"build_version":"2020-12-22","purchased_purges":1,"victory":false,"max_hp_per_floor":[75,75,75,75,75,75,75,75,75,75,75,75,75,75,75,75,75,75,75,75,75,75,75,75,75,75,75,75],"relic_stats":{"OrangePellets":[0],"Nunchaku":[5],"counters":[13,58],"Pen Nib":[4],"Bag of Preparation":[6],"Question Card":10,"MawBank":108,"obtain_stats":[{"Potion Belt":22,"OrangePellets":22,"Nunchaku":7,"Pen Nib":12,"Fusion Hammer":17,"Bag of Preparation":23,"Question Card":3,"MawBank":13,"Burning Blood":0,"Paper Frog":26},{"Potion Belt":9,"OrangePellets":9,"Nunchaku":4,"Pen Nib":6,"Fusion Hammer":8,"Bag of Preparation":10,"Question Card":2,"MawBank":6,"Burning Blood":0,"Paper Frog":12},{"Potion Belt":44,"OrangePellets":44,"Nunchaku":19,"Pen Nib":25,"Fusion Hammer":39,"Bag of Preparation":49,"Question Card":8,"MawBank":25,"Burning Blood":0,"Paper Frog":56}],"Burning Blood":72},"card_choices":[{"not_picked":["Metallicize","Warcry"],"picked":"Pommel Strike","floor":1.0},{"not_picked":["Dropkick","Sentinel"],"picked":"Feel No Pain","floor":2.0},{"not_picked":["Perfected Strike","Pommel Strike","Infernal Blade"],"picked":"Blood for Blood","floor":4.0},{"not_picked":["Seeing Red","Havoc","Wild Strike"],"picked":"Whirlwind","floor":7},{"not_picked":["Hemokinesis","Cleave","Spot Weakness"],"picked":"Immolate","floor":10},{"not_picked":["Clash","Second Wind","Reckless Charge","Pommel Strike"],"picked":"SKIP","floor":12},{"not_picked":["Rupture","Shrug It Off","Thunderclap"],"picked":"Disarm","floor":14},{"not_picked":["Juggernaut","Double Tap","Limit Break"],"picked":"Demon Form","floor":16},{"not_picked":["Dropkick","Pommel Strike","Rampage"],"picked":"Shrug It Off","floor":18},{"not_picked":["Anger","Body Slam","Havoc"],"picked":"Clothesline","floor":23},{"not_picked":["Headbutt+1","Metallicize","Clash","Power Through"],"picked":"SKIP","floor":24},{"not_picked":["Cleave","Body Slam","Sword Boomerang"],"picked":"Inflame","floor":25}],"player_experience":2931992,"relics_obtained":[{"floor":7,"key":"Nunchaku"},{"floor":12,"key":"Pen Nib"},{"floor":13,"key":"MawBank"},{"floor":23,"key":"Bag of Preparation"},{"floor":26,"key":"Paper Frog"}],"event_choices":[{"damage_healed":0.0,"max_hp_gain":0.0,"max_hp_loss":0.0,"gold_gain":0.0,"event_name":"Scrap Ooze","player_choice":"Success","floor":3.0,"gold_loss":0.0,"damage_taken":18.0,"relics_obtained":["Question Card"]},{"damage_healed":0.0,"max_hp_gain":0.0,"max_hp_loss":0.0,"gold_gain":0.0,"event_name":"Living Wall","player_choice":"Grow","floor":5.0,"gold_loss":0.0,"damage_taken":0.0,"cards_upgraded":["Blood for Blood"]},{"damage_healed":0,"gold_gain":0,"player_choice":"Ignored","damage_taken":0,"max_hp_gain":0,"max_hp_loss":0,"event_name":"Liars Game","floor":11,"gold_loss":0},{"damage_healed":0,"gold_gain":0,"player_choice":"Ignored","damage_taken":0,"max_hp_gain":0,"max_hp_loss":0,"event_name":"Vampires","floor":19,"gold_loss":0},{"damage_healed":0,"gold_gain":50,"player_choice":"Stole From Cult","damage_taken":0,"max_hp_gain":0,"max_hp_loss":0,"event_name":"Nest","floor":20,"gold_loss":0},{"damage_healed":0,"gold_gain":0,"player_choice":"Ignored","damage_taken":0,"max_hp_gain":0,"max_hp_loss":0,"event_name":"Ghosts","floor":21,"gold_loss":0}],"is_beta":false,"boss_relics":[{"not_picked":["Tiny House","Busted Crown"],"picked":"Fusion Hammer"}],"items_purged_floors":[22],"is_endless":false,"potions_floor_spawned":[1,4,12,16,25],"killed_by":"Shelled Parasite and Fungi","ascension_level":20}}