{"host":"ctlqibkg0sskiu65","time":1609658683,"event":{"mods":["2.2 Compatiblity","AchievementEnabler","Aspiration","BaseMod","BetterRewards","Colored Map","Colored Powertips","Conspire","Downfall","Fiend Mod","Infinite Spire","Minty Spire (QoL Compilation)","Quick Restart","Replay The Spire","Shop Mod","StSLib","The Bladedancer","The Cursed","The Hierophant","The Jungle","The Kombatant","The Poker Player","The Servant 0.9.4","TheBandit"],"gold_per_floor":[116,116,134,134,146,146,171,23,23,23,23,43,55,89,89,192,192,203,78,94,94,113,147,147,174,244,264,264,282,297,316,316,417,417,427,477,477,487,507,507,527,527,527,527,558,574,574,62,62,62],"floor_reached":51,"playtime":3278,"items_purged":["Strike_G","Strike_G","Strike_G"],"score":1344,"play_id":"9b4497c2-e220-4f89-b197-6cb9c2e2bbf3","local_time":"20210103012443","is_ascension_mode":true,"campfire_choices":[{"data":"Infinite Blades","floor":6,"key":"SMITH"},{"data":"Blade Dance","floor":10,"key":"SMITH"},{"data":"ReplayTheSpireMod:Scrap Shanks","floor":15,"key":"SMITH"},{"data":"conspire:PoisonWeapons","floor":24,"key":"SMITH"},{"floor":32,"key":"REST"},{"floor":40,"key":"REST"},{"floor":44,"key":"REST"},{"floor":47,"key":"REST"},{"data":"ReplayTheSpireMod:Shiv Toss","floor":49,"key":"SMITH"}],"circlet_count":0,"master_deck":["AscendersBane","Strike_G","Strike_G","Defend_G","Defend_G","Defend_G+1","Defend_G","Defend_G+1","Survivor+1","Neutralize","Blade Dance+1","ReplayTheSpireMod:Scrap Shanks","Hidden Blade","Leg Sweep","Infinite Blades+1","Backstab","Blade Dance+1","ReplayTheSpireMod:Shiv Toss+1","ReplayTheSpireMod:Scrap Shanks+1","PiercingWail","conspire:PoisonWeapons+1","infinitespire:Neurotoxin","Endless Agony","Blade Dance+1","Endless Agony","Cloak And Dagger+1","Deflect+1","Hidden Blade+1","Dagger Spray+1","Infinite Blades+1","Cloak And Dagger+1"],"relics":["Ring of the Snake","War Paint","aspiration:AnachronicSnailShell","Divine Protection","infinitespire:CheckeredPen","conspire:GlowingRock","Replay:Bronze Core","infinitespire:CursedDice","infinitespire:Lucky Rock","Philosopher\u0027s Stone","FossilizedHelix","Replay:Accelerometer","Happy Flower","Shuriken","Mirror"],"acts_visited":["Exordium","TheCity","TheBeyond"],"potions_floor_usage":[7,7,16,16,16,22,22,25,31,33,39,39,41],"damage_taken":[{"damage":0,"enemies":"conspire:RoseBush","floor":1,"turns":6},{"damage":1,"enemies":"Small Slimes","floor":3,"turns":3},{"damage":0,"enemies":"Cultist","floor":5,"turns":4},{"damage":8,"enemies":"3 Sentries","floor":7,"turns":4},{"damage":0,"enemies":"3 Louse","floor":12,"turns":3},{"damage":0,"enemies":"Looter","floor":13,"turns":2},{"damage":1,"enemies":"Replay:BlueRogue","floor":14,"turns":4},{"damage":7,"enemies":"Fading Forest","floor":16,"turns":11},{"damage":0,"enemies":"3 Byrds","floor":18,"turns":5},{"damage":1,"enemies":"Shell Parasite","floor":20,"turns":5},{"damage":0,"enemies":"3 Cultists","floor":22,"turns":6},{"damage":3,"enemies":"Replay:Snechameleon","floor":23,"turns":7},{"damage":17,"enemies":"conspire:SneckoGhost","floor":25,"turns":8},{"damage":5,"enemies":"Chosen and Byrds","floor":27,"turns":5},{"damage":20,"enemies":"Snecko","floor":29,"turns":5},{"damage":3,"enemies":"Snake Plant","floor":30,"turns":3},{"damage":0,"enemies":"Shelled Parasite and Fungi","floor":31,"turns":3},{"damage":8,"enemies":"Collector","floor":33,"turns":6},{"damage":16,"enemies":"3 Darklings","floor":35,"turns":4},{"damage":0,"enemies":"Mind Bloom Boss Battle","floor":36,"turns":5},{"damage":26,"enemies":"3 Shapes","floor":38,"turns":5},{"damage":0,"enemies":"Sphere and 2 Shapes","floor":39,"turns":7},{"damage":16,"enemies":"4 Shapes","floor":41,"turns":12},{"damage":11,"enemies":"Giant Head","floor":45,"turns":8},{"damage":6,"enemies":"Writhing Mass","floor":46,"turns":5},{"damage":55,"enemies":"infinitespire:MassOfShapes","floor":50,"turns":12}],"seed_played":"-4281737712438317052","potions_obtained":[{"floor":1,"key":"Elixir"},{"floor":5,"key":"ColorlessPotion"},{"floor":11,"key":"Milkshake"},{"floor":11,"key":"sneckomod:MuddlingPotion"},{"floor":11,"key":"Elixir"},{"floor":12,"key":"Weak Potion"},{"floor":13,"key":"BlessingOfTheForge"},{"floor":16,"key":"Fire Potion"},{"floor":18,"key":"sneckomod:MuddlingPotion"},{"floor":20,"key":"hexamod:EctoCoolerPotion"},{"floor":30,"key":"ColorlessPotion"},{"floor":31,"key":"infinitespire:BlackPotion"},{"floor":35,"key":"Weak Potion"},{"floor":36,"key":"EssenceOfSteel"},{"floor":38,"key":"AttackPotion"}],"is_trial":false,"path_per_floor":["M","?","M","?","M","R","E","$","T","R","?","M","M","E","R","B",null,"M","$","M","?","M","E","R","E","T","M","?","M","M","M","R_BF","B",null,"M","?","?","M","M","R","M","?","T","R","E","M","R","$","R","B",null],"character_chosen":"THE_SILENT","items_purchased":["Blade Dance+1","War Paint","ReplayTheSpireMod:Scrap Shanks","Blade Dance","Shuriken","Mirror"],"campfire_rested":4,"item_purchase_floors":[0,0,0,8,48,48],"current_hp_per_floor":[63,68,67,67,67,67,59,59,59,59,59,59,59,58,58,59,71,71,71,70,70,70,67,67,50,50,45,45,25,22,22,44,36,65,49,49,49,23,23,44,28,28,28,49,38,32,53,53,53,42],"gold":62,"neow_bonus":"","is_daily":false,"chose_seed":false,"campfire_upgraded":5,"win_rate":0.0,"timestamp":1609658683,"path_taken":["M","?","M","?","M","R","E","$","T","R","?","M","M","E","R","BOSS","M","?","M","?","M","E","R","E","T","M","?","M","M","M","R_BF","BOSS","M","?","?","M","M","R","M","?","T","R","E","M","R","$","R","BOSS"],"items_purchased_type":["Card","Relic","Card","Card","Relic","Relic"],"build_version":"2020-12-22","purchased_purges":3,"victory":true,"max_hp_per_floor":[70,75,75,75,75,75,75,75,75,75,75,75,75,75,75,75,75,75,75,75,75,75,75,75,75,75,75,75,75,75,75,75,75,75,75,75,71,71,71,71,71,71,71,71,71,71,71,71,71,71],"card_choices":[{"not_picked":["Backstab","Noxious Fumes"],"picked":"Hidden Blade","floor":1},{"not_picked":["Fluid Movement","PiercingWail"],"picked":"Leg Sweep","floor":3},{"not_picked":["Bane","Slice"],"picked":"Infinite Blades","floor":5},{"not_picked":["Poison Darts","Bouncing Flask"],"picked":"Backstab","floor":7},{"not_picked":["Noxious Fumes","Deadly Poison"],"picked":"ReplayTheSpireMod:Shiv Toss","floor":12},{"not_picked":["Dodge and Roll","Poisoned Stab","Bullet Time"],"picked":"SKIP","floor":13},{"not_picked":["Dagger Throw","PiercingWail"],"picked":"ReplayTheSpireMod:Scrap Shanks","floor":14},{"not_picked":["Underhanded Strike","Footwork"],"picked":"PiercingWail","floor":18},{"not_picked":["Deadly Poison+1","Poisoned Stab","Distraction"],"picked":"SKIP","floor":20},{"not_picked":["Poisoned Stab","Blade Dance"],"picked":"conspire:PoisonWeapons","floor":22},{"not_picked":["Deadly Poison","Outmaneuver+1"],"picked":"infinitespire:Neurotoxin","floor":23},{"not_picked":["Flying Knee","Blur+1"],"picked":"Endless Agony","floor":25},{"not_picked":["Dash","Expertise"],"picked":"Blade Dance+1","floor":27},{"not_picked":["Prepared","ReplayTheSpireMod:Tripwire"],"picked":"Endless Agony","floor":29},{"not_picked":["Underhanded Strike","Flying Knee+1"],"picked":"Cloak And Dagger+1","floor":30},{"not_picked":["ReplayTheSpireMod:The Works+1","Cloak And Dagger"],"picked":"Deflect+1","floor":31},{"not_picked":["Well Laid Plans","Poisoned Stab+1"],"picked":"Hidden Blade+1","floor":35},{"not_picked":["Deadly Poison","Prepared+1"],"picked":"Dagger Spray+1","floor":36},{"not_picked":["Deflect","Blur+1"],"picked":"Infinite Blades+1","floor":38},{"not_picked":["Caltrops","Hidden Blade+1","Glass Knife"],"picked":"SKIP","floor":39},{"not_picked":["Accuracy+1","Crippling Poison"],"picked":"Cloak And Dagger+1","floor":41},{"not_picked":["Sucker Punch+1","Prepared+1","ReplayTheSpireMod:Scrap Shanks+1"],"picked":"SKIP","floor":45},{"not_picked":["Acrobatics","Bouncing Flask+1","Underhanded Strike+1"],"picked":"SKIP","floor":46}],"player_experience":187554,"relics_obtained":[{"floor":7,"key":"Divine Protection"},{"floor":9,"key":"infinitespire:CheckeredPen"},{"floor":14,"key":"conspire:GlowingRock"},{"floor":23,"key":"infinitespire:CursedDice"},{"floor":25,"key":"infinitespire:Lucky Rock"},{"floor":36,"key":"FossilizedHelix"},{"floor":43,"key":"Replay:Accelerometer"},{"floor":45,"key":"Happy Flower"}],"event_choices":[{"damage_healed":0,"gold_gain":0,"player_choice":"Donut","damage_taken":0,"max_hp_gain":5,"max_hp_loss":0,"event_name":"Big Fish","floor":2,"gold_loss":0},{"damage_healed":0,"gold_gain":0,"player_choice":"Got Potions","damage_taken":0,"max_hp_gain":0,"max_hp_loss":0,"event_name":"Lab","floor":11,"gold_loss":0},{"damage_healed":0,"gold_gain":0,"player_choice":"Ignored","damage_taken":0,"max_hp_gain":0,"max_hp_loss":0,"event_name":"The Mausoleum","floor":21,"gold_loss":0},{"damage_healed":0,"gold_gain":0,"player_choice":"Fight","damage_taken":0,"max_hp_gain":0,"max_hp_loss":0,"event_name":"MindBloom","floor":36,"gold_loss":0},{"damage_healed":0,"gold_gain":0,"player_choice":"Max HP","damage_taken":0,"max_hp_gain":0,"max_hp_loss":4,"event_name":"Winding Halls","floor":37,"gold_loss":0},{"damage_healed":0,"gold_gain":0,"player_choice":"Ignored","damage_taken":0,"max_hp_gain":0,"max_hp_loss":0,"event_name":"Tomb of Lord Red Mask","floor":42,"gold_loss":0}],"is_beta":false,"boss_relics":[{"not_picked":["Replay:Ancient Bell","Runic Pyramid"],"picked":"Replay:Bronze Core"},{"not_picked":["Empty Cage","Black Star"],"picked":"Philosopher\u0027s Stone"}],"items_purged_floors":[0,8,19],"is_endless":false,"potions_floor_spawned":[1,5,12,13,16,18,20,30,31,35,36,38],"ascension_level":10}}