{"host":"mfnyjbfkyfsz33u9","time":1609667245,"event":{"mods":["2.2 Compatiblity","BaseMod","Colored Powertips","Downfall","Marisa£¨Ùöéë¡¡Øª×âÞÞ£©","Minty Spire (QoL Compilation)","Rare Cards Sparkle","Replay The Spire","StSLib","SuperFastMode","The Cursed"],"gold_per_floor":[112,62,62,62,77,77,2,14,60,70,80,80,95,123,123,228,228,247,261,272,288,66,66,66],"floor_reached":23,"playtime":934,"items_purged":["Strike_G"],"score":220,"play_id":"82527c5c-7c20-4a14-b81a-816698aac56b","local_time":"20210103184725","is_ascension_mode":false,"campfire_choices":[{"data":"Neutralize","floor":6,"key":"SMITH"},{"data":"Dodge and Roll","floor":12,"key":"SMITH"},{"data":"Noxious Fumes","floor":15,"key":"SMITH"}],"circlet_count":0,"master_deck":["Strike_G","Strike_G","Strike_G","Defend_G","Defend_G","Defend_G","Defend_G","Defend_G","Survivor","Neutralize+1","Masterful Stab","Infinite Blades","Dodge and Roll+1","Bullet Time+1","Noxious Fumes+1","Blade Dance","Night Terror+1","Flying Knee","Fluid Movement","Backflip","Heel Hook","Violence+1","Hidden Blade+1"],"relics":["Ring of the Snake","Strawberry","Golden Egg","Ancient Tea Set","Bag of Preparation","Black Star"],"acts_visited":["Exordium","TheCity"],"potions_floor_usage":[14,16,18,20,23],"damage_taken":[{"damage":2,"enemies":"Jaw Worm","floor":1,"turns":7},{"damage":0,"enemies":"2 Louse","floor":5,"turns":4},{"damage":0,"enemies":"Cultist","floor":8,"turns":3},{"damage":0,"enemies":"Red Slaver","floor":10,"turns":4},{"damage":0,"enemies":"Blue Slaver","floor":11,"turns":4},{"damage":0,"enemies":"Large Slime","floor":13,"turns":8},{"damage":0,"enemies":"Gremlin Nob","floor":14,"turns":5},{"damage":14,"enemies":"Hexaghost","floor":16,"turns":9},{"damage":1,"enemies":"Spheric Guardian","floor":18,"turns":6},{"damage":8,"enemies":"3 Byrds","floor":19,"turns":5},{"damage":22,"enemies":"Centurion and Healer","floor":20,"turns":9},{"damage":18,"enemies":"Shelled Parasite and Fungi","floor":21,"turns":5},{"damage":44,"enemies":"Gremlin Leader","floor":23,"turns":8}],"seed_played":"-1940916324547996226","potions_obtained":[{"floor":8,"key":"Explosive Potion"},{"floor":11,"key":"Reflective Coating"},{"floor":13,"key":"BlessingOfTheForge"},{"floor":16,"key":"LifebloodPotion"},{"floor":19,"key":"champ:CounterPotion"}],"is_trial":false,"path_per_floor":["M","?","?","?","M","R","$","M","T","M","M","R","M","E","R","B",null,"M","M","M","M","$","E"],"character_chosen":"THE_SILENT","items_purchased":["Violence","Hidden Blade"],"campfire_rested":0,"item_purchase_floors":[22,22],"current_hp_per_floor":[75,75,80,73,73,73,73,73,73,73,73,73,73,73,73,59,82,81,73,51,33,33,0,0],"gold":66,"neow_bonus":"RANDOM_COMMON_RELIC","is_daily":false,"chose_seed":false,"campfire_upgraded":3,"win_rate":0.0,"timestamp":1609667245,"path_taken":["M","?","?","?","M","R","?","M","T","M","?","R","M","E","R","BOSS","M","M","?","M","$","E"],"items_purchased_type":["Card","Card"],"build_version":"2020-12-22","purchased_purges":1,"victory":false,"max_hp_per_floor":[77,77,82,82,82,82,82,82,82,82,82,82,82,82,82,82,82,82,82,82,82,82,82,82],"card_choices":[{"not_picked":["Deadly Poison","ReplayTheSpireMod:Shiv Toss"],"picked":"Masterful Stab","floor":1},{"not_picked":["Sucker Punch","Dagger Throw"],"picked":"Infinite Blades","floor":5},{"not_picked":["Backflip","Underhanded Strike"],"picked":"Dodge and Roll","floor":8},{"not_picked":["Masterful Stab","Dagger Spray"],"picked":"Bullet Time","floor":10},{"not_picked":["Sneak Up","Skewer","Deflect"],"picked":"SKIP","floor":11},{"not_picked":["Backstab","Quick Slash"],"picked":"Noxious Fumes","floor":13},{"not_picked":["Dash","Skewer"],"picked":"Blade Dance","floor":14},{"not_picked":["Doppelganger","Unload"],"picked":"Night Terror","floor":16},{"not_picked":["Underhanded Strike","Sneak Up"],"picked":"Flying Knee","floor":18},{"not_picked":["All Out Attack","Caltrops"],"picked":"Fluid Movement","floor":19},{"not_picked":["Crippling Poison","Blade Dance"],"picked":"Backflip","floor":20},{"not_picked":["Quick Slash+1","Caltrops"],"picked":"Heel Hook","floor":21}],"player_experience":6556,"relics_obtained":[{"floor":9,"key":"Ancient Tea Set"},{"floor":14,"key":"Bag of Preparation"}],"event_choices":[{"cards_removed":["Strike_G"],"damage_healed":0,"gold_gain":0,"player_choice":"Card Removal","damage_taken":0,"max_hp_gain":0,"max_hp_loss":0,"event_name":"The Cleric","floor":2,"gold_loss":50},{"damage_healed":0,"gold_gain":0,"player_choice":"Donut","damage_taken":0,"max_hp_gain":5,"max_hp_loss":0,"event_name":"Big Fish","floor":3,"gold_loss":0},{"damage_healed":0,"gold_gain":0,"player_choice":"Success","damage_taken":7,"relics_obtained":["Golden Egg"],"max_hp_gain":0,"max_hp_loss":0,"event_name":"Scrap Ooze","floor":4,"gold_loss":0}],"is_beta":false,"boss_relics":[{"not_picked":["SacredBark","Coffee Dripper"],"picked":"Black Star"}],"items_purged_floors":[7],"is_endless":false,"potions_floor_spawned":[8,11,13,16,19],"killed_by":"Gremlin Leader","ascension_level":0}}