{"host":"5wznv0010959mrmz","time":1609645217,"event":{"mods":["BaseMod","Highlight Path","Minty Spire (QoL Compilation)"],"gold_per_floor":[115,115,127,127,138,164,164,190,213,224,224,234,249,41,41,117,117,127,138,53,53,63,63,63],"floor_reached":23,"playtime":807,"items_purged":[],"score":425,"play_id":"039828c8-c556-4556-a221-290a60355fa2","local_time":"20210102214017","is_ascension_mode":true,"campfire_choices":[{"floor":7,"key":"REST"},{"data":"Sucker Punch","floor":11,"key":"SMITH"},{"floor":15,"key":"REST"}],"circlet_count":0,"master_deck":["AscendersBane","Strike_G+1","Strike_G+1","Strike_G","Strike_G","Defend_G","Defend_G","Defend_G","Defend_G+1","Defend_G","Survivor","Neutralize","Well Laid Plans","Acrobatics","Calculated Gamble","Adrenaline+1","Sucker Punch+1","Masterful Stab","Corpse Explosion","Predator","Bouncing Flask","Blade Dance","Burst","Dagger Spray+1","Underhanded Strike"],"relics":["Ring of the Snake","NeowsBlessing","Whetstone","Pen Nib","War Paint","Bag of Marbles","Black Star","Nunchaku"],"acts_visited":["TheCity"],"potions_floor_usage":[6,6,12],"damage_taken":[{"damage":0,"enemies":"Jaw Worm","floor":1,"turns":1},{"damage":0,"enemies":"Cultist","floor":3,"turns":1},{"damage":0,"enemies":"Small Slimes","floor":5,"turns":1},{"damage":53,"enemies":"Gremlin Nob","floor":6,"turns":7},{"damage":0,"enemies":"Looter","floor":10,"turns":3},{"damage":5,"enemies":"Gremlin Gang","floor":12,"turns":2},{"damage":5,"enemies":"Blue Slaver","floor":13,"turns":2},{"damage":25,"enemies":"The Guardian","floor":16,"turns":11},{"damage":24,"enemies":"Shell Parasite","floor":18,"turns":4},{"damage":1,"enemies":"Chosen","floor":19,"turns":3},{"damage":16,"enemies":"Centurion and Healer","floor":22,"turns":5},{"damage":20,"enemies":"Gremlin Leader","floor":23,"turns":4}],"seed_played":"6576765827927387078","potions_obtained":[{"floor":3,"key":"EssenceOfSteel"},{"floor":5,"key":"SkillPotion"},{"floor":6,"key":"AttackPotion"},{"floor":18,"key":"SpeedPotion"}],"is_trial":false,"path_per_floor":["M","?","M","?","M","E","R","T","T","M","R","M","M","$","R","B",null,"M","M","?","?","M","E"],"character_chosen":"THE_SILENT","items_purchased":["Bag of Marbles","Blade Dance"],"campfire_rested":2,"item_purchase_floors":[14,14],"current_hp_per_floor":[59,59,59,59,59,6,25,25,25,25,25,20,15,15,34,9,52,28,27,27,27,11,0,0],"gold":63,"neow_bonus":"THREE_ENEMY_KILL","is_daily":false,"chose_seed":false,"campfire_upgraded":1,"win_rate":0.0,"timestamp":1609645217,"path_taken":["M","?","?","?","?","E","R","?","T","?","R","M","M","$","R","BOSS","M","M","?","?","M","E"],"items_purchased_type":["Relic","Card"],"build_version":"2020-12-22","purchased_purges":0,"victory":false,"max_hp_per_floor":[66,66,66,66,66,66,66,66,66,66,66,66,66,66,66,66,66,66,66,66,66,66,66,66],"card_choices":[{"not_picked":["Slice","Quick Slash"],"picked":"Well Laid Plans","floor":1},{"not_picked":["Choke","Deadly Poison"],"picked":"Calculated Gamble","floor":3},{"not_picked":["Blade Dance","Poisoned Stab"],"picked":"Sucker Punch","floor":5},{"not_picked":["Dodge and Roll","Infinite Blades"],"picked":"Masterful Stab","floor":6},{"not_picked":["Underhanded Strike","Dagger Throw"],"picked":"Corpse Explosion","floor":10},{"not_picked":["Backflip","Backstab"],"picked":"Predator","floor":12},{"not_picked":["Acrobatics","Deflect"],"picked":"Bouncing Flask","floor":13},{"not_picked":["Night Terror","Glass Knife"],"picked":"Burst","floor":16},{"not_picked":["Cloak And Dagger","Sucker Punch","Eviscerate"],"picked":"SKIP","floor":18},{"not_picked":["Footwork","Setup"],"picked":"Dagger Spray+1","floor":19},{"not_picked":["Sucker Punch","Choke+1"],"picked":"Underhanded Strike","floor":22}],"player_experience":380896,"relics_obtained":[{"floor":6,"key":"Whetstone"},{"floor":8,"key":"Pen Nib"},{"floor":9,"key":"War Paint"}],"event_choices":[{"damage_healed":0,"gold_gain":0,"cards_transformed":["Strike_G"],"player_choice":"Transformed","damage_taken":0,"max_hp_gain":0,"max_hp_loss":0,"event_name":"Transmorgrifier","floor":2,"gold_loss":0,"cards_obtained":["Acrobatics"]},{"damage_healed":0,"gold_gain":0,"player_choice":"1 cards matched","damage_taken":0,"max_hp_gain":0,"max_hp_loss":0,"event_name":"Match and Keep!","floor":4,"gold_loss":0,"cards_obtained":["Adrenaline"]},{"damage_healed":0,"gold_gain":0,"player_choice":"Obtained Relic","damage_taken":0,"relics_obtained":["Nunchaku"],"max_hp_gain":0,"max_hp_loss":0,"event_name":"Addict","floor":20,"gold_loss":85},{"damage_healed":0,"gold_gain":0,"player_choice":"Ignored","damage_taken":0,"max_hp_gain":0,"max_hp_loss":0,"event_name":"Cursed Tome","floor":21,"gold_loss":0}],"is_beta":false,"boss_relics":[{"not_picked":["SlaversCollar","Runic Dome"],"picked":"Black Star"}],"items_purged_floors":[],"is_endless":false,"potions_floor_spawned":[3,5,6,18],"killed_by":"Gremlin Leader","ascension_level":19}}