{"host":"obbn5gje3893ci3z","time":1609682123,"event":{"mods":["BaseMod","Colored Powertips","Minty Spire (QoL Compilation)","The Servant 0.9.4"],"gold_per_floor":[11,21,36,36,47,47,322,322,322,336,347,347,347,347],"floor_reached":13,"playtime":541,"items_purged":[],"score":92,"play_id":"428c553a-b5a5-425e-8c03-0c9918daec3a","local_time":"20210103215523","is_ascension_mode":true,"campfire_choices":[{"data":"Solidify","floor":6,"key":"SMITH"},{"data":"KidneyShot","floor":8,"key":"SMITH"}],"circlet_count":0,"master_deck":["Strike_S","Strike_S","Strike_S","Strike_S","Defend_S","Defend_S","Defend_S","Defend_S","KidneyShot+1","Exchange","Solidify+1","Regret"],"relics":["Uniform","Boot"],"acts_visited":["Exordium"],"potions_floor_usage":[5],"damage_taken":[{"damage":0,"enemies":"Small Slimes","floor":1,"turns":3},{"damage":2,"enemies":"Jaw Worm","floor":2,"turns":4},{"damage":0,"enemies":"Cultist","floor":3,"turns":4},{"damage":1,"enemies":"Lots of Slimes","floor":5,"turns":2},{"damage":20,"enemies":"3 Louse","floor":10,"turns":3},{"damage":8,"enemies":"Blue Slaver","floor":11,"turns":5},{"damage":34,"enemies":"3 Sentries","floor":13,"turns":11}],"seed_played":"-7970301670270008300","potions_obtained":[{"floor":1,"key":"Explosive Potion"},{"floor":3,"key":"Strength Potion"},{"floor":11,"key":"PowerPotion"}],"is_trial":false,"path_per_floor":["M","M","M","?","M","R","?","R","T","M","M","?","E"],"character_chosen":"THE_SERVANT","items_purchased":[],"campfire_rested":0,"item_purchase_floors":[],"current_hp_per_floor":[65,63,63,63,62,62,62,62,62,42,34,34,0,0],"gold":347,"neow_bonus":"THREE_RARE_CARDS","is_daily":false,"chose_seed":false,"campfire_upgraded":2,"win_rate":0.0,"timestamp":1609682123,"path_taken":["M","M","M","?","M","R","?","R","T","?","?","?","E"],"items_purchased_type":[],"build_version":"2020-12-22","purchased_purges":0,"victory":false,"max_hp_per_floor":[65,65,65,65,65,65,65,65,65,65,65,65,65,65],"card_choices":[{"not_picked":["SoulSculpture","PendulumOfEternity"],"picked":"Solidify","floor":0},{"not_picked":["Moonlight","Revamp","Deadline"],"picked":"SKIP","floor":1},{"not_picked":["Potential","Ricochet","Alleviate"],"picked":"SKIP","floor":2},{"not_picked":["Barrier","Spin","Rewind"],"picked":"SKIP","floor":3},{"not_picked":["FastForward","Unruled","Replace"],"picked":"SKIP","floor":5},{"not_picked":["BottledTime","Starlight","Revamp"],"picked":"SKIP","floor":10},{"not_picked":["Alleviate","Ricochet","Gouge"],"picked":"SKIP","floor":11},{"not_picked":["Alleviate","Ricochet","Gouge"],"picked":"SKIP","floor":11}],"player_experience":51976,"relics_obtained":[{"floor":9,"key":"Boot"}],"event_choices":[{"damage_healed":0,"gold_gain":0,"player_choice":"Leave","damage_taken":0,"max_hp_gain":0,"max_hp_loss":0,"event_name":"The Cleric","floor":4,"gold_loss":0},{"damage_healed":0,"gold_gain":275,"player_choice":"Desecrate","damage_taken":0,"max_hp_gain":0,"max_hp_loss":0,"event_name":"Golden Shrine","floor":7,"gold_loss":0,"cards_obtained":["Regret"]},{"damage_healed":0,"gold_gain":0,"player_choice":"Ignored","damage_taken":0,"max_hp_gain":0,"max_hp_loss":0,"event_name":"Shining Light","floor":12,"gold_loss":0}],"is_beta":false,"boss_relics":[],"items_purged_floors":[],"is_endless":false,"potions_floor_spawned":[1,3,11],"killed_by":"3 Sentries","ascension_level":4}}