{"host":"15f3wpiimhe5yrng","time":1609641360,"event":{"mods":["2.2 Compatiblity","Arknights The Spire","BaseMod","Bestiary","Better Altar","Better Match","Better Note","Better Sensory Stone","Better Skull","Better Third Choice","Colored Map","Colored Powertips","Downfall","Evolution","Marisa????????","Minty Spire (QoL Compilation)","Permanent Neow","Relic Filter","SacredBarkPlus","Spicy Shops","StSLib","The Animator","The Caster","The Marked","The Poker Player","TheSwordswoman","??????REMEMod"],"gold_per_floor":[114,114,132,307,326,360,371,401,451,451,468,468,480,480,480,480,480],"floor_reached":16,"playtime":1139,"items_purged":[],"score":137,"play_id":"b614a9bb-9c6d-4caa-aaa4-ea354adc0050","local_time":"20210103033600","is_ascension_mode":false,"campfire_choices":[{"data":"theMarked:Generate","floor":10,"key":"SMITH"},{"data":"theMarked:Generate","floor":12,"key":"SMITH"},{"data":"theMarked:Static","floor":15,"key":"SMITH"}],"circlet_count":0,"master_deck":["theMarked:Strike","theMarked:Strike","theMarked:Strike+1","theMarked:Strike","theMarked:Defend","theMarked:Defend","theMarked:Defend","theMarked:SoldierOfQuellstein","expansioncontent:StudyTheSpire","REME_WheelOfFate+1","theMarked:Generate+1","Doubt","theMarked:Generate+1","theMarked:SelfDefenseTraining+1","theMarked:Static+1","theMarked:Static","theMarked:Reabsorb"],"relics":["theMarked:ArtifactOfAir","EVO:Axolotl","REME_ComplimentaryCards","Mango","Orichalcum","REME_HandOfSuture","Whetstone"],"acts_visited":["Exordium"],"potions_floor_usage":[7,7,8,16],"damage_taken":[{"damage":1,"enemies":"2 Louse","floor":1,"turns":3},{"damage":0,"enemies":"Jaw Worm","floor":3,"turns":1},{"damage":0,"enemies":"Cultist","floor":5,"turns":3},{"damage":7,"enemies":"Gremlin Nob","floor":6,"turns":3},{"damage":0,"enemies":"Large Slime","floor":7,"turns":3},{"damage":5,"enemies":"3 Sentries","floor":8,"turns":10},{"damage":0,"enemies":"Exordium Thugs","floor":11,"turns":3},{"damage":1,"enemies":"Exordium Wildlife","floor":13,"turns":5},{"damage":46,"enemies":"Slime Boss","floor":16,"turns":10}],"seed_played":"7913981154563613902","potions_obtained":[{"floor":1,"key":"PowerPotion"},{"floor":3,"key":"EssenceOfSteel"},{"floor":6,"key":"Explosive Potion"},{"floor":8,"key":"GamblersBrew"}],"is_trial":false,"path_per_floor":["M","?","M","?","M","E","M","E","T","R","M","R","M","?","R","B"],"character_chosen":"THE_DEFAULT","items_purchased":[],"campfire_rested":0,"item_purchase_floors":[],"current_hp_per_floor":[48,44,44,44,44,51,51,46,46,46,46,46,46,46,46,0,0],"gold":480,"neow_bonus":"RANDOM_COLORLESS_2","is_daily":false,"chose_seed":false,"campfire_upgraded":3,"win_rate":0.0,"timestamp":1609641360,"path_taken":["M","?","M","?","M","E","M","E","T","R","?","R","M","?","R","BOSS"],"items_purchased_type":[],"build_version":"2020-12-22","purchased_purges":0,"victory":false,"max_hp_per_floor":[70,70,70,70,70,84,84,84,84,84,84,84,84,84,84,84,84],"card_choices":[{"not_picked":["REME_BodyOfCthun","REME_AllRoundStrike"],"picked":"expansioncontent:StudyTheSpire","floor":0},{"not_picked":["theMarked:TwofoldDefense","theMarked:TunnelVision"],"picked":"theMarked:Generate","floor":1},{"not_picked":["theMarked:TunnelVision","theMarked:HeightenedSenses","theMarked:Parry"],"picked":"SKIP","floor":3},{"not_picked":["theMarked:WastefulAttack","theMarked:WastefulDefense"],"picked":"theMarked:Generate","floor":5},{"not_picked":["theMarked:Improvise","theMarked:KeepCalmAndFightOn"],"picked":"theMarked:SelfDefenseTraining","floor":6},{"not_picked":["theMarked:Frustration","theMarked:Parry"],"picked":"theMarked:Static","floor":7},{"not_picked":["theMarked:BanishingStrike","theMarked:Opportunist","theMarked:Vacuum"],"picked":"SKIP","floor":8},{"not_picked":["theMarked:BanishingStrike","theMarked:Opportunist","theMarked:Vacuum"],"picked":"SKIP","floor":8},{"not_picked":["theMarked:TakeCover","theMarked:Improvise","theMarked:BanishingWave"],"picked":"SKIP","floor":11},{"not_picked":["theMarked:StartUp","theMarked:ResourceFulStrike"],"picked":"theMarked:Static","floor":13}],"player_experience":127668,"relics_obtained":[{"floor":6,"key":"Mango"},{"floor":8,"key":"REME_HandOfSuture"},{"floor":9,"key":"Whetstone"}],"event_choices":[{"damage_healed":0,"gold_gain":175,"player_choice":"AGREE","damage_taken":132,"max_hp_gain":0,"max_hp_loss":0,"event_name":"betterThird:BetterSerpent","floor":4,"gold_loss":0},{"damage_healed":0,"gold_gain":0,"cards_transformed":["theMarked:Defend"],"player_choice":"Transformed","damage_taken":0,"max_hp_gain":0,"max_hp_loss":0,"event_name":"Transmorgrifier","floor":14,"gold_loss":0,"cards_obtained":["theMarked:Reabsorb"]}],"is_beta":false,"boss_relics":[],"items_purged_floors":[],"is_endless":false,"potions_floor_spawned":[1,3,6,8],"killed_by":"Slime Boss","ascension_level":0}}