{"host":"y7sd46uq4xlni546","time":1609706608,"event":{"mods":["AchievementEnabler","BaseMod","Colored Map","Colored Powertips","Curses Come First","Filter the Spire","Minty Spire (QoL Compilation)","Quick Restart","Random Character Button","Rare Cards Sparkle","StSLib"],"gold_per_floor":[111,286,286,286,298,314,314,314,314,314,324,324,334,359,359,461,461,477,477,477,223,250,250,250],"floor_reached":23,"playtime":803,"items_purged":["Strike_R"],"score":187,"play_id":"f15d4044-5e7d-473a-a0e2-9303db4de917","local_time":"20210103214328","is_ascension_mode":false,"campfire_choices":[{"floor":8.0,"key":"REST"},{"floor":15.0,"key":"REST"}],"circlet_count":0,"master_deck":["Strike_R","Strike_R","Strike_R","Defend_R","Defend_R","Defend_R","Bash","CurseOfTheBell","Shrug It Off","Body Slam"],"relics":["Calling Bell","Smiling Mask","Matryoshka","Torii","Regal Pillow","Toy Ornithopter","Eternal Feather","Happy Flower","Paper Frog","Dream Catcher","Empty Cage","PreservedInsect","MealTicket"],"acts_visited":["Exordium","TheCity"],"potions_floor_usage":[16,16,23],"damage_taken":[{"damage":16.0,"enemies":"Jaw Worm","floor":1.0,"turns":5.0},{"damage":2.0,"enemies":"2 Louse","floor":5.0,"turns":3.0},{"damage":12.0,"enemies":"Small Slimes","floor":6.0,"turns":5.0},{"damage":3.0,"enemies":"Red Slaver","floor":11.0,"turns":5.0},{"damage":8.0,"enemies":"3 Louse","floor":13.0,"turns":4.0},{"damage":33.0,"enemies":"3 Sentries","floor":14.0,"turns":13.0},{"damage":80,"enemies":"Slime Boss","floor":16,"turns":24},{"damage":18,"enemies":"Chosen","floor":18,"turns":5},{"damage":51,"enemies":"Slavers","floor":23,"turns":7}],"seed_played":"280945476924963813","potions_obtained":[{"floor":11.0,"key":"Ancient Potion"},{"floor":14.0,"key":"HeartOfIron"},{"floor":18,"key":"SkillPotion"}],"is_trial":false,"path_per_floor":["M","?","?","?","M","M","?","R","T","T","M","?","M","E","R","B",null,"M","?","?","$","T","E"],"character_chosen":"IRONCLAD","items_purchased":["Body Slam","PreservedInsect"],"campfire_rested":2,"item_purchase_floors":[21,21],"current_hp_per_floor":[64,64,57,57,55,43,40,79,79,79,76,81,73,40,85,15,85,67,67,67,67,67,21,21],"gold":250,"neow_bonus":"BOSS_RELIC","is_daily":false,"chose_seed":false,"campfire_upgraded":0,"win_rate":0.0,"timestamp":1609706608,"path_taken":["M","?","?","?","?","M","?","R","T","?","?","?","M","E","R","BOSS","M","?","?","$","?","E"],"items_purchased_type":["Card","Relic"],"build_version":"2020-12-22","purchased_purges":1,"victory":false,"max_hp_per_floor":[80,80,80,80,80,80,80,80,80,80,80,85,85,85,85,85,85,85,85,85,85,85,85,85],"card_choices":[{"not_picked":["Havoc","Ghostly Armor","Metallicize"],"picked":"SKIP","floor":1.0},{"not_picked":["Twin Strike","Heavy Blade","Pummel"],"picked":"SKIP","floor":5.0},{"not_picked":["True Grit","Infernal Blade","Feel No Pain"],"picked":"SKIP","floor":6.0},{"not_picked":["True Grit","Flex","Anger"],"picked":"SKIP","floor":11.0},{"not_picked":["Clothesline","Demon Form","Hemokinesis"],"picked":"SKIP","floor":13.0},{"not_picked":["Power Through","Limit Break","Battle Trance"],"picked":"SKIP","floor":14.0},{"not_picked":["Flex","Pommel Strike+1","Cleave"],"picked":"SKIP","floor":18}],"player_experience":599035,"relics_obtained":[{"floor":0.0,"key":"Smiling Mask"},{"floor":0.0,"key":"Matryoshka"},{"floor":0.0,"key":"Torii"},{"floor":9.0,"key":"Toy Ornithopter"},{"floor":9.0,"key":"Eternal Feather"},{"floor":10.0,"key":"Happy Flower"},{"floor":10.0,"key":"Paper Frog"},{"floor":14.0,"key":"Dream Catcher"},{"floor":22,"key":"MealTicket"}],"event_choices":[{"damage_healed":0.0,"max_hp_gain":0.0,"max_hp_loss":0.0,"gold_gain":175.0,"event_name":"Liars Game","player_choice":"AGREE","floor":2.0,"gold_loss":0.0,"damage_taken":0.0,"cards_obtained":["Doubt"]},{"cards_removed":["Doubt"],"damage_healed":0.0,"max_hp_gain":0.0,"max_hp_loss":0.0,"gold_gain":0.0,"event_name":"Golden Wing","player_choice":"Card Removal","floor":3.0,"gold_loss":0.0,"damage_taken":7.0},{"damage_healed":0.0,"max_hp_gain":0.0,"max_hp_loss":0.0,"gold_gain":0.0,"event_name":"The Woman in Blue","player_choice":"Bought 0 Potions","floor":4.0,"gold_loss":0.0,"damage_taken":0.0},{"damage_healed":0.0,"max_hp_gain":0.0,"max_hp_loss":0.0,"gold_gain":0.0,"event_name":"Scrap Ooze","player_choice":"Success","floor":7.0,"gold_loss":0.0,"damage_taken":3.0,"relics_obtained":["Regal Pillow"]},{"damage_healed":0.0,"max_hp_gain":5.0,"max_hp_loss":0.0,"gold_gain":0.0,"event_name":"Big Fish","player_choice":"Donut","floor":12.0,"gold_loss":0.0,"damage_taken":0.0},{"damage_healed":0,"gold_gain":0,"player_choice":"Ignored","damage_taken":0,"max_hp_gain":0,"max_hp_loss":0,"event_name":"Ghosts","floor":19,"gold_loss":0},{"damage_healed":0,"gold_gain":0,"player_choice":"Read","damage_taken":0,"max_hp_gain":0,"max_hp_loss":0,"event_name":"The Library","floor":20,"gold_loss":0,"cards_obtained":["Shrug It Off"]}],"is_beta":false,"boss_relics":[{"not_picked":["Fusion Hammer","Snecko Eye"],"picked":"Empty Cage"}],"items_purged_floors":[21],"is_endless":false,"potions_floor_spawned":[11,14,18],"killed_by":"Slavers","ascension_level":0}}