{"host":"4pz5any8n577jwp0","time":1609707818,"event":{"mods":["BaseMod","Colored Powertips","Minty Spire (QoL Compilation)","Quick Restart","Shop Mod"],"gold_per_floor":[19,34,34,52,69,97,110,127,178,178,205,219,219,232,232,337,337,351,0,0,77,87,119,131,131,155,174,193,118,135,150,150,150,150],"floor_reached":33,"playtime":1081,"items_purged":["Bash"],"score":310,"play_id":"50215cba-63a2-4a31-945b-e5c966d51292","local_time":"20210103210338","is_ascension_mode":false,"campfire_choices":[{"data":"Flex","floor":13.0,"key":"SMITH"},{"data":"Flex","floor":15.0,"key":"SMITH"},{"data":"J.A.X.","floor":32,"key":"SMITH"}],"circlet_count":0,"master_deck":["Strike_R","Strike_R","Strike_R","Strike_R","Strike_R","Defend_R+1","Defend_R","Defend_R","Defend_R+1","Heavy Blade","Sword Boomerang","Shrug It Off","Flex+1","Flex+1","Reaper","Ghostly Armor","J.A.X.+1","Battle Trance","Spot Weakness"],"relics":["Burning Blood","Vajra","Bag of Preparation","Black Star","MerchantsRug","Shuriken","Molten Egg 2","InkBottle","War Paint"],"acts_visited":["Exordium","TheCity"],"potions_floor_usage":[31],"damage_taken":[{"damage":6.0,"enemies":"Cultist","floor":1.0,"turns":3.0},{"damage":10.0,"enemies":"Small Slimes","floor":2.0,"turns":5.0},{"damage":1.0,"enemies":"Jaw Worm","floor":4.0,"turns":5.0},{"damage":15.0,"enemies":"Exordium Thugs","floor":5.0,"turns":4.0},{"damage":48.0,"enemies":"Lagavulin","floor":6.0,"turns":7.0},{"damage":6.0,"enemies":"Large Slime","floor":7.0,"turns":5.0},{"damage":13.0,"enemies":"Lots of Slimes","floor":8.0,"turns":5.0},{"damage":12.0,"enemies":"Gremlin Nob","floor":11.0,"turns":4.0},{"damage":2.0,"enemies":"Looter","floor":12.0,"turns":3.0},{"damage":3.0,"enemies":"Red Slaver","floor":14.0,"turns":2.0},{"damage":92.0,"enemies":"Hexaghost","floor":16.0,"turns":10.0},{"damage":31.0,"enemies":"Shell Parasite","floor":18.0,"turns":5.0},{"damage":27.0,"enemies":"2 Thieves","floor":22.0,"turns":4.0},{"damage":61.0,"enemies":"Book of Stabbing","floor":23.0,"turns":5.0},{"damage":13.0,"enemies":"Sentry and Sphere","floor":24.0,"turns":5.0},{"damage":38.0,"enemies":"Centurion and Healer","floor":27.0,"turns":7.0},{"damage":8.0,"enemies":"Snake Plant","floor":28.0,"turns":3.0},{"damage":27.0,"enemies":"Snecko","floor":30.0,"turns":6.0},{"damage":8,"enemies":"Shelled Parasite and Fungi","floor":31,"turns":3},{"damage":34,"enemies":"Collector","floor":33,"turns":6}],"seed_played":"-1501444072035070049","potions_obtained":[{"floor":4.0,"key":"Block Potion"},{"floor":7.0,"key":"BloodPotion"},{"floor":11.0,"key":"SpeedPotion"},{"floor":14.0,"key":"Fire Potion"},{"floor":16.0,"key":"GamblersBrew"},{"floor":24.0,"key":"ColorlessPotion"},{"floor":25.0,"key":"DuplicationPotion"},{"floor":30.0,"key":"DistilledChaos"},{"floor":31,"key":"FearPotion"}],"is_trial":false,"path_per_floor":["M","M","$","M","M","E","M","M","T","?","E","M","R","M","R","B",null,"M","$","?","T","M","E","M","?","T","M","M","$","M","M","R","B"],"character_chosen":"IRONCLAD","items_purchased":["MerchantsRug","Shuriken"],"campfire_rested":0,"item_purchase_floors":[19,19],"current_hp_per_floor":[96,92,92,96,87,45,45,38,38,96,90,94,94,96,96,10,96,80,80,80,80,67,12,32,32,32,14,33,33,19,41,41,7,7],"gold":150,"neow_bonus":"TWENTY_PERCENT_HP_BONUS","is_daily":false,"chose_seed":false,"campfire_upgraded":3,"win_rate":0.0,"timestamp":1609707818,"path_taken":["M","M","?","M","M","E","M","M","T","?","E","M","R","?","R","BOSS","M","$","?","?","M","E","M","?","T","M","?","$","M","M","R","BOSS"],"items_purchased_type":["Relic","Relic"],"build_version":"2020-12-22","purchased_purges":1,"victory":false,"max_hp_per_floor":[96,96,96,96,96,96,96,96,96,96,96,96,96,96,96,96,96,96,96,96,96,96,96,96,96,96,96,96,96,96,96,96,96,96],"card_choices":[{"not_picked":["Shrug It Off","Entrench","Havoc"],"picked":"SKIP","floor":1.0},{"not_picked":["Blood for Blood","Dual Wield"],"picked":"Heavy Blade","floor":2.0},{"not_picked":["Cleave","Evolve"],"picked":"Sword Boomerang","floor":4.0},{"not_picked":["Heavy Blade","Fire Breathing","Carnage"],"picked":"SKIP","floor":5.0},{"not_picked":["Berserk","Cleave"],"picked":"Shrug It Off","floor":6.0},{"not_picked":["Armaments","Dropkick","Warcry"],"picked":"SKIP","floor":7.0},{"not_picked":["Evolve","Heavy Blade","Cleave"],"picked":"SKIP","floor":8.0},{"not_picked":["Heavy Blade","Wild Strike"],"picked":"Flex","floor":11.0},{"not_picked":["Body Slam","Power Through","Wild Strike"],"picked":"SKIP","floor":12.0},{"not_picked":["Dark Embrace","Burning Pact"],"picked":"Flex","floor":14.0},{"not_picked":["Feed","Fiend Fire"],"picked":"Reaper","floor":16.0},{"not_picked":["Shrug It Off","Rupture"],"picked":"Ghostly Armor","floor":18.0},{"not_picked":["Warcry+1","Pommel Strike+1","Body Slam+1"],"picked":"SKIP","floor":22.0},{"not_picked":["Pommel Strike+1","Infernal Blade","Rampage+1"],"picked":"SKIP","floor":23.0},{"not_picked":["Armaments+1","Warcry","Iron Wave+1"],"picked":"SKIP","floor":24.0},{"not_picked":["Armaments+1","Warcry","Iron Wave+1"],"picked":"SKIP","floor":24.0},{"not_picked":["Uppercut+1","Dropkick+1","Intimidate"],"picked":"SKIP","floor":27.0},{"not_picked":["Clash+1","Carnage+1","Body Slam+1"],"picked":"SKIP","floor":28.0},{"not_picked":["Warcry+1","Headbutt+1"],"picked":"Battle Trance","floor":30.0},{"not_picked":["Impervious","Warcry+1"],"picked":"Spot Weakness","floor":31}],"player_experience":693115,"relics_obtained":[{"floor":6.0,"key":"Vajra"},{"floor":9.0,"key":"Bag of Preparation"},{"floor":11.0,"key":"Art of War"},{"floor":21.0,"key":"Molten Egg 2"},{"floor":23.0,"key":"InkBottle"},{"floor":23.0,"key":"War Paint"}],"event_choices":[{"damage_healed":58.0,"max_hp_gain":0.0,"max_hp_loss":0.0,"gold_gain":0.0,"event_name":"Wheel of Change","player_choice":"Full Heal","floor":10.0,"gold_loss":0.0,"damage_taken":0.0},{"damage_healed":0.0,"max_hp_gain":0.0,"max_hp_loss":0.0,"gold_gain":0.0,"event_name":"Drug Dealer","player_choice":"Obtain J.A.X.","floor":20.0,"gold_loss":0.0,"damage_taken":0.0,"cards_obtained":["J.A.X."]},{"damage_healed":0.0,"max_hp_gain":0.0,"max_hp_loss":0.0,"gold_gain":0.0,"event_name":"Lab","player_choice":"Got Potions","floor":25.0,"gold_loss":0.0,"damage_taken":0.0}],"is_beta":false,"boss_relics":[{"not_picked":["Pandora\u0027s Box","Black Blood"],"picked":"Black Star"}],"items_purged_floors":[29],"is_endless":false,"potions_floor_spawned":[4,7,11,14,16,24,27,30,31],"killed_by":"Collector","ascension_level":0}}