{"host":"aryqrlgvv7cx3d7m","time":1609648105,"event":{"mods":["AchievementEnabler","BaseMod","Downfall","GungeonMod","Hermit","Infinite Spire","Jorbs\u0027s Wanderer Trilogy","KinomotoSakuraMod(????)","Koishi","Lobotomy","Marisa????????","Minty Spire (QoL Compilation)","Reimu??????","Remilia??????","Replay The Spire","StSLib","Td1madao Mod","The Administrix","The Animator","The Construct","The Cursed","The Disciple","The Hierophant","The IronCluck","The Necromancer","The Poker Player","The Runesmith","The Servant 0.9.4"],"gold_per_floor":[111,111,111,111,131,147,160,160,160,160,171,182,28,41,41,139,189,207,207,207,218,229,229,239,254,304,304,320,320,337,350,350,350,350],"floor_reached":33,"playtime":2461,"items_purged":[],"score":245,"play_id":"33e3d570-c086-484b-b8ee-a2f000d08594","local_time":"20210102232825","is_ascension_mode":false,"campfire_choices":[{"floor":8,"key":"REST"},{"data":"Slice","floor":10,"key":"SMITH"},{"floor":15,"key":"REST"},{"floor":23,"key":"REST"},{"floor":29,"key":"REST"},{"floor":32,"key":"REST"}],"circlet_count":0,"master_deck":["Strike_G","Strike_G","Strike_G","Strike_G","Strike_G","Defend_G","Defend_G","Defend_G","Defend_G","Defend_G","Survivor","Neutralize+1","Riddle With Holes+1","Acrobatics","Slice+1","Bane","ReplayTheSpireMod:Tripwire","ReplayTheSpireMod:Exploit Weakness","PiercingWail","Doppelganger","Dagger Spray","Hidden Blade","Toxin Wave","Blur","Leg Sweep","Dagger Spray+1","Slimebound:CheckThePlaybook","Slimebound:Icky","Eviscerate","Footwork+1","Expertise"],"relics":["Busted Crown","infinitespire:Cubic Diamond","Boot","Snake Skull","TentaclePot:ReiMu","Tiny House","Nilry\u0027s Codex","DemoMod:WhiteGuonStone"],"acts_visited":["Exordium","TheCity"],"potions_floor_usage":[16,16,16,22,22,24,24,25,30,33],"damage_taken":[{"damage":0,"enemies":"Jaw Worm","floor":1,"turns":5},{"damage":1,"enemies":"2 Louse","floor":5,"turns":3},{"damage":1,"enemies":"infinitespire:Voidling","floor":6,"turns":4},{"damage":7,"enemies":"Lots of Slimes","floor":7,"turns":6},{"damage":6,"enemies":"3 Louse","floor":11,"turns":3},{"damage":1,"enemies":"Blue Slaver","floor":12,"turns":3},{"damage":0,"enemies":"Red Slaver","floor":14,"turns":3},{"damage":25,"enemies":"Hexaghost","floor":16,"turns":11},{"damage":7,"enemies":"Shell Parasite","floor":18,"turns":4},{"damage":0,"enemies":"Chosen","floor":21,"turns":4},{"damage":5,"enemies":"Snake Plant","floor":22,"turns":4},{"damage":9,"enemies":"Centurion and Healer","floor":24,"turns":6},{"damage":14,"enemies":"3 Cultists","floor":25,"turns":4},{"damage":7,"enemies":"Snecko","floor":28,"turns":4},{"damage":25,"enemies":"Sentry and Sphere","floor":30,"turns":6},{"damage":9,"enemies":"Centurion and Healer","floor":31,"turns":4},{"damage":68,"enemies":"Champ","floor":33,"turns":13}],"seed_played":"3508457548991410218","potions_obtained":[{"floor":5,"key":"Guardian:BlockOnCardUsePotion"},{"floor":7,"key":"Explosive Potion"},{"floor":11,"key":"Weak Potion"},{"floor":16,"key":"LiquidBronze"},{"floor":17,"key":"LiquidBronze"},{"floor":18,"key":"ColorlessPotion"},{"floor":22,"key":"Weak Potion"},{"floor":24,"key":"BlessingOfTheForge"},{"floor":30,"key":"champ:CounterPotion"}],"is_trial":false,"path_per_floor":["M","?","?","?","M","M","M","R","T","R","M","M","$","M","R","B",null,"M","?","?","M","M","R","M","M","T","?","M","R","M","M","R","B"],"character_chosen":"THE_SILENT","items_purchased":["TentaclePot:ReiMu"],"campfire_rested":5,"item_purchase_floors":[13],"current_hp_per_floor":[70,70,70,70,69,68,61,70,70,70,64,63,63,63,70,45,75,68,52,52,52,47,69,60,46,46,46,39,61,36,27,49,0,0],"gold":350,"neow_bonus":"BOSS_RELIC","is_daily":false,"chose_seed":false,"campfire_upgraded":1,"win_rate":0.0,"timestamp":1609648105,"path_taken":["M","?","?","?","M","M","M","R","T","R","M","?","?","M","R","BOSS","M","?","?","M","M","R","M","?","T","?","M","R","M","M","R","BOSS"],"items_purchased_type":["Relic"],"build_version":"2020-12-22","purchased_purges":0,"victory":false,"max_hp_per_floor":[70,70,70,70,70,70,70,70,70,70,70,70,70,70,70,70,75,75,75,75,75,75,75,75,75,75,75,75,75,75,75,75,75,75],"card_choices":[{"not_picked":[],"picked":"Riddle With Holes","floor":1},{"not_picked":[],"picked":"Acrobatics","floor":5},{"not_picked":[],"picked":"Slice","floor":6},{"not_picked":[],"picked":"Bane","floor":7},{"not_picked":[],"picked":"ReplayTheSpireMod:Tripwire","floor":11},{"not_picked":[],"picked":"ReplayTheSpireMod:Exploit Weakness","floor":12},{"not_picked":[],"picked":"PiercingWail","floor":14},{"not_picked":[],"picked":"Doppelganger","floor":16},{"not_picked":[],"picked":"Dagger Spray","floor":17},{"not_picked":[],"picked":"Hidden Blade","floor":18},{"not_picked":[],"picked":"Toxin Wave","floor":21},{"not_picked":[],"picked":"Blur","floor":22},{"not_picked":[],"picked":"Leg Sweep","floor":24},{"not_picked":[],"picked":"Dagger Spray+1","floor":25},{"not_picked":[],"picked":"Eviscerate","floor":28},{"not_picked":[],"picked":"Footwork+1","floor":30},{"not_picked":[],"picked":"Expertise","floor":31}],"player_experience":14894,"relics_obtained":[{"floor":3,"key":"Boot"},{"floor":9,"key":"Snake Skull"},{"floor":19,"key":"Nilry\u0027s Codex"},{"floor":26,"key":"DemoMod:WhiteGuonStone"}],"event_choices":[{"damage_healed":0,"gold_gain":0,"player_choice":"Forge","damage_taken":0,"max_hp_gain":0,"max_hp_loss":0,"event_name":"Accursed Blacksmith","floor":4,"gold_loss":0,"cards_upgraded":["Riddle With Holes"]},{"damage_healed":0,"gold_gain":0,"player_choice":"Obtained Book","damage_taken":16,"max_hp_gain":0,"max_hp_loss":0,"event_name":"Cursed Tome","floor":19,"gold_loss":0},{"damage_healed":0,"gold_gain":0,"player_choice":"Ignored","damage_taken":0,"max_hp_gain":0,"max_hp_loss":0,"event_name":"NoteForYourself","floor":20,"gold_loss":0}],"is_beta":false,"boss_relics":[{"not_picked":["WristBlade","construct:WeddingRing"],"picked":"Tiny House"}],"items_purged_floors":[],"is_endless":false,"potions_floor_spawned":[5,7,11,16,18,22,24,30],"killed_by":"Champ","ascension_level":0}}