{"host":"oiai0qxasotny765","time":1609688006,"event":{"mods":["2.2 Compatiblity","AchievementEnabler","BaseMod","Colored Map","Minty Spire (QoL Compilation)","Permanent Neow","Relic Stats","StSLib","SuperFastMode","everything is the same but u backflip on backflip"],"gold_per_floor":[10,26,44,63,338,370,216,216,216,246,69,88,98,118,118,193,193,212,232,71,71,88,88,119,135,135,135,135],"floor_reached":27,"playtime":921,"items_purged":["Strike_R","Strike_R"],"score":408,"play_id":"cf2f606f-bd77-42ee-8322-e705327c5297","local_time":"20210104003326","is_ascension_mode":true,"campfire_choices":[{"data":"Body Slam","floor":8.0,"key":"SMITH"},{"data":"Fire Breathing","floor":15.0,"key":"SMITH"},{"data":"Uppercut","floor":23,"key":"SMITH"}],"circlet_count":0,"master_deck":["AscendersBane","Strike_R","Defend_R","Defend_R","Defend_R","Defend_R","Bash","Double Tap","Blood for Blood","Shrug It Off","Fire Breathing+1","Second Wind","Regret","Body Slam+1","Power Through","Uppercut+1","Impervious","Immolate","Offering","Seeing Red+1"],"relics":["Burning Blood","Shuriken","Kunai","Pear","Empty Cage","Smiling Mask","Bottled Flame"],"acts_visited":["Exordium","TheCity"],"potions_floor_usage":[24,27],"damage_taken":[{"damage":13.0,"enemies":"Jaw Worm","floor":1.0,"turns":4.0},{"damage":6.0,"enemies":"Cultist","floor":2.0,"turns":4.0},{"damage":0.0,"enemies":"Small Slimes","floor":3.0,"turns":3.0},{"damage":17.0,"enemies":"Exordium Wildlife","floor":4.0,"turns":6.0},{"damage":17.0,"enemies":"3 Sentries","floor":6.0,"turns":6.0},{"damage":30.0,"enemies":"Gremlin Nob","floor":10.0,"turns":5.0},{"damage":25.0,"enemies":"Red Slaver","floor":12.0,"turns":5.0},{"damage":4.0,"enemies":"2 Fungi Beasts","floor":13.0,"turns":4.0},{"damage":9.0,"enemies":"Exordium Thugs","floor":14.0,"turns":5.0},{"damage":3.0,"enemies":"Slime Boss","floor":16.0,"turns":9.0},{"damage":20.0,"enemies":"2 Thieves","floor":18.0,"turns":4.0},{"damage":20,"enemies":"3 Byrds","floor":19,"turns":5},{"damage":12,"enemies":"Centurion and Healer","floor":22,"turns":7},{"damage":19,"enemies":"Book of Stabbing","floor":24,"turns":6},{"damage":21,"enemies":"Snake Plant","floor":25,"turns":3},{"damage":9,"enemies":"Shelled Parasite and Fungi","floor":27,"turns":6}],"seed_played":"829765732130268733","potions_obtained":[{"floor":1.0,"key":"EntropicBrew"},{"floor":3.0,"key":"Ancient Potion"},{"floor":10.0,"key":"BloodPotion"},{"floor":12.0,"key":"SteroidPotion"},{"floor":14.0,"key":"Ancient Potion"},{"floor":16.0,"key":"Explosive Potion"},{"floor":19,"key":"Fire Potion"},{"floor":25,"key":"Block Potion"}],"is_trial":false,"path_per_floor":["M","M","M","M","?","E","$","R","T","E","$","M","M","M","R","B",null,"M","M","$","?","M","R","E","M","T","M"],"character_chosen":"IRONCLAD","items_purchased":["Power Through","Impervious","Offering"],"campfire_rested":0,"item_purchase_floors":[7,11,20],"current_hp_per_floor":[65,65,71,60,60,49,49,49,49,35,35,34,36,33,33,36,77,63,49,49,49,43,43,30,15,15,6,6],"gold":135,"neow_bonus":"THREE_RARE_CARDS","is_daily":false,"chose_seed":false,"campfire_upgraded":3,"win_rate":0.0,"timestamp":1609688006,"path_taken":["M","M","M","M","?","E","$","R","T","E","?","M","M","M","R","BOSS","M","?","$","?","M","R","E","M","T","M"],"items_purchased_type":["Card","Card","Card"],"build_version":"2020-12-22","purchased_purges":2,"victory":false,"max_hp_per_floor":[80,80,80,80,80,80,80,80,80,90,90,90,90,90,90,90,90,90,90,90,90,90,90,90,90,90,90,90],"relic_stats":{"counters":[16,82],"Shuriken":[4],"Kunai":[4],"Smiling Mask":0,"obtain_stats":[{"Bottled Flame":26,"Pear":10,"Shuriken":6,"Kunai":9,"Empty Cage":17,"Smiling Mask":24,"Burning Blood":0},{"Bottled Flame":15,"Pear":6,"Shuriken":5,"Kunai":5,"Empty Cage":10,"Smiling Mask":14,"Burning Blood":0},{"Bottled Flame":76,"Pear":28,"Shuriken":23,"Kunai":23,"Empty Cage":51,"Smiling Mask":73,"Burning Blood":0}],"Burning Blood":90},"card_choices":[{"not_picked":["Demon Form","Reaper"],"picked":"Double Tap","floor":0.0},{"not_picked":["Sever Soul","Twin Strike"],"picked":"Blood for Blood","floor":1.0},{"not_picked":["Rage","Headbutt"],"picked":"Shrug It Off","floor":2.0},{"not_picked":["Whirlwind","Disarm"],"picked":"Fire Breathing","floor":3.0},{"not_picked":["Pommel Strike","Combust"],"picked":"Second Wind","floor":4.0},{"not_picked":["Hemokinesis","Twin Strike"],"picked":"Body Slam","floor":6.0},{"not_picked":["Clothesline","Searing Blow"],"picked":"Uppercut","floor":10.0},{"not_picked":["Metallicize","Bloodletting","Flex"],"picked":"SKIP","floor":12.0},{"not_picked":["Disarm","Thunderclap","Armaments"],"picked":"SKIP","floor":13.0},{"not_picked":["Warcry","Iron Wave","Heavy Blade"],"picked":"SKIP","floor":14.0},{"not_picked":["Demon Form","Reaper"],"picked":"Immolate","floor":16.0},{"not_picked":["Rampage","Heavy Blade","Headbutt"],"picked":"SKIP","floor":18.0},{"not_picked":["Seeing Red","Warcry","Cleave"],"picked":"SKIP","floor":19},{"not_picked":["Bloodletting","Sever Soul","Warcry"],"picked":"SKIP","floor":22},{"not_picked":["Rage","Clothesline"],"picked":"Seeing Red+1","floor":24},{"not_picked":["Wild Strike","Seeing Red","Thunderclap"],"picked":"SKIP","floor":25}],"player_experience":297785,"relics_obtained":[{"floor":6.0,"key":"Shuriken"},{"floor":9.0,"key":"Kunai"},{"floor":10.0,"key":"Pear"},{"floor":24,"key":"Smiling Mask"},{"floor":26,"key":"Bottled Flame"}],"event_choices":[{"damage_healed":0.0,"max_hp_gain":0.0,"max_hp_loss":0.0,"gold_gain":275.0,"event_name":"Golden Shrine","player_choice":"Desecrate","floor":5.0,"gold_loss":0.0,"damage_taken":0.0,"cards_obtained":["Regret"]},{"damage_healed":0,"gold_gain":0,"player_choice":"Ignored","damage_taken":0,"max_hp_gain":0,"max_hp_loss":0,"event_name":"Vampires","floor":21,"gold_loss":0}],"is_beta":false,"boss_relics":[{"not_picked":["Runic Pyramid","Runic Dome"],"picked":"Empty Cage"}],"items_purged_floors":[7,11],"is_endless":false,"potions_floor_spawned":[1,3,10,12,14,16,19,25],"killed_by":"Shelled Parasite and Fungi","ascension_level":13}}