{"host":"oy4pyvr762z5n0bb","time":1609632569,"event":{"mods":["AchievementEnabler","BaseMod","Colored Map","Colored Powertips","Googly Eyes","Key Reminder","Minty Spire (QoL Compilation)","Quick Restart","Relic Sorter","StSLib","SuperFastMode","Unceasing Turn Reminder","slay the spire mod where everything is the same but ironclad has a cowboy hat"],"gold_per_floor":[119,194,25,25,40,40,50,75,121,135,145,145,145,38,38,137,137,154,104,115,132,132,132,163,163,163,191,211,229,239,199,199,294,294,304,304,322,35,51,79,79,105,105,125,156,171,171,171,171,171,171],"floor_reached":50,"playtime":1008,"items_purged":["Disarm+1"],"score":866,"play_id":"23b66a30-20a6-497d-be43-fa93bdc61947","local_time":"20210102160929","is_ascension_mode":true,"campfire_choices":[{"data":"Bash","floor":6,"key":"SMITH"},{"data":"Whirlwind","floor":12,"key":"SMITH"},{"data":"Whirlwind","floor":15,"key":"SMITH"},{"data":"Bite","floor":23,"key":"SMITH"},{"data":"Armaments","floor":32,"key":"SMITH"},{"floor":41,"key":"REST"},{"data":"Heavy Blade","floor":47,"key":"SMITH"},{"data":"Bite","floor":49,"key":"SMITH"}],"circlet_count":0,"master_deck":["Defend_R+1","Defend_R+1","Defend_R+1","Defend_R+1","Bash+1","True Grit","Pommel Strike","Twin Strike","Whirlwind+1","Thunderclap","Uppercut","Iron Wave","Battle Trance","Whirlwind+1","Flex+1","Sword Boomerang","Intimidate","Bite","Bite","Bite","Bite+1","Bite+1","Heavy Blade+1","Shrug It Off","Headbutt","Armaments+1","Berserk","Heavy Blade","Ghostly Armor","Heavy Blade+1","Wild Strike","True Grit"],"relics":["Black Blood","NeowsBlessing","Brimstone","Nunchaku","StoneCalendar","Ancient Tea Set","Gremlin Horn","Self Forming Clay","Thread and Needle","SlaversCollar","Bag of Preparation","FossilizedHelix","Strawberry","Boot","Dream Catcher"],"acts_visited":["Exordium","TheCity","TheBeyond"],"potions_floor_usage":[27,33,33,40,50],"damage_taken":[{"damage":3,"enemies":"2 Louse","floor":1,"turns":2},{"damage":0,"enemies":"Jaw Worm","floor":5,"turns":1},{"damage":0,"enemies":"Cultist","floor":7,"turns":1},{"damage":17,"enemies":"Lagavulin","floor":8,"turns":5},{"damage":7,"enemies":"Looter","floor":10,"turns":2},{"damage":0,"enemies":"Lots of Slimes","floor":11,"turns":1},{"damage":0,"enemies":"Slime Boss","floor":16,"turns":3},{"damage":15,"enemies":"Chosen","floor":18,"turns":3},{"damage":8,"enemies":"Spheric Guardian","floor":20,"turns":3},{"damage":0,"enemies":"3 Cultists","floor":21,"turns":2},{"damage":37,"enemies":"Slavers","floor":24,"turns":3},{"damage":9,"enemies":"Gremlin Leader","floor":27,"turns":3},{"damage":0,"enemies":"Cultist and Chosen","floor":28,"turns":3},{"damage":16,"enemies":"Snecko","floor":29,"turns":3},{"damage":22,"enemies":"Centurion and Healer","floor":30,"turns":4},{"damage":22,"enemies":"Collector","floor":33,"turns":6},{"damage":6,"enemies":"3 Shapes","floor":35,"turns":2},{"damage":6,"enemies":"Orb Walker","floor":37,"turns":3},{"damage":52,"enemies":"Spire Growth","floor":39,"turns":6},{"damage":17,"enemies":"Reptomancer","floor":40,"turns":4},{"damage":75,"enemies":"Nemesis","floor":42,"turns":5},{"damage":18,"enemies":"Maw","floor":44,"turns":7},{"damage":0,"enemies":"Reptomancer","floor":45,"turns":4},{"damage":0,"enemies":"Transient","floor":46,"turns":5},{"damage":66,"enemies":"Awakened One","floor":50,"turns":3}],"seed_played":"2153409718006907268","potions_obtained":[{"floor":1,"key":"BloodPotion"},{"floor":8,"key":"GamblersBrew"},{"floor":11,"key":"Swift Potion"},{"floor":27,"key":"FairyPotion"},{"floor":35,"key":"ElixirPotion"},{"floor":39,"key":"SkillPotion"},{"floor":46,"key":"PowerPotion"}],"is_trial":false,"path_per_floor":["M","?","$","?","M","R","M","E","T","M","M","R","?","$","R","B",null,"M","?","M","M","?","R","E","?","T","E","M","M","M","?","R","B",null,"M","?","M","$","M","E","R","E","T","M","E","M","R","?","R","B"],"character_chosen":"IRONCLAD","items_purchased":["Brimstone","Pommel Strike","Battle Trance","Whirlwind","Bag of Preparation","Ghostly Armor"],"campfire_rested":1,"item_purchase_floors":[3,3,14,14,38,38],"current_hp_per_floor":[75,64,64,57,63,63,69,58,58,57,63,63,63,63,63,69,77,74,74,78,80,56,56,35,35,35,56,56,52,56,56,56,55,56,56,56,56,56,21,29,45,39,39,47,63,63,63,63,63,0,0],"gold":171,"neow_bonus":"THREE_ENEMY_KILL","is_daily":false,"chose_seed":false,"campfire_upgraded":7,"win_rate":0.0,"timestamp":1609632569,"path_taken":["M","?","$","?","?","R","M","E","T","M","M","R","?","?","R","BOSS","M","?","M","?","?","R","E","?","T","E","?","M","M","?","R","BOSS","M","?","M","$","?","E","R","E","T","M","E","M","R","?","R","BOSS"],"items_purchased_type":["Relic","Card","Card","Card","Relic","Card"],"build_version":"2020-12-22","purchased_purges":1,"victory":false,"max_hp_per_floor":[80,80,80,80,80,80,80,80,80,80,80,80,80,80,80,80,80,80,80,80,80,56,56,56,56,56,56,56,56,56,56,56,56,56,56,56,56,56,56,56,56,63,63,63,63,63,63,63,63,63,63],"card_choices":[{"not_picked":["Bloodletting","Flex"],"picked":"True Grit","floor":1},{"not_picked":["Armaments","Clothesline"],"picked":"Twin Strike","floor":5},{"not_picked":["True Grit","Iron Wave"],"picked":"Whirlwind","floor":7},{"not_picked":["Juggernaut","Flame Barrier"],"picked":"Thunderclap","floor":8},{"not_picked":["True Grit","Perfected Strike"],"picked":"Uppercut","floor":10},{"not_picked":["Havoc","Shockwave"],"picked":"Iron Wave","floor":11},{"not_picked":["Barricade","Impervious"],"picked":"Berserk","floor":16},{"not_picked":["Clash","Body Slam"],"picked":"Flex+1","floor":18},{"not_picked":["Flex","Pummel"],"picked":"Sword Boomerang","floor":20},{"not_picked":["Evolve+1","Rupture"],"picked":"Intimidate","floor":21},{"not_picked":["Perfected Strike","Intimidate"],"picked":"Heavy Blade","floor":24},{"not_picked":["Flex","Whirlwind"],"picked":"Shrug It Off","floor":27},{"not_picked":["Body Slam","Havoc"],"picked":"Headbutt","floor":28},{"not_picked":["Thunderclap","True Grit"],"picked":"Armaments","floor":29},{"not_picked":["Perfected Strike","Flex"],"picked":"Disarm+1","floor":30},{"not_picked":["Barricade","Impervious"],"picked":"Berserk","floor":33},{"not_picked":["Warcry","Twin Strike"],"picked":"Heavy Blade","floor":35},{"not_picked":["Thunderclap+1","Hemokinesis"],"picked":"True Grit","floor":37},{"not_picked":["Flex","Anger+1","Body Slam"],"picked":"SKIP","floor":39},{"not_picked":["Iron Wave","Anger"],"picked":"Heavy Blade","floor":40},{"not_picked":["Seeing Red","Offering","Body Slam"],"picked":"SKIP","floor":42},{"not_picked":["Flex+1","Infernal Blade","Burning Pact+1"],"picked":"SKIP","floor":44},{"not_picked":["Headbutt","Armaments+1"],"picked":"Wild Strike","floor":45},{"not_picked":["Blood for Blood+1","Clash"],"picked":"True Grit","floor":46}],"player_experience":626103,"relics_obtained":[{"floor":8,"key":"StoneCalendar"},{"floor":9,"key":"Ancient Tea Set"},{"floor":24,"key":"Gremlin Horn"},{"floor":26,"key":"Self Forming Clay"},{"floor":27,"key":"Thread and Needle"},{"floor":40,"key":"FossilizedHelix"},{"floor":42,"key":"Strawberry"},{"floor":43,"key":"Boot"},{"floor":45,"key":"Dream Catcher"}],"event_choices":[{"damage_healed":0,"gold_gain":75,"player_choice":"Gather Gold","damage_taken":11,"max_hp_gain":0,"max_hp_loss":0,"event_name":"World of Goop","floor":2,"gold_loss":0},{"damage_healed":0,"gold_gain":0,"player_choice":"Success","damage_taken":7,"relics_obtained":["Nunchaku"],"max_hp_gain":0,"max_hp_loss":0,"event_name":"Scrap Ooze","floor":4,"gold_loss":0},{"cards_removed":["Strike_R"],"damage_healed":0,"gold_gain":0,"player_choice":"Purged","damage_taken":0,"max_hp_gain":0,"max_hp_loss":0,"event_name":"Purifier","floor":13,"gold_loss":0},{"damage_healed":0,"gold_gain":0,"player_choice":"Bet on Murderer","damage_taken":0,"max_hp_gain":0,"max_hp_loss":0,"event_name":"The Joust","floor":19,"gold_loss":50},{"damage_healed":0,"gold_gain":0,"player_choice":"Became a vampire","damage_taken":0,"max_hp_gain":0,"max_hp_loss":24,"event_name":"Vampires","floor":22,"gold_loss":0,"cards_obtained":["Bite","Bite","Bite","Bite","Bite"]},{"damage_healed":0,"gold_gain":0,"player_choice":"Simplicity","damage_taken":0,"max_hp_gain":0,"max_hp_loss":0,"event_name":"Back to Basics","floor":25,"gold_loss":0,"cards_upgraded":["Defend_R","Defend_R","Defend_R","Defend_R"]},{"damage_healed":0,"gold_gain":0,"player_choice":"Upgrade","damage_taken":0,"max_hp_gain":0,"max_hp_loss":0,"event_name":"Designer","floor":31,"gold_loss":40,"cards_upgraded":["Heavy Blade"]},{"cards_removed":["Berserk"],"damage_healed":0,"gold_gain":0,"player_choice":"Purged","damage_taken":0,"max_hp_gain":0,"max_hp_loss":0,"event_name":"Purifier","floor":36,"gold_loss":0},{"cards_removed":["True Grit"],"damage_healed":0,"gold_gain":0,"player_choice":"Removed Skill","damage_taken":0,"max_hp_gain":0,"max_hp_loss":0,"event_name":"Falling","floor":48,"gold_loss":0}],"is_beta":false,"boss_relics":[{"not_picked":["SacredBark","Cursed Key"],"picked":"Black Blood"},{"not_picked":["Coffee Dripper","Velvet Choker"],"picked":"SlaversCollar"}],"items_purged_floors":[38],"is_endless":false,"potions_floor_spawned":[1,8,11,18,27,28,29,35,39,46],"killed_by":"Awakened One","ascension_level":6}}