{"host":"d4km6p8r92tm3vpl","time":1609635778,"event":{"mods":["AchievementEnabler","BaseMod","Colored Map","Colored Powertips","DeckTracker","Minty Spire (QoL Compilation)","Relic Stats","StSLib"],"gold_per_floor":[218,237,162,162,181,181,41,72,72,104,104,104,139,156,156,235,235,255,49,49,49,65,90,90,102,102,127,127,127,154,169,169,243,243,259,259,275,290,73,105,105,105,105,116,116,134,164,164,164,164,164],"floor_reached":50,"playtime":1877,"items_purged":["Strike_R","Strike_R","Strike_R","Defend_R"],"score":1004,"play_id":"3a514421-688c-45c1-bbd2-028e76cfb3e7","local_time":"20210102200258","is_ascension_mode":true,"campfire_choices":[{"data":"Uppercut","floor":6.0,"key":"SMITH"},{"data":"Immolate","floor":12,"key":"SMITH"},{"data":"Pommel Strike","floor":15,"key":"SMITH"},{"floor":24,"key":"REST"},{"data":"Ghostly","floor":29,"key":"SMITH"},{"data":"Ghostly","floor":32,"key":"SMITH"},{"data":"Ghostly","floor":42,"key":"SMITH"},{"data":"Limit Break","floor":45,"key":"SMITH"},{"floor":49,"key":"RECALL"}],"circlet_count":0,"master_deck":["AscendersBane","Strike_R","Strike_R","Defend_R","Defend_R","Defend_R","Bash","Pommel Strike+1","Iron Wave","Uppercut+1","Inflame","Reaper","Armaments","Immolate+1","Offering","Twin Strike","Good Instincts","Inflame","Ghostly+1","Ghostly","Ghostly","Ghostly+1","Ghostly+1","Rage","Limit Break+1","Disarm"],"relics":["Burning Blood","Shuriken","Bottled Tornado","Red Skull","Akabeko","Runic Pyramid","Blood Vial","Art of War","Pocketwatch","Eternal Feather","Dead Branch","Kunai","Coffee Dripper","StrikeDummy","Bottled Flame"],"acts_visited":["TheCity","TheBeyond"],"potions_floor_usage":[16,27,30,33,50,50],"damage_taken":[{"damage":8.0,"enemies":"2 Louse","floor":1.0,"turns":3.0},{"damage":6.0,"enemies":"Cultist","floor":2.0,"turns":3.0},{"damage":3.0,"enemies":"Jaw Worm","floor":5.0,"turns":4.0},{"damage":10,"enemies":"Lagavulin","floor":8,"turns":6},{"damage":25,"enemies":"Gremlin Nob","floor":10,"turns":5},{"damage":20,"enemies":"3 Sentries","floor":13,"turns":5},{"damage":0,"enemies":"Lots of Slimes","floor":14,"turns":1},{"damage":67,"enemies":"Hexaghost","floor":16,"turns":13},{"damage":6,"enemies":"Spheric Guardian","floor":18,"turns":3},{"damage":9,"enemies":"Chosen","floor":22,"turns":4},{"damage":52,"enemies":"Slavers","floor":23,"turns":4},{"damage":23,"enemies":"3 Cultists","floor":25,"turns":4},{"damage":51,"enemies":"Book of Stabbing","floor":27,"turns":6},{"damage":6,"enemies":"Slavers","floor":30,"turns":5},{"damage":3,"enemies":"Centurion and Healer","floor":31,"turns":6},{"damage":19,"enemies":"Collector","floor":33,"turns":11},{"damage":1,"enemies":"Orb Walker","floor":35,"turns":4},{"damage":7,"enemies":"3 Shapes","floor":37,"turns":4},{"damage":2,"enemies":"Maw","floor":38,"turns":7},{"damage":13,"enemies":"Nemesis","floor":40,"turns":9},{"damage":18,"enemies":"Writhing Mass","floor":44,"turns":7},{"damage":28,"enemies":"4 Shapes","floor":46,"turns":3},{"damage":3,"enemies":"Reptomancer","floor":47,"turns":5},{"damage":49,"enemies":"Donu and Deca","floor":50,"turns":7}],"seed_played":"-883372435494075324","potions_obtained":[{"floor":1.0,"key":"SpeedPotion"},{"floor":10,"key":"Block Potion"},{"floor":16,"key":"GamblersBrew"},{"floor":23,"key":"ColorlessPotion"},{"floor":27,"key":"BlessingOfTheForge"},{"floor":31,"key":"EssenceOfSteel"},{"floor":35,"key":"PowerPotion"}],"is_trial":false,"path_per_floor":["M","M","$","?","M","R","$","E","T","E","?","R","E","M","R","B",null,"M","$","?","?","M","E","R","M","T","E","?","R","E","M","R","B",null,"M","?","M","M","$","E","?","R","T","M","R","M","E","?","R","B"],"character_chosen":"IRONCLAD","items_purchased":["Inflame","Good Instincts","Disarm"],"campfire_rested":1,"item_purchase_floors":[7,19,39],"current_hp_per_floor":[66,66,66,75,75,75,75,71,71,56,56,56,60,75,75,14,60,60,60,60,60,59,29,51,58,58,31,31,37,37,37,37,24,34,37,37,37,37,37,37,35,35,35,35,35,35,35,35,35,0,0],"gold":164,"neow_bonus":"HUNDRED_GOLD","is_daily":false,"chose_seed":false,"campfire_upgraded":7,"win_rate":0.0,"timestamp":1609635778,"path_taken":["M","M","$","?","M","R","?","E","T","E","?","R","E","M","R","BOSS","M","$","?","?","?","E","R","M","T","E","?","R","E","M","R","BOSS","M","?","M","?","$","E","?","R","T","M","R","M","E","?","R","BOSS"],"items_purchased_type":["Card","Card","Card"],"build_version":"2020-12-22","purchased_purges":4,"victory":false,"max_hp_per_floor":[75,75,75,75,75,75,75,75,75,75,75,75,75,75,75,75,75,75,75,75,75,75,75,75,75,75,75,37,37,37,37,37,37,37,37,37,37,37,37,37,35,35,35,35,35,35,35,35,35,35,35],"relic_stats":{"Blood Vial":10,"counters":[24,129],"Shuriken":[14],"Dead Branch":[126],"Eternal Feather":6,"Art of War":[9],"Kunai":[10],"obtain_stats":[{"Dead Branch":27,"Eternal Feather":26,"Bottled Tornado":9,"Burning Blood":0,"Akabeko":13,"Blood Vial":20,"Bottled Flame":47,"Shuriken":8,"Art of War":21,"Coffee Dripper":34,"Kunai":30,"StrikeDummy":40,"Red Skull":10,"Runic Pyramid":17,"Pocketwatch":23},{"Dead Branch":13,"Eternal Feather":12,"Bottled Tornado":4,"Burning Blood":0,"Akabeko":6,"Blood Vial":9,"Bottled Flame":23,"Shuriken":4,"Art of War":9,"Coffee Dripper":16,"Kunai":14,"StrikeDummy":20,"Red Skull":5,"Runic Pyramid":8,"Pocketwatch":11},{"Dead Branch":61,"Eternal Feather":55,"Bottled Tornado":16,"Burning Blood":0,"Akabeko":26,"Blood Vial":43,"Bottled Flame":122,"Shuriken":16,"Art of War":43,"Coffee Dripper":83,"Kunai":66,"StrikeDummy":107,"Red Skull":21,"Runic Pyramid":40,"Pocketwatch":51}],"Burning Blood":97,"Pocketwatch":[14]},"card_choices":[{"not_picked":["Havoc","Shrug It Off"],"picked":"Pommel Strike","floor":1.0},{"not_picked":["Body Slam","Headbutt"],"picked":"Iron Wave","floor":2.0},{"not_picked":["Shrug It Off","Whirlwind"],"picked":"Uppercut","floor":5.0},{"not_picked":["Burning Pact","Twin Strike"],"picked":"Reaper","floor":8},{"not_picked":["Wild Strike","Clash"],"picked":"Armaments","floor":10},{"not_picked":["Wild Strike","Searing Blow","Heavy Blade"],"picked":"SKIP","floor":13},{"not_picked":["Havoc","Second Wind","Heavy Blade"],"picked":"SKIP","floor":14},{"not_picked":["Barricade","Impervious"],"picked":"Offering","floor":16},{"not_picked":["Shrug It Off","Heavy Blade"],"picked":"Twin Strike","floor":18},{"not_picked":["Thunderclap+1","Dual Wield","Whirlwind"],"picked":"SKIP","floor":22},{"not_picked":["Bludgeon","Body Slam"],"picked":"Inflame","floor":23},{"not_picked":["Clash","Body Slam","Thunderclap"],"picked":"SKIP","floor":25},{"not_picked":["Entrench","Dual Wield","Dropkick"],"picked":"SKIP","floor":27},{"not_picked":["Clash","Anger+1"],"picked":"Rage","floor":30},{"not_picked":["Carnage","Anger","Intimidate"],"picked":"SKIP","floor":31},{"not_picked":["Brutality","Reaper"],"picked":"Limit Break","floor":33},{"not_picked":["Anger","Combust","Body Slam+1"],"picked":"SKIP","floor":35},{"not_picked":["Bloodletting","Body Slam","Sword Boomerang"],"picked":"SKIP","floor":37},{"not_picked":["Shrug It Off","Second Wind","Clothesline"],"picked":"SKIP","floor":38},{"not_picked":["Flex+1","Clash+1","Brutality"],"picked":"SKIP","floor":40},{"not_picked":["Iron Wave","Flame Barrier","Thunderclap+1"],"picked":"SKIP","floor":44},{"not_picked":["Shrug It Off","Entrench","Warcry+1"],"picked":"SKIP","floor":46},{"not_picked":["Bloodletting","Warcry","Dark Embrace"],"picked":"SKIP","floor":47}],"player_experience":804262,"relics_obtained":[{"floor":8,"key":"Shuriken"},{"floor":9,"key":"Bottled Tornado"},{"floor":10,"key":"Red Skull"},{"floor":13,"key":"Akabeko"},{"floor":23,"key":"Pocketwatch"},{"floor":26,"key":"Eternal Feather"},{"floor":27,"key":"Dead Branch"},{"floor":30,"key":"Kunai"},{"floor":40,"key":"StrikeDummy"},{"floor":47,"key":"Bottled Flame"}],"event_choices":[{"damage_healed":9.0,"max_hp_gain":0.0,"max_hp_loss":0.0,"gold_gain":0.0,"event_name":"Wheel of Change","player_choice":"Full Heal","floor":4.0,"gold_loss":0.0,"damage_taken":0.0},{"damage_healed":0,"gold_gain":0,"player_choice":"1 cards matched","damage_taken":0,"max_hp_gain":0,"max_hp_loss":0,"event_name":"Match and Keep!","floor":11,"gold_loss":0,"cards_obtained":["Immolate"]},{"damage_healed":0,"gold_gain":0,"player_choice":"Opened","damage_taken":0,"relics_obtained":["Blood Vial"],"max_hp_gain":0,"max_hp_loss":0,"event_name":"The Mausoleum","floor":20,"gold_loss":0},{"damage_healed":0,"gold_gain":0,"player_choice":"Gave Potion","damage_taken":0,"relics_obtained":["Art of War"],"max_hp_gain":0,"max_hp_loss":0,"event_name":"WeMeetAgain","floor":21,"gold_loss":0},{"damage_healed":0,"gold_gain":0,"player_choice":"Became a Ghost","damage_taken":0,"max_hp_gain":0,"max_hp_loss":38,"event_name":"Ghosts","floor":28,"gold_loss":0,"cards_obtained":["Ghostly","Ghostly","Ghostly","Ghostly","Ghostly"]},{"damage_healed":0,"gold_gain":0,"player_choice":"0 cards matched","damage_taken":0,"max_hp_gain":0,"max_hp_loss":0,"event_name":"Match and Keep!","floor":36,"gold_loss":0,"cards_obtained":[]},{"damage_healed":0,"gold_gain":0,"player_choice":"Max HP","damage_taken":0,"max_hp_gain":0,"max_hp_loss":2,"event_name":"Winding Halls","floor":41,"gold_loss":0},{"damage_healed":0,"gold_gain":0,"player_choice":"Memory 1","damage_taken":0,"max_hp_gain":0,"max_hp_loss":0,"event_name":"SensoryStone","floor":48,"gold_loss":0}],"is_beta":false,"boss_relics":[{"not_picked":["Tiny House","Mark of Pain"],"picked":"Runic Pyramid"},{"not_picked":["Velvet Choker","SlaversCollar"],"picked":"Coffee Dripper"}],"items_purged_floors":[3,7,19,39],"is_endless":false,"potions_floor_spawned":[1,10,16,23,25,27,31,35,37,44],"killed_by":"Donu and Deca","ascension_level":14}}