{"host":"uoq8e77duj6rs50g","time":1609646485,"event":{"mods":["BaseMod","Better Match","Better Note","Better Third Choice","BetterRewards","Block Reminder","ChefMod","Curses Come First","Hermit","Hubris","Ironclad Rager","Minty Spire (QoL Compilation)","Relic Stats","Replay The Spire","Shade Mod","StSLib","The Blue Laboratory","The Cursed","The Dragon Tamer","The Exalted","The Judge","The Runesmith","The Servant 0.9.4"],"gold_per_floor":[111,130,192,192,43,43,73,73,100,100,127,127,53,70,70,168,168,183,183,183,198,50,50,50],"floor_reached":23,"playtime":1812,"items_purged":["ReplayTheSpireMod:Splinters"],"score":220,"play_id":"7052204b-f8b5-4993-8a7c-8bad0d32049c","local_time":"20210102230125","is_ascension_mode":false,"campfire_choices":[{"floor":6.0,"key":"REST"},{"floor":8,"key":"REST"},{"floor":12,"key":"REST"},{"floor":15,"key":"REST"}],"circlet_count":0,"master_deck":["Strike_S","Strike_S","Strike_S","Strike_S","Defend_S","Defend_S","Defend_S","Defend_S","KidneyShot","Exchange","BottledTime","GearUp","Starlight","SilverBlades","StarChef","Embodiment","SurpressingFire","Starlight","BottledTime"],"relics":["Uniform","Replay:Baseball","Replay:Bottled Snecko","Oddly Smooth Stone","hubris:Zylophone","Bag of Preparation","Bromod:ArcaneBarrier","Regal Pillow","Runesmith:AutoHammer"],"acts_visited":["Exordium","TheCity"],"potions_floor_usage":[16,23],"damage_taken":[{"damage":0.0,"enemies":"2 Louse","floor":1.0,"turns":3.0},{"damage":1.0,"enemies":"Jaw Worm","floor":2.0,"turns":4.0},{"damage":33,"enemies":"3 Sentries","floor":7,"turns":12},{"damage":21,"enemies":"Gremlin Nob","floor":11,"turns":4},{"damage":4,"enemies":"Small Slimes","floor":14,"turns":5},{"damage":5,"enemies":"The Guardian","floor":16,"turns":12},{"damage":16,"enemies":"Spheric Guardian","floor":18,"turns":8},{"damage":8,"enemies":"Chosen","floor":21,"turns":6},{"damage":73,"enemies":"Slavers","floor":23,"turns":10}],"seed_played":"6617533384875900941","potions_obtained":[{"floor":2.0,"key":"LiquidMemories"},{"floor":3.0,"key":"blueLaboratory:TrueEctoplasm"},{"floor":14,"key":"blueLaboratory:BottleOfRum"},{"floor":16,"key":"FearPotion"},{"floor":18,"key":"Adrenaline Potion"},{"floor":21,"key":"Venom Potion"}],"is_trial":false,"path_per_floor":["M","M","?","?","$","R","E","R","T","?","E","R","$","M","R","B",null,"M","?","?","M","$","E"],"character_chosen":"THE_SERVANT","items_purchased":["SilverBlades","SurpressingFire","Runesmith:AutoHammer"],"campfire_rested":4,"item_purchase_floors":[5,13,22],"current_hp_per_floor":[65,64,64,52,52,65,32,51,51,56,35,56,56,52,70,65,70,54,54,80,72,72,0,0],"gold":50,"neow_bonus":"RANDOM_COMMON_RELIC","is_daily":false,"chose_seed":false,"campfire_upgraded":0,"win_rate":0.0,"timestamp":1609646485,"path_taken":["M","M","?","?","$","R","E","R","T","?","E","R","?","?","R","BOSS","M","?","?","M","$","E"],"items_purchased_type":["Card","Card","Relic"],"build_version":"2020-12-22","purchased_purges":1,"victory":false,"max_hp_per_floor":[65,65,65,65,65,65,65,65,65,70,70,70,70,70,70,70,70,70,70,80,80,80,80,80],"relic_stats":{"Regal Pillow":0,"counters":[9,64],"Bag of Preparation":[10],"obtain_stats":[{"hubris:Zylophone":7,"Replay:Baseball":0,"Regal Pillow":19,"Oddly Smooth Stone":4,"Bromod:ArcaneBarrier":17,"Uniform":0,"Bag of Preparation":11,"Replay:Bottled Snecko":3,"Runesmith:AutoHammer":22},{"hubris:Zylophone":3,"Replay:Baseball":0,"Regal Pillow":7,"Oddly Smooth Stone":2,"Bromod:ArcaneBarrier":6,"Uniform":0,"Bag of Preparation":4,"Replay:Bottled Snecko":2,"Runesmith:AutoHammer":8},{"hubris:Zylophone":19,"Replay:Baseball":0,"Regal Pillow":48,"Oddly Smooth Stone":7,"Bromod:ArcaneBarrier":40,"Uniform":0,"Bag of Preparation":23,"Replay:Bottled Snecko":7,"Runesmith:AutoHammer":54}]},"card_choices":[{"not_picked":["Replace","Read"],"picked":"BottledTime","floor":1.0},{"not_picked":["Replace","Misdirection"],"picked":"GearUp","floor":2.0},{"not_picked":["Contraction","FastForward"],"picked":"Starlight","floor":3.0},{"not_picked":["Defy","Comet"],"picked":"StarChef","floor":7},{"not_picked":["Advance","Spin"],"picked":"Embodiment","floor":11},{"not_picked":["FastForward","Barrier","Foresight"],"picked":"SKIP","floor":14},{"not_picked":["PendulumOfEternity","Dilation"],"picked":"TrueSight","floor":16},{"not_picked":["Unruled","Comet"],"picked":"Starlight","floor":18},{"not_picked":["Unruled+1","Alleviate"],"picked":"BottledTime","floor":21}],"player_experience":361533,"relics_obtained":[{"floor":3.0,"key":"Replay:Bottled Snecko"},{"floor":7,"key":"hubris:Zylophone"},{"floor":11,"key":"Bag of Preparation"}],"event_choices":[{"damage_healed":0.0,"max_hp_gain":0.0,"max_hp_loss":0.0,"gold_gain":0.0,"event_name":"betterThird:BetterScrap","player_choice":"Relic ","floor":4.0,"gold_loss":0.0,"damage_taken":12.0,"cards_obtained":["Doom and Gloom"]},{"damage_healed":0,"gold_gain":0,"player_choice":"Donut","damage_taken":0,"max_hp_gain":5,"max_hp_loss":0,"event_name":"Big Fish","floor":10,"gold_loss":0},{"damage_healed":0,"gold_gain":0,"player_choice":"Gave Potion","damage_taken":0,"relics_obtained":["Regal Pillow"],"max_hp_gain":0,"max_hp_loss":0,"event_name":"WeMeetAgain","floor":19,"gold_loss":0},{"cards_removed":["TrueSight"],"damage_healed":16,"gold_gain":0,"player_choice":"Offered Rare","damage_taken":0,"max_hp_gain":10,"max_hp_loss":0,"event_name":"Bonfire Elementals","floor":20,"gold_loss":0}],"is_beta":false,"boss_relics":[{"not_picked":["hubris:CrackedHourglass","Replay:Drink Me"],"picked":"Bromod:ArcaneBarrier"}],"items_purged_floors":[5],"is_endless":false,"potions_floor_spawned":[2,14,16,18,21],"killed_by":"Slavers","ascension_level":0}}