{"host":"k9ktbd3ums043v5c","time":1609667172,"event":{"mods":["BaseMod","GifTheSpireLib","Googly Eyes","KinomotoSakuraMod(木之本樱)","Lobotomy","LobotomyExtend","Luminous","Marisa（F雨　魔理沙）","Minty Spire (QoL Compilation)","SIMod","StSLib","SuperFastMode","The Gatherer","Yuyuko","【功能Mod】聪明的最终Boss"],"gold_per_floor":[214,214,230,230,230,230,3,3,3,3,21,21,33,48,48,48,48],"floor_reached":16,"playtime":366,"items_purged":[],"score":90,"play_id":"65af41c4-ce15-4dbf-9460-e665933adbe6","local_time":"20210103174612","is_ascension_mode":false,"campfire_choices":[],"circlet_count":0,"master_deck":["SpecialBullet","SpecialBullet","SpecialBullet","SpecialBullet","SpecialBullet","SpecialBullet","SpecialBullet","SpecialBullet","InformationCode","TrainingCode","CentralCode","FrostShard","Laetitia","BearPaw","OldLady","LifeForTheDareDevil","TheSmile","Noise","GalaxyChild","WallGazer","CUTE","BlueScar","Scorched","DisciplinaryCode"],"relics":["CogitoBucket","LetterFromLob","Strawberry","GremlinMask","Meat on the Bone"],"acts_visited":["Exordium"],"potions_floor_usage":[],"damage_taken":[{"damage":6,"enemies":"Cultist","floor":1,"turns":3},{"damage":11,"enemies":"Jaw Worm","floor":3,"turns":3},{"damage":4,"enemies":"Small Slimes","floor":11,"turns":2},{"damage":0,"enemies":"Looter","floor":13,"turns":2},{"damage":12,"enemies":"Lots of Slimes","floor":14,"turns":3},{"damage":48,"enemies":"The Guardian","floor":16,"turns":7}],"seed_played":"-5809806875540437981","potions_obtained":[{"floor":1,"key":"Dexterity Potion"},{"floor":11,"key":"AttackPotion"}],"is_trial":false,"path_per_floor":["M","?","M","?","?","R","$","R","T","R","M","R","M","M","R","B"],"character_chosen":"Angela","items_purchased":["LifeForTheDareDevil","TheSmile"],"campfire_rested":0,"item_purchase_floors":[7,7],"current_hp_per_floor":[64,64,53,57,57,57,57,57,57,57,53,53,53,41,41,0,0],"gold":48,"neow_bonus":"HUNDRED_GOLD","is_daily":false,"chose_seed":false,"campfire_upgraded":0,"win_rate":0.0,"timestamp":1609667172,"path_taken":["M","?","M","?","?","R","$","R","T","R","M","R","?","M","R","BOSS"],"items_purchased_type":["Card","Card"],"build_version":"2020-12-22","purchased_purges":0,"victory":false,"max_hp_per_floor":[70,70,70,77,77,77,77,77,77,77,77,77,77,77,77,77,77],"card_choices":[{"not_picked":["Soda"],"picked":"FrostShard","floor":1},{"not_picked":["CrumblingArmor","Wellcheers"],"picked":"Laetitia","floor":1},{"not_picked":["FourthMatchFlame"],"picked":"BearPaw","floor":3},{"not_picked":["Bloodbath","MHz"],"picked":"OldLady","floor":3},{"not_picked":["DaCapo"],"picked":"Noise","floor":11},{"not_picked":["BeautyBeast","MeatLantern"],"picked":"GalaxyChild","floor":11},{"not_picked":["MeatLantern","CherryBlossoms"],"picked":"WallGazer","floor":13},{"not_picked":["Loneliness"],"picked":"CUTE","floor":13},{"not_picked":["Diffraction"],"picked":"BlueScar","floor":14},{"not_picked":["Bloodbath","OSAHOGD"],"picked":"Scorched","floor":14}],"player_experience":69516,"relics_obtained":[{"floor":1,"key":"LetterFromLob"},{"floor":9,"key":"Meat on the Bone"}],"event_choices":[{"damage_healed":0,"gold_gain":0,"player_choice":"Leave","damage_taken":0,"max_hp_gain":0,"max_hp_loss":0,"event_name":"The Cleric","floor":2,"gold_loss":0},{"damage_healed":0,"gold_gain":0,"player_choice":"Success","damage_taken":3,"relics_obtained":["Strawberry"],"max_hp_gain":0,"max_hp_loss":0,"event_name":"Scrap Ooze","floor":4,"gold_loss":0},{"damage_healed":0,"gold_gain":0,"player_choice":"Trade","damage_taken":0,"relics_obtained":["GremlinMask"],"max_hp_gain":0,"max_hp_loss":0,"event_name":"FaceTrader","floor":5,"gold_loss":0}],"is_beta":false,"boss_relics":[],"items_purged_floors":[],"is_endless":false,"potions_floor_spawned":[1,11],"killed_by":"The Guardian","ascension_level":0}}