{"host":"c3lc60y5x60jlt1y","time":1609702893,"event":{"mods":["AchievementEnabler","BaseMod","Colored Map","Minty Spire (QoL Compilation)","Quick Restart","StSLib"],"gold_per_floor":[117,192,192,192,212,212,237,52,52,83,93,93,121,34,34,113,113,126,145,159,169,183,183,211,211,211,230,230,260,277,310,310,381,381,400,400,416,105,105,130,130,158,158,158,170,170,170,31,31,31,31,31],"floor_reached":51,"playtime":5591,"items_purged":["Strike_G","Quick Slash","Dash"],"score":1612,"play_id":"b0d8aaf0-a2b1-4fb6-a573-d09acdab801c","local_time":"20210103214133","is_ascension_mode":true,"campfire_choices":[{"data":"Underhanded Strike","floor":6,"key":"SMITH"},{"data":"Tactician","floor":12,"key":"SMITH"},{"floor":15,"key":"REST"},{"data":"Skewer","floor":23,"key":"SMITH"},{"data":"Well Laid Plans","floor":25,"key":"SMITH"},{"floor":32,"key":"REST"},{"floor":41,"key":"DIG"},{"floor":44,"key":"DIG"},{"floor":47,"key":"DIG"},{"floor":49,"key":"RECALL"}],"circlet_count":0,"master_deck":["AscendersBane","Survivor","Neutralize","Underhanded Strike+1","Tactician+1","Acrobatics","Dagger Spray","Leg Sweep","Tools of the Trade","PiercingWail","Backflip","Concentrate+1","Blade Dance","Skewer+1","Well Laid Plans+1","Clumsy","Flechettes+1","Calculated Gamble","Outmaneuver","Wraith Form v2","Poisoned Stab","Backflip","Dash","Malaise","Venomology","Glass Knife","Crippling Poison","Backflip","Madness","Madness","Parasite","Escape Plan","Doubt","Footwork"],"relics":["Ring of the Snake","NeowsBlessing","Gambling Chip","HornCleat","StoneCalendar","Thread and Needle","Bronze Scales","Meat on the Bone","Cursed Key","Du-Vu Doll","Potion Belt","Shovel","Blue Candle","Pandora\u0027s Box","OrangePellets","Bottled Flame","Smiling Mask","Nunchaku","CaptainsWheel"],"acts_visited":["Exordium","TheCity","TheBeyond"],"potions_floor_usage":[10,10,16,20,24,24,24,31,33,33,33,33,40,40,40,40,50,50,50,50,51,51],"damage_taken":[{"damage":0,"enemies":"Small Slimes","floor":1,"turns":1},{"damage":0,"enemies":"Jaw Worm","floor":5,"turns":1},{"damage":0,"enemies":"3 Sentries","floor":7,"turns":1},{"damage":25,"enemies":"Gremlin Nob","floor":10,"turns":5},{"damage":0,"enemies":"Cultist","floor":11,"turns":2},{"damage":5,"enemies":"Lagavulin","floor":13,"turns":7},{"damage":24,"enemies":"Hexaghost","floor":16,"turns":13},{"damage":16,"enemies":"Spheric Guardian","floor":18,"turns":7},{"damage":0,"enemies":"3 Byrds","floor":19,"turns":4},{"damage":17,"enemies":"3 Cultists","floor":20,"turns":6},{"damage":6,"enemies":"Snecko","floor":21,"turns":7},{"damage":0,"enemies":"Centurion and Healer","floor":22,"turns":7},{"damage":15,"enemies":"Gremlin Leader","floor":24,"turns":6},{"damage":9,"enemies":"Snake Plant","floor":27,"turns":4},{"damage":0,"enemies":"Book of Stabbing","floor":29,"turns":3},{"damage":4,"enemies":"Cultist and Chosen","floor":30,"turns":6},{"damage":23,"enemies":"Gremlin Leader","floor":31,"turns":6},{"damage":10,"enemies":"Collector","floor":33,"turns":6},{"damage":0,"enemies":"3 Darklings","floor":35,"turns":6},{"damage":0,"enemies":"Orb Walker","floor":37,"turns":3},{"damage":0,"enemies":"Reptomancer","floor":40,"turns":7},{"damage":14,"enemies":"Nemesis","floor":42,"turns":9},{"damage":0,"enemies":"4 Shapes","floor":45,"turns":7},{"damage":51,"enemies":"Time Eater","floor":50,"turns":13},{"damage":27,"enemies":"Donu and Deca","floor":51,"turns":6}],"seed_played":"243485746115101230","potions_obtained":[{"floor":11,"key":"LiquidMemories"},{"floor":16,"key":"Swift Potion"},{"floor":21,"key":"EntropicBrew"},{"floor":24,"key":"FearPotion"},{"floor":28,"key":"EssenceOfSteel"},{"floor":28,"key":"Explosive Potion"},{"floor":29,"key":"Weak Potion"},{"floor":31,"key":"SkillPotion"},{"floor":37,"key":"Fire Potion"},{"floor":42,"key":"GamblersBrew"},{"floor":45,"key":"LiquidMemories"}],"is_trial":false,"path_per_floor":["M","?","T","?","M","R","E","$","T","E","M","R","E","$","R","B",null,"M","M","M","M","M","R","E","R","T","M","?","E","M","E","R","B",null,"M","?","M","$","?","E","R","E","T","R","M","?","R","$","R","B","B"],"character_chosen":"THE_SILENT","items_purchased":["Block Potion","Poison Potion","Leg Sweep","OrangePellets","BlessingOfTheForge","Footwork"],"campfire_rested":2,"item_purchase_floors":[8,8,14,38,38,48],"current_hp_per_floor":[59,48,48,37,37,37,37,37,37,12,12,12,7,7,26,14,53,37,37,32,38,38,38,35,35,35,38,38,38,34,23,42,44,61,61,61,61,61,49,49,49,35,35,35,35,66,66,66,66,27,0,0],"gold":31,"neow_bonus":"THREE_ENEMY_KILL","is_daily":false,"chose_seed":false,"campfire_upgraded":4,"win_rate":0.0,"timestamp":1609702893,"path_taken":["M","?","?","?","M","R","E","?","T","E","?","R","E","?","R","BOSS","M","M","M","M","M","R","E","R","T","M","?","E","?","E","R","BOSS","M","?","M","$","?","E","R","E","T","R","M","?","R","$","R","BOSS","BOSS"],"items_purchased_type":["Potion","Potion","Card","Relic","Potion","Card"],"build_version":"2020-12-22","purchased_purges":3,"victory":false,"max_hp_per_floor":[66,66,66,66,66,66,66,66,66,66,66,66,66,66,66,66,66,66,66,66,66,66,66,66,66,66,66,66,66,66,66,66,66,66,66,66,66,66,66,66,66,66,66,66,66,66,66,66,66,66,66,66],"card_choices":[{"not_picked":["Sucker Punch","Acrobatics"],"picked":"Quick Slash","floor":1},{"not_picked":["Flying Knee","Poisoned Stab"],"picked":"Underhanded Strike","floor":5},{"not_picked":["Distraction","Unload"],"picked":"Tactician","floor":7},{"not_picked":["Dagger Spray","Poisoned Stab"],"picked":"Acrobatics","floor":10},{"not_picked":["Blade Dance","Blur"],"picked":"Dagger Spray","floor":11},{"not_picked":["Flechettes","Eviscerate","Caltrops"],"picked":"SKIP","floor":13},{"not_picked":["Wraith Form v2","Malaise"],"picked":"Tools of the Trade","floor":16},{"not_picked":["Flechettes","Distraction"],"picked":"PiercingWail","floor":18},{"not_picked":["Deadly Poison","All Out Attack"],"picked":"Backflip","floor":19},{"not_picked":["Cloak And Dagger","Noxious Fumes+1"],"picked":"Concentrate+1","floor":20},{"not_picked":["Backflip","Underhanded Strike"],"picked":"Blade Dance","floor":21},{"not_picked":["Eviscerate","Flying Knee"],"picked":"Skewer","floor":22},{"not_picked":["Outmaneuver+1","Bouncing Flask"],"picked":"Well Laid Plans","floor":24},{"not_picked":["Poisoned Stab","Catalyst"],"picked":"Flechettes+1","floor":27},{"not_picked":["Underhanded Strike","Cloak And Dagger"],"picked":"Calculated Gamble","floor":29},{"not_picked":["Cloak And Dagger","Caltrops","Blade Dance"],"picked":"SKIP","floor":30},{"not_picked":["Quick Slash","Infinite Blades"],"picked":"Outmaneuver","floor":31},{"not_picked":["A Thousand Cuts","Glass Knife"],"picked":"Wraith Form v2","floor":33},{"not_picked":["Deflect+1","Riddle With Holes"],"picked":"Backflip","floor":35},{"not_picked":["Endless Agony","Caltrops","Quick Slash"],"picked":"SKIP","floor":37},{"not_picked":["Noxious Fumes","Slice","Prepared"],"picked":"SKIP","floor":40},{"not_picked":["Flying Knee","Outmaneuver","PiercingWail"],"picked":"SKIP","floor":42},{"not_picked":["Heel Hook","A Thousand Cuts"],"picked":"Escape Plan","floor":45}],"player_experience":7443720,"relics_obtained":[{"floor":3,"key":"Gambling Chip"},{"floor":7,"key":"StoneCalendar"},{"floor":9,"key":"Thread and Needle"},{"floor":10,"key":"Bronze Scales"},{"floor":13,"key":"Meat on the Bone"},{"floor":24,"key":"Du-Vu Doll"},{"floor":26,"key":"Potion Belt"},{"floor":29,"key":"Shovel"},{"floor":31,"key":"Blue Candle"},{"floor":40,"key":"Bottled Flame"},{"floor":41,"key":"Smiling Mask"},{"floor":42,"key":"Nunchaku"},{"floor":44,"key":"CaptainsWheel"}],"event_choices":[{"damage_healed":0,"gold_gain":75,"player_choice":"Gather Gold","damage_taken":11,"max_hp_gain":0,"max_hp_loss":0,"event_name":"World of Goop","floor":2,"gold_loss":0},{"damage_healed":0,"gold_gain":0,"player_choice":"Success","damage_taken":11,"relics_obtained":["HornCleat"],"max_hp_gain":0,"max_hp_loss":0,"event_name":"Scrap Ooze","floor":4,"gold_loss":0},{"damage_healed":0,"gold_gain":0,"player_choice":"Got Potions","damage_taken":0,"max_hp_gain":0,"max_hp_loss":0,"event_name":"Lab","floor":28,"gold_loss":0},{"cards_removed":["Expertise"],"damage_healed":0,"gold_gain":0,"player_choice":"Removed Skill","damage_taken":0,"max_hp_gain":0,"max_hp_loss":0,"event_name":"Falling","floor":36,"gold_loss":0},{"damage_healed":0,"gold_gain":0,"player_choice":"Embrace Madness","damage_taken":12,"max_hp_gain":0,"max_hp_loss":0,"event_name":"Winding Halls","floor":39,"gold_loss":0,"cards_obtained":["Madness","Madness"]},{"damage_healed":31,"gold_gain":0,"player_choice":"Heal","damage_taken":0,"max_hp_gain":0,"max_hp_loss":0,"event_name":"MindBloom","floor":46,"gold_loss":0,"cards_obtained":["Doubt"]}],"is_beta":false,"boss_relics":[{"not_picked":["Calling Bell","Philosopher\u0027s Stone"],"picked":"Cursed Key"},{"not_picked":["Fusion Hammer","Velvet Choker"],"picked":"Pandora\u0027s Box"}],"items_purged_floors":[8,38,48],"is_endless":false,"potions_floor_spawned":[11,16,21,24,29,30,31,37,42,45],"killed_by":"Donu and Deca","ascension_level":20}}