{"host":"40f49r155zsx8eqk","time":1609638149,"event":{"mods":["AchievementEnabler","Aspiration","BaseMod","Curses Come First","Dota2Spire","Evolution","Googly Eyes","Minty Spire (QoL Compilation)","Relic Sorter","Replay The Spire","StSLib","The Gatherer"],"gold_per_floor":[114,114,189,40,40,40,40,58,58,93,93,106,136,167,179,288,300,327,339,18,30,30,30,44,44,44,44,44,71,71,85,85,180,180,200,200,0,15,15,46,46,146,170,170,227,227,252,298,298,298],"floor_reached":51,"playtime":1414,"items_purged":["Gatherer:Defend_Gatherer"],"score":756,"play_id":"c2586d14-47e9-4212-ace0-e20dcc01aec4","local_time":"20210103044229","is_ascension_mode":true,"metric_token":800,"campfire_choices":[{"data":"Forethought","floor":7.0,"key":"SMITH"},{"data":"Gatherer:Liquidism","floor":11.0,"key":"SMITH"},{"data":"Gatherer:PotentialSlash","floor":15.0,"key":"SMITH"},{"floor":23.0,"key":"REST"},{"floor":25.0,"key":"REST"},{"data":"Apotheosis","floor":27.0,"key":"SMITH"},{"floor":30.0,"key":"REST"},{"floor":32.0,"key":"REST"},{"floor":41,"key":"REST"},{"floor":44,"key":"REST"},{"floor":46,"key":"REST"},{"floor":49,"key":"REST"}],"circlet_count":0,"master_deck":["Gatherer:Strike_Gatherer","Gatherer:Strike_Gatherer","Gatherer:Strike_Gatherer","Gatherer:Strike_Gatherer","Gatherer:Defend_Gatherer","Gatherer:Defend_Gatherer","Gatherer:Defend_Gatherer","Gatherer:Defend_Gatherer","Gatherer:TacticalStrike","Gatherer:Snatch","Neutralize","Venomology","Gatherer:TacticalStrike","Gatherer:FlowerWhip","Forethought+1","Gatherer:DrugPower","Gatherer:Liquidism+1","Gatherer:FlowerFalling","Gatherer:PotentialSlash+1","Gatherer:PoisonMastery","Gatherer:ScherryThrow+1","Apotheosis+1","Gatherer:WitheringStrike","Necronomicurse","Gatherer:Pollute","Gatherer:CarefulStrike+1","Gatherer:HeartToFruit","Jack Of All Trades","Good Instincts","Gatherer:UpgradeBag","Gatherer:PotentialSlash","Gatherer:QuickSynthesis+1","Gatherer:SmartManeuver","Gatherer:OddSpoils","Gatherer:CollectorsShot+1"],"relics":["Gatherer:AlchemyBag","EVO:Axolotl","Dota2Spire:LinkenSphere","PreservedInsect","MawBank","Busted Crown","aspiration:RitualStick","Dota2Spire:PowerTreads","Turnip","Necronomicon","Ancient Tea Set","SacredBark","Frozen Egg 2","Juzu Bracelet","ReplayFunnel","Mango","CaptainsWheel"],"acts_visited":["Exordium","TheCity","TheBeyond"],"potions_floor_usage":[33,33,35,48,48,50,50],"damage_taken":[{"damage":0.0,"enemies":"Cultist","floor":1.0,"turns":4.0},{"damage":0.0,"enemies":"2 Louse","floor":8.0,"turns":2.0},{"damage":10.0,"enemies":"Lagavulin","floor":10.0,"turns":7.0},{"damage":0.0,"enemies":"Small Slimes","floor":12.0,"turns":2.0},{"damage":24.0,"enemies":"3 Sentries","floor":13.0,"turns":6.0},{"damage":0.0,"enemies":"Red Slaver","floor":14.0,"turns":2.0},{"damage":24.0,"enemies":"Slime Boss","floor":16.0,"turns":7.0},{"damage":28.0,"enemies":"Spheric Guardian","floor":18.0,"turns":4.0},{"damage":12.0,"enemies":"2 Thieves","floor":21.0,"turns":2.0},{"damage":10.0,"enemies":"Chosen and Byrds","floor":24.0,"turns":4.0},{"damage":18.0,"enemies":"Slavers","floor":29.0,"turns":2.0},{"damage":0.0,"enemies":"Snecko","floor":31.0,"turns":3.0},{"damage":22,"enemies":"Champ","floor":33,"turns":5},{"damage":0,"enemies":"Orb Walker","floor":35,"turns":3},{"damage":13,"enemies":"3 Shapes","floor":38,"turns":3},{"damage":13,"enemies":"R_Hoarder","floor":40,"turns":3},{"damage":9,"enemies":"Giant Head","floor":47,"turns":5},{"damage":2,"enemies":"2 Orb Walkers","floor":48,"turns":3},{"damage":12,"enemies":"Replay:Hell Engine","floor":50,"turns":4}],"seed_played":"-1801714163205266152","potions_obtained":[{"floor":13.0,"key":"Fire Potion"},{"floor":16.0,"key":"LiquidBronze"},{"floor":33,"key":"Reflective Coating"},{"floor":38,"key":"Energy Potion"},{"floor":48,"key":"Adrenaline Potion"}],"is_trial":false,"path_per_floor":["M","?","?","$","?","?","R","M","T","E","R","M","E","M","R","B",null,"M","?","$","M","$","R","M","R","T","R","?","E","R","M","R","B",null,"M","?","$","M","?","E","R","?","T","R","?","R","E","?","R","B",null],"character_chosen":"THE_GATHERER","items_purchased":["Gatherer:Snatch","EntropicBrew","Apotheosis","Dota2Spire:PowerTreads","Gatherer:UpgradeBag","Gatherer:PotentialSlash"],"campfire_rested":8,"item_purchase_floors":[4,4,20,20,37,37],"current_hp_per_floor":[79,72,61,61,61,61,61,61,61,51,51,51,27,27,27,3,60,32,16,16,4,4,27,17,40,40,40,24,6,29,29,52,30,67,67,57,57,44,52,39,62,62,62,79,48,71,76,74,93,81],"gold":298,"neow_bonus":"TEN_PERCENT_HP_BONUS","is_daily":false,"chose_seed":false,"campfire_upgraded":4,"win_rate":0.0,"timestamp":1609638149,"path_taken":["M","?","?","$","?","?","R","M","T","E","R","M","E","?","R","BOSS","M","?","$","M","$","R","M","R","T","R","?","E","R","M","R","BOSS","M","?","$","M","?","E","R","?","T","R","?","R","E","?","R","BOSS"],"items_purchased_type":["Card","Potion","Card","Relic","Card","Card"],"build_version":"2020-12-22","purchased_purges":1,"victory":true,"max_hp_per_floor":[79,79,79,79,79,79,79,79,79,79,79,79,79,79,79,79,79,79,79,79,79,79,79,79,79,79,79,79,79,79,79,79,79,79,79,79,79,79,79,79,79,79,79,79,79,79,93,93,93,93],"card_choices":[{"not_picked":["Gatherer:GatherMaterial","Gatherer:FlowerShield"],"picked":"Gatherer:TacticalStrike","floor":1.0},{"not_picked":["Gatherer:Snatch","Gatherer:Duality"],"picked":"Gatherer:DrugPower","floor":8.0},{"not_picked":["Gatherer:ScherryThrow","Gatherer:Nutrients"],"picked":"Gatherer:Liquidism","floor":10.0},{"not_picked":["Gatherer:ScentOfRosmari","Gatherer:CarefulStrike","Gatherer:Herbalism"],"picked":"SKIP","floor":12.0},{"not_picked":["Gatherer:FlowerShield","Gatherer:ScentOfRosmari"],"picked":"Gatherer:FlowerFalling","floor":13.0},{"not_picked":["Gatherer:FlowerPower","Gatherer:TreeGrowth"],"picked":"Gatherer:PotentialSlash","floor":14.0},{"not_picked":["Gatherer:BlackTea","Gatherer:GrowBook"],"picked":"Gatherer:PoisonMastery","floor":16.0},{"not_picked":[],"picked":"Gatherer:ScherryThrow+1","floor":18.0},{"not_picked":[],"picked":"Gatherer:WitheringStrike","floor":21.0},{"not_picked":["Gatherer:FruitForce+1"],"picked":"SKIP","floor":24.0},{"not_picked":[],"picked":"Gatherer:Pollute","floor":29.0},{"not_picked":[],"picked":"Gatherer:CarefulStrike+1","floor":31.0},{"not_picked":[],"picked":"Gatherer:HeartToFruit","floor":33},{"not_picked":["Gatherer:AromaProtection"],"picked":"SKIP","floor":35},{"not_picked":[],"picked":"Jack Of All Trades","floor":36},{"not_picked":[],"picked":"Good Instincts","floor":36},{"not_picked":[],"picked":"Gatherer:QuickSynthesis+1","floor":38},{"not_picked":["Gatherer:ScherryThrow+1"],"picked":"SKIP","floor":40},{"not_picked":[],"picked":"Gatherer:SmartManeuver","floor":45},{"not_picked":[],"picked":"Gatherer:OddSpoils","floor":47},{"not_picked":[],"picked":"Gatherer:CollectorsShot+1","floor":48}],"player_experience":125231,"relics_obtained":[{"floor":9.0,"key":"Dota2Spire:LinkenSphere"},{"floor":10.0,"key":"PreservedInsect"},{"floor":13.0,"key":"MawBank"},{"floor":26.0,"key":"Turnip"},{"floor":28.0,"key":"Necronomicon"},{"floor":29.0,"key":"Ancient Tea Set"},{"floor":40,"key":"Frozen Egg 2"},{"floor":43,"key":"Juzu Bracelet"},{"floor":45,"key":"ReplayFunnel"},{"floor":47,"key":"Mango"},{"floor":48,"key":"CaptainsWheel"}],"event_choices":[{"cards_removed":["Gatherer:Strike_Gatherer"],"damage_healed":0.0,"max_hp_gain":0.0,"max_hp_loss":0.0,"gold_gain":0.0,"event_name":"Golden Wing","player_choice":"Card Removal","floor":2.0,"gold_loss":0.0,"damage_taken":7.0},{"damage_healed":0.0,"max_hp_gain":0.0,"max_hp_loss":0.0,"gold_gain":75.0,"event_name":"World of Goop","player_choice":"Gather Gold","floor":3.0,"gold_loss":0.0,"damage_taken":11.0},{"damage_healed":0.0,"max_hp_gain":0.0,"max_hp_loss":0.0,"gold_gain":0.0,"event_name":"Match and Keep!","player_choice":"3 cards matched","floor":6.0,"gold_loss":0.0,"damage_taken":0.0,"cards_obtained":["Gatherer:TacticalStrike","Gatherer:FlowerWhip","Forethought"]},{"damage_healed":0.0,"max_hp_gain":0.0,"max_hp_loss":0.0,"gold_gain":0.0,"event_name":"Cursed Tome","player_choice":"Obtained Book","floor":28.0,"gold_loss":0.0,"damage_taken":16.0},{"damage_healed":0,"gold_gain":0,"player_choice":"Memory 3","damage_taken":10,"max_hp_gain":0,"max_hp_loss":0,"event_name":"SensoryStone","floor":36,"gold_loss":0},{"damage_healed":0,"gold_gain":100,"player_choice":"Pray","damage_taken":0,"max_hp_gain":0,"max_hp_loss":0,"event_name":"Golden Shrine","floor":42,"gold_loss":0},{"damage_healed":0,"gold_gain":0,"player_choice":"Fight","damage_taken":0,"max_hp_gain":0,"max_hp_loss":0,"event_name":"Mysterious Sphere","floor":48,"gold_loss":0}],"is_beta":false,"boss_relics":[{"not_picked":["Philosopher\u0027s Stone","Painkiller Herb"],"picked":"Busted Crown"},{"not_picked":["Runic Pyramid","aspiration:FutureDiary"],"picked":"SacredBark"}],"items_purged_floors":[37],"is_endless":false,"potions_floor_spawned":[8,13,16,29,33,38,48],"ascension_level":5}}