{"host":"szp1d6dso4pv7ddl","time":1609716898,"event":{"mods":["AchievementEnabler","Alarm Clock","BaseMod","Bestiary","Block Reminder","Colored Map","Colored Powertips","Curses Come First","Displayed Cursed Tome","Highlight Path","Minty Spire (QoL Compilation)","Permanent Neow","Quick Restart","Relic Sorter","Relic Stats","StSLib","Synergy Search"],"gold_per_floor":[119,135,135,60,108,141,156,168,218,218,218,235,235,247,247,362,362,327,346,50,50,50,50],"floor_reached":22,"playtime":1114,"items_purged":["Strike_R"],"score":348,"play_id":"f9646be0-d201-45d3-944f-6c9c26ddcd27","local_time":"20210103153458","is_ascension_mode":true,"campfire_choices":[{"data":"Armaments","floor":10,"key":"SMITH"},{"data":"Bash","floor":13,"key":"SMITH"},{"floor":15,"key":"RECALL"}],"circlet_count":0,"master_deck":["AscendersBane","Strike_R","Strike_R","Strike_R","Strike_R","Defend_R","Defend_R","Defend_R","Defend_R","Bash+1","Armaments+1","Cleave","Shrug It Off","Dropkick","Havoc+1","Second Wind","Shrug It Off","Rampage","Decay"],"relics":["Burning Blood","NeowsBlessing","Lantern","Self Forming Clay","SlaversCollar","Oddly Smooth Stone"],"acts_visited":["Exordium","TheCity"],"potions_floor_usage":[16,16,19],"damage_taken":[{"damage":0,"enemies":"Jaw Worm","floor":1,"turns":1},{"damage":0,"enemies":"Cultist","floor":2,"turns":1},{"damage":0,"enemies":"3 Sentries","floor":6,"turns":2},{"damage":0,"enemies":"2 Louse","floor":7,"turns":2},{"damage":8,"enemies":"Exordium Thugs","floor":8,"turns":4},{"damage":0,"enemies":"Exordium Wildlife","floor":12,"turns":4},{"damage":4,"enemies":"Lots of Slimes","floor":14,"turns":4},{"damage":65,"enemies":"Slime Boss","floor":16,"turns":16},{"damage":18,"enemies":"2 Thieves","floor":18,"turns":5},{"damage":30,"enemies":"Shell Parasite","floor":19,"turns":11},{"damage":50,"enemies":"Cultist and Chosen","floor":22,"turns":8}],"seed_played":"-3524846820624588148","potions_obtained":[{"floor":2,"key":"Regen Potion"},{"floor":6,"key":"ColorlessPotion"},{"floor":19,"key":"BloodPotion"}],"is_trial":false,"path_per_floor":["M","M","?","$","T","E","M","M","T","R","?","M","R","M","R","B",null,"M","M","$","?","M"],"character_chosen":"IRONCLAD","items_purchased":["Cleave","Shrug It Off","Rampage","Oddly Smooth Stone"],"campfire_rested":0,"item_purchase_floors":[4,4,20,20],"current_hp_per_floor":[78,80,80,80,80,80,80,78,78,78,78,80,80,80,80,36,69,57,49,49,49,0,0],"gold":50,"neow_bonus":"THREE_ENEMY_KILL","is_daily":false,"chose_seed":false,"campfire_upgraded":2,"win_rate":0.0,"timestamp":1609716898,"path_taken":["M","M","?","$","?","E","M","M","T","R","?","M","R","?","R","BOSS","M","M","$","?","?"],"items_purchased_type":["Card","Card","Card","Relic"],"build_version":"2020-12-22","purchased_purges":1,"victory":false,"max_hp_per_floor":[80,80,80,80,80,80,80,80,80,80,80,80,80,80,80,80,80,80,80,80,80,80,80],"relic_stats":{"counters":[11,58],"Self Forming Clay":[75],"obtain_stats":[{"SlaversCollar":17,"Lantern":5,"NeowsBlessing":0,"Self Forming Clay":6,"Oddly Smooth Stone":20,"Burning Blood":0},{"SlaversCollar":8,"Lantern":2,"NeowsBlessing":0,"Self Forming Clay":3,"Oddly Smooth Stone":10,"Burning Blood":0},{"SlaversCollar":34,"Lantern":2,"NeowsBlessing":0,"Self Forming Clay":4,"Oddly Smooth Stone":50,"Burning Blood":0}],"Burning Blood":38},"card_choices":[{"not_picked":["Flex","Headbutt"],"picked":"Armaments","floor":1},{"not_picked":["Combust","Thunderclap","Ghostly Armor"],"picked":"SKIP","floor":2},{"not_picked":["Corruption","Rupture"],"picked":"Dropkick","floor":6},{"not_picked":["Shrug It Off","Perfected Strike"],"picked":"Havoc","floor":7},{"not_picked":["True Grit","Clash"],"picked":"Second Wind","floor":8},{"not_picked":["Juggernaut","Reckless Charge"],"picked":"Shrug It Off","floor":12},{"not_picked":["Warcry","Clash","Anger"],"picked":"SKIP","floor":14},{"not_picked":["Reckless Charge","Pummel","Shrug It Off+1"],"picked":"SKIP","floor":18},{"not_picked":["Perfected Strike","Body Slam","Pommel Strike"],"picked":"SKIP","floor":19}],"player_experience":1111147,"relics_obtained":[{"floor":5,"key":"Lantern"},{"floor":6,"key":"Self Forming Clay"}],"event_choices":[{"damage_healed":0,"gold_gain":0,"player_choice":"Full Heal","damage_taken":0,"max_hp_gain":0,"max_hp_loss":0,"event_name":"Wheel of Change","floor":3,"gold_loss":0},{"damage_healed":0,"gold_gain":0,"player_choice":"Forge","damage_taken":0,"max_hp_gain":0,"max_hp_loss":0,"event_name":"Accursed Blacksmith","floor":11,"gold_loss":0,"cards_upgraded":["Havoc"]},{"damage_healed":0,"gold_gain":0,"player_choice":"Cursed","damage_taken":0,"max_hp_gain":0,"max_hp_loss":0,"event_name":"Wheel of Change","floor":21,"gold_loss":0,"cards_obtained":["Decay"]}],"is_beta":false,"boss_relics":[{"not_picked":["Tiny House","Velvet Choker"],"picked":"SlaversCollar"}],"items_purged_floors":[20],"is_endless":false,"potions_floor_spawned":[2,6,8,19],"killed_by":"Cultist and Chosen","ascension_level":13}}