{"host":"Tuck","time":1609656958,"event":{"mods":["BaseMod","Minty Spire (QoL Compilation)","StSLib"],"gold_per_floor":[114,51,64,64,76,111,111,1,1,36,61,73,73,112,112,225,288,316,330,349,349,378,417,417,453,453,472,511,511,536,391,391,498,498,519,529,529,547,572,607,607,642,651,671,698,718,728,226,226,226,226,226,18,49,49],"floor_reached":56,"playtime":6124,"items_purged":["Strike_B","Rebound+1","Writhe","Zap"],"score":1476,"play_id":"247c74a1-b919-46b0-9611-ee3db9d4f9c3","local_time":"20210102235558","is_ascension_mode":true,"campfire_choices":[{"data":"Coolheaded","floor":7.0,"key":"SMITH"},{"data":"Recycle","floor":13.0,"key":"SMITH"},{"data":"Buffer","floor":15.0,"key":"SMITH"},{"data":"Defragment","floor":24.0,"key":"SMITH"},{"data":"Heatsinks","floor":29.0,"key":"SMITH"},{"data":"Hologram","floor":32.0,"key":"SMITH"},{"floor":41,"key":"RECALL"},{"data":"Panache","floor":49,"key":"SMITH"},{"data":"Echo Form","floor":52,"key":"SMITH"}],"circlet_count":0,"master_deck":["Dualcast","Coolheaded+1","Doom and Gloom+1","Self Repair","Hologram+1","Recycle+1","Buffer+1","Streamline+1","Force Field+1","Meteor Strike+1","Seek+1","Scrape+1","Cold Snap+1","Sweeping Beam+1","Consume+1","Defragment+1","Turbo+1","Heatsinks+1","Compile Driver+1","Go for the Eyes+1","Conserve Battery+1","Echo Form+1","Leap+1","Conserve Battery+1","Echo Form","Force Field+1","Apotheosis+1","Finesse+1","Hologram+1","Gash+1","Panache+1","Undo+1"],"relics":["Nuclear Battery","Molten Egg 2","Emotion Chip","Art of War","CeramicFish","Toxic Egg 2","Pandora\u0027s Box","Nilry\u0027s Codex","Orichalcum","StoneCalendar","Question Card","Anchor","Cursed Key","Bottled Lightning","PreservedInsect","Gremlin Horn","Toy Ornithopter","CaptainsWheel"],"acts_visited":["Exordium","TheCity","TheBeyond","TheEnding"],"potions_floor_usage":[39,55],"damage_taken":[{"damage":1.0,"enemies":"Cultist","floor":1.0,"turns":4.0},{"damage":0.0,"enemies":"Small Slimes","floor":3.0,"turns":5.0},{"damage":1.0,"enemies":"Jaw Worm","floor":5.0,"turns":3.0},{"damage":14.0,"enemies":"Gremlin Nob","floor":6.0,"turns":4.0},{"damage":10.0,"enemies":"Lagavulin","floor":10.0,"turns":4.0},{"damage":0.0,"enemies":"3 Louse","floor":11.0,"turns":2.0},{"damage":7.0,"enemies":"2 Fungi Beasts","floor":12.0,"turns":3.0},{"damage":3.0,"enemies":"3 Sentries","floor":14.0,"turns":7.0},{"damage":34.0,"enemies":"Hexaghost","floor":16.0,"turns":10.0},{"damage":9.0,"enemies":"3 Byrds","floor":18.0,"turns":5.0},{"damage":8.0,"enemies":"Chosen","floor":19.0,"turns":4.0},{"damage":14.0,"enemies":"Shelled Parasite and Fungi","floor":20.0,"turns":3.0},{"damage":0.0,"enemies":"3 Cultists","floor":22.0,"turns":4.0},{"damage":0.0,"enemies":"Book of Stabbing","floor":23.0,"turns":5.0},{"damage":13.0,"enemies":"Gremlin Leader","floor":25.0,"turns":4.0},{"damage":5.0,"enemies":"Snake Plant","floor":27.0,"turns":4.0},{"damage":2.0,"enemies":"Book of Stabbing","floor":28.0,"turns":5.0},{"damage":0.0,"enemies":"Centurion and Healer","floor":30.0,"turns":7.0},{"damage":14.0,"enemies":"Automaton","floor":33.0,"turns":8.0},{"damage":0.0,"enemies":"3 Darklings","floor":35.0,"turns":3.0},{"damage":0.0,"enemies":"3 Shapes","floor":36.0,"turns":5.0},{"damage":9,"enemies":"Writhing Mass","floor":39,"turns":7},{"damage":14,"enemies":"Reptomancer","floor":40,"turns":8},{"damage":15,"enemies":"Nemesis","floor":42,"turns":9},{"damage":0,"enemies":"Sphere and 2 Shapes","floor":44,"turns":7},{"damage":0,"enemies":"Giant Head","floor":45,"turns":6},{"damage":0,"enemies":"4 Shapes","floor":46,"turns":4},{"damage":0,"enemies":"Transient","floor":47,"turns":5},{"damage":0,"enemies":"Donu and Deca","floor":50,"turns":7},{"damage":0,"enemies":"Shield and Spear","floor":54,"turns":4},{"damage":55,"enemies":"The Heart","floor":55,"turns":9}],"seed_played":"-3989885124713170752","potions_obtained":[{"floor":5.0,"key":"EssenceOfDarkness"},{"floor":6.0,"key":"LiquidMemories"},{"floor":14.0,"key":"Strength Potion"},{"floor":23.0,"key":"AttackPotion"},{"floor":25.0,"key":"PowerPotion"},{"floor":28.0,"key":"PowerPotion"},{"floor":44,"key":"Ancient Potion"}],"is_trial":false,"path_per_floor":["M","?","M","?","M","E","R","$","T","E","M","M","R","E","R","B",null,"M","M","M","?","M","E","R","E","T","M","E","R","M","$","R","B",null,"M","M","?","?","M","E","R","E","T","M","E","M","M","$","R","B",null,"R","$","E","B",null],"character_chosen":"DEFECT","items_purchased":["Recycle","Conserve Battery+1","Gash+1","Panache","Toy Ornithopter","Undo+1"],"campfire_rested":0,"item_purchase_floors":[8,31,48,48,48,53],"current_hp_per_floor":[74,74,74,59,58,51,51,51,51,48,48,48,48,52,52,25,75,73,72,65,49,56,63,63,50,50,52,57,57,64,64,64,57,75,75,75,75,65,66,72,72,67,67,74,75,75,75,75,75,75,75,75,75,75,27],"gold":49,"neow_bonus":"BOSS_RELIC","is_daily":false,"chose_seed":false,"campfire_upgraded":8,"win_rate":0.0,"timestamp":1609656958,"path_taken":["M","?","?","?","M","E","R","?","T","E","M","M","R","E","R","BOSS","M","M","M","?","M","E","R","E","T","M","E","R","M","$","R","BOSS","M","M","?","?","M","E","R","E","T","M","E","M","M","$","R","BOSS","R","$","E","BOSS"],"items_purchased_type":["Card","Card","Card","Card","Relic","Card"],"build_version":"2020-12-18","purchased_purges":4,"victory":true,"max_hp_per_floor":[75,75,75,75,75,75,75,75,75,75,75,75,75,75,75,75,75,75,75,75,75,75,75,75,75,75,75,75,75,75,75,75,75,75,75,75,75,75,75,75,75,75,75,75,75,75,75,75,75,75,75,75,75,75,75],"card_choices":[{"not_picked":["Skim","Consume"],"picked":"Coolheaded","floor":1.0},{"not_picked":["Loop","Recycle"],"picked":"Doom and Gloom+1","floor":3.0},{"not_picked":["Coolheaded","Hologram"],"picked":"Self Repair","floor":5.0},{"not_picked":["Lockon+1","Stack"],"picked":"Hologram","floor":6.0},{"not_picked":["Rebound+1","Scrape+1"],"picked":"Buffer","floor":10.0},{"not_picked":["Chill","Beam Cell+1"],"picked":"Streamline+1","floor":11.0},{"not_picked":["Beam Cell+1","Rip and Tear+1","Undo"],"picked":"SKIP","floor":12.0},{"not_picked":["Sunder+1","Leap+1"],"picked":"Force Field+1","floor":14.0},{"not_picked":["Multi-Cast+1","Rainbow+1"],"picked":"Meteor Strike+1","floor":16.0},{"not_picked":["Sweeping Beam+1","Chaos+1"],"picked":"Turbo+1","floor":18.0},{"not_picked":["Chill+1","Rebound+1","Cold Snap+1"],"picked":"SKIP","floor":19.0},{"not_picked":["Sweeping Beam+1","BootSequence+1"],"picked":"Coolheaded+1","floor":20.0},{"not_picked":["Cold Snap+1","Undo+1"],"picked":"Heatsinks","floor":22.0},{"not_picked":["Leap+1","Stack+1"],"picked":"Compile Driver+1","floor":23.0},{"not_picked":["Reinforced Body+1","Steam+1"],"picked":"Go for the Eyes+1","floor":25.0},{"not_picked":["Go for the Eyes+1","Steam+1","FTL+1"],"picked":"Conserve Battery+1","floor":27.0},{"not_picked":["Compile Driver+1","Loop","Conserve Battery+1"],"picked":"Echo Form","floor":28.0},{"not_picked":["Cold Snap+1","Steam+1","Gash+1"],"picked":"Leap+1","floor":30.0},{"not_picked":["Electrodynamics","Buffer","Core Surge+1"],"picked":"Echo Form","floor":33.0},{"not_picked":["BootSequence+1","Chaos+1","Sweeping Beam+1"],"picked":"Force Field+1","floor":35.0},{"not_picked":["Conserve Battery+1","Sweeping Beam+1","Scrape+1","Go for the Eyes+1"],"picked":"SKIP","floor":36.0},{"not_picked":["Dramatic Entrance+1","Metamorphosis+1","Jack Of All Trades+1"],"picked":"Apotheosis+1","floor":38},{"not_picked":["Forethought+1","Metamorphosis+1","The Bomb+1"],"picked":"Finesse+1","floor":38},{"not_picked":["Blizzard+1","Sweeping Beam+1","Auto Shields+1"],"picked":"Hologram+1","floor":39},{"not_picked":["Turbo+1","Reprogram+1","Rainbow+1","Blizzard+1"],"picked":"SKIP","floor":40},{"not_picked":["Conserve Battery+1","Double Energy+1","Go for the Eyes+1","Streamline+1"],"picked":"SKIP","floor":42},{"not_picked":["Compile Driver+1","Stack+1","Redo+1","Reprogram+1"],"picked":"SKIP","floor":44},{"not_picked":["Compile Driver+1","Rip and Tear+1","Genetic Algorithm+1","Buffer"],"picked":"SKIP","floor":45},{"not_picked":["Beam Cell+1","Go for the Eyes+1","Steam+1","Tempest+1"],"picked":"SKIP","floor":46},{"not_picked":["Gash+1","Coolheaded+1","Compile Driver+1","Barrage+1"],"picked":"SKIP","floor":47},{"not_picked":["Lockon+1","Self Repair+1","Amplify+1","Consume+1"],"picked":"SKIP","floor":54}],"player_experience":2223994,"relics_obtained":[{"floor":6.0,"key":"Emotion Chip"},{"floor":9.0,"key":"Art of War"},{"floor":10.0,"key":"CeramicFish"},{"floor":14.0,"key":"Toxic Egg 2"},{"floor":21.0,"key":"Nilry\u0027s Codex"},{"floor":23.0,"key":"Orichalcum"},{"floor":25.0,"key":"StoneCalendar"},{"floor":26.0,"key":"Question Card"},{"floor":28.0,"key":"Anchor"},{"floor":40,"key":"Bottled Lightning"},{"floor":42,"key":"PreservedInsect"},{"floor":45,"key":"Gremlin Horn"},{"floor":54,"key":"CaptainsWheel"}],"event_choices":[{"damage_healed":0.0,"max_hp_gain":0.0,"max_hp_loss":0.0,"gold_gain":0.0,"event_name":"WeMeetAgain","player_choice":"Paid Gold","floor":2.0,"gold_loss":63.0,"damage_taken":0.0,"relics_obtained":["Molten Egg 2"]},{"damage_healed":0.0,"max_hp_gain":0.0,"max_hp_loss":0.0,"gold_gain":0.0,"event_name":"Shining Light","player_choice":"Entered Light","floor":4.0,"gold_loss":0.0,"damage_taken":15.0,"cards_upgraded":["Strike_B","Strike_B"]},{"damage_healed":0.0,"max_hp_gain":0.0,"max_hp_loss":0.0,"gold_gain":0.0,"event_name":"Cursed Tome","player_choice":"Obtained Book","floor":21.0,"gold_loss":0.0,"damage_taken":16.0},{"cards_removed":["Coolheaded"],"damage_healed":0.0,"max_hp_gain":0.0,"max_hp_loss":0.0,"gold_gain":0.0,"event_name":"Falling","player_choice":"Removed Skill","floor":37.0,"gold_loss":0.0,"damage_taken":0.0},{"damage_healed":0,"gold_gain":0,"player_choice":"Memory 3","damage_taken":10,"max_hp_gain":0,"max_hp_loss":0,"event_name":"SensoryStone","floor":38,"gold_loss":0}],"is_beta":true,"boss_relics":[{"not_picked":["Runic Dome","Black Star"],"picked":"Pandora\u0027s Box"},{"not_picked":["Busted Crown","Velvet Choker"],"picked":"Cursed Key"}],"items_purged_floors":[8,31,48,53],"is_endless":false,"potions_floor_spawned":[5,6,14,23,25,27,28,30,35,36,44,45,54],"ascension_level":1}}