{"host":"whyfdmrq1ty0e9zp","time":1609656551,"event":{"mods":["Act Like it!","BaseMod","Colored Map","Colored Powertips","Conspire","Gensokyo","LagranYue(¿≠∏Ò¿ °§‘¬)","Marisa£®ÏF”Í°°ƒß¿Ì…≥£©","Minty Spire (QoL Compilation)","MostiFishMod","Prisma Mod","Quick Restart","Relic Stats","Remilia£®¿Ÿ√◊¿Ú—«£©","Replay The Spire","StSLib","TestMod","The Servant 0.9.4","Youmu£®ªÍ∆«—˝√Œ£©","vexMod","°æ“≈ŒÔø®≈∆°øREMEMod"],"gold_per_floor":[111,36,50,50,67,67,92,110,134,159,172,172,182,199,199,297,297,313,326,337,237,250,283,283,283,336,336,336,370,389,403,403,499,499,512,512,529,255,266,266,296,309,309,327,78,88,88,114,114,114],"floor_reached":51,"playtime":3863,"items_purged":["Strike_MRS","Strike_MRS","MasterSpark"],"score":1303,"play_id":"c968c970-d08c-4c0a-b283-2274b4eea938","local_time":"20210103144911","is_ascension_mode":true,"campfire_choices":[{"data":"OpenUniverse","floor":6.0,"key":"SMITH"},{"floor":15.0,"key":"REST"},{"data":"OpenUniverse","floor":25.0,"key":"SMITH"},{"data":"IllusionStar","floor":27.0,"key":"SMITH"},{"data":"IllusionStar","floor":32.0,"key":"SMITH"},{"data":"AsteroidBelt","floor":40.0,"key":"SMITH"},{"data":"Acceleration","floor":47.0,"key":"SMITH"},{"data":"GasGiant","floor":49.0,"key":"SMITH"}],"circlet_count":0,"master_deck":["Defend_MRS","Defend_MRS","Defend_MRS+1","Defend_MRS","UpSweep","MostiFishMod:Culaccino+1","AsteroidBelt+1","OpenUniverse+1","MagicChant+1","SuperNova+1","GasGiant","MagicAbsorber","SatelliteIllusion+1","IllusionStar+1","IllusionStar+1","DarkMatter+1","SatelliteIllusion+1","EarthLightRay+1","OpenUniverse+1","DragonMeteor+1","MagicChant+1","MysteriousBeam+1","OpenUniverse+1","DarkMatter+1","WitchLeyline","BigCrunch+1","Occultation+1","Acceleration+1","EventHorizon+1","GasGiant+1"],"relics":["MiniHakkero","testmod-TestBox","DaveBox","REME_ComplimentaryCards","testmod-CrystalShield","BrkXgEgg","LagranYue:RandomDrawCardRelic","NeowsBlessing","Prayer Wheel","SynthV:TestCard","Omamori","Gremlin Food","testmod-AssaultLearning","HereWithMe","Pear","Strawberry","Regal Pillow","vexMod:ImprovementManual","Replay:Wax Seal","Divine Protection","Mirror","vexMod:BarristanHead"],"acts_visited":["Exordium","TheCity","TheBeyond"],"potions_floor_usage":[50],"damage_taken":[{"damage":15.0,"enemies":"2 Louse","floor":1.0,"turns":2.0},{"damage":0.0,"enemies":"Small Slimes","floor":3.0,"turns":1.0},{"damage":0.0,"enemies":"Jaw Worm","floor":5.0,"turns":1.0},{"damage":17.0,"enemies":"3 Sentries","floor":7.0,"turns":5.0},{"damage":7.0,"enemies":"Blue Slaver","floor":8.0,"turns":4.0},{"damage":0.0,"enemies":"Lagavulin","floor":10.0,"turns":7.0},{"damage":2.0,"enemies":"Exordium Thugs","floor":11.0,"turns":4.0},{"damage":0.0,"enemies":"Exordium Wildlife","floor":13.0,"turns":4.0},{"damage":3.0,"enemies":"Looter","floor":14.0,"turns":2.0},{"damage":8.0,"enemies":"Fading Forest","floor":16.0,"turns":9.0},{"damage":0.0,"enemies":"Shell Parasite","floor":18.0,"turns":3.0},{"damage":0.0,"enemies":"3 Byrds","floor":19.0,"turns":4.0},{"damage":0.0,"enemies":"Snecko","floor":20.0,"turns":4.0},{"damage":0.0,"enemies":"Sentry and Sphere","floor":22.0,"turns":4.0},{"damage":0.0,"enemies":"Book of Stabbing","floor":23.0,"turns":5.0},{"damage":0.0,"enemies":"REME_1_Revenger","floor":29.0,"turns":2.0},{"damage":0.0,"enemies":"conspire:HollyBat","floor":30.0,"turns":6.0},{"damage":5.0,"enemies":"Centurion and Healer","floor":31.0,"turns":4.0},{"damage":13.0,"enemies":"Automaton","floor":33.0,"turns":6.0},{"damage":0.0,"enemies":"3 Shapes","floor":35.0,"turns":5.0},{"damage":25.0,"enemies":"3 Darklings","floor":37.0,"turns":4.0},{"damage":0.0,"enemies":"Writhing Mass","floor":39.0,"turns":3.0},{"damage":28.0,"enemies":"Nemesis","floor":41.0,"turns":5.0},{"damage":0.0,"enemies":"Sphere and 2 Shapes","floor":42.0,"turns":3.0},{"damage":0.0,"enemies":"Transient","floor":44.0,"turns":5.0},{"damage":4.0,"enemies":"Writhing Mass","floor":46.0,"turns":2.0},{"damage":0.0,"enemies":"R_Hoarder","floor":48.0,"turns":2.0},{"damage":0,"enemies":"conspire:OrnateMirror","floor":50,"turns":6}],"seed_played":"-3552169580340478922","potions_obtained":[{"floor":8.0,"key":"AttackPotion"},{"floor":13.0,"key":"Strength Potion"},{"floor":19.0,"key":"Strength Potion"},{"floor":30.0,"key":"Energy Potion"},{"floor":39.0,"key":"SpeedPotion"},{"floor":41.0,"key":"Dexterity Potion"}],"is_trial":false,"path_per_floor":["M","$","M","?","M","R","E","M","T","E","M","?","M","M","R","B",null,"M","M","M","$","M","E","?","R","T","R","?","E","M","M","R","B",null,"M","?","M","$","M","R","E","M","T","M","$","M","R","E","R","B",null],"character_chosen":"MARISA","items_purchased":["BigCrunch+1","Mirror"],"campfire_rested":1,"item_purchase_floors":[38,45],"current_hp_per_floor":[53,53,53,53,53,53,36,29,29,29,27,27,27,24,46,46,68,68,72,75,75,75,85,85,85,92,92,92,92,92,92,92,79,89,92,92,73,73,73,73,51,51,51,57,57,53,53,64,64,64],"gold":114,"neow_bonus":"THREE_ENEMY_KILL","is_daily":false,"chose_seed":false,"campfire_upgraded":7,"win_rate":0.0,"timestamp":1609656551,"path_taken":["M","$","M","?","M","R","E","M","T","E","M","?","M","M","R","BOSS","M","M","M","$","M","E","?","R","T","R","?","E","?","M","R","BOSS","M","?","M","?","M","R","E","M","T","M","$","M","R","E","R","BOSS"],"items_purchased_type":["Card","Relic"],"build_version":"2020-12-22","purchased_purges":3,"victory":true,"max_hp_per_floor":[75,75,75,75,75,75,75,75,75,75,75,75,75,75,75,75,75,75,75,75,75,75,85,85,85,92,92,92,92,92,92,92,92,92,92,92,92,92,92,92,92,92,92,92,92,92,92,92,92,92],"relic_stats":{"Regal Pillow":0,"counters":[28,112],"Prayer Wheel":19,"obtain_stats":[{"AmplifyWand":39,"Divine Protection":43,"Regal Pillow":29,"DaveBox":0,"LagranYue:RandomDrawCardRelic":0,"Gremlin Horn":16,"testmod-CrystalShield":0,"Strawberry":26,"Prayer Wheel":1,"HereWithMe":17,"Replay:Wax Seal":41,"Gremlin Food":9,"testmod-TestBox":0,"Pear":23,"NeowsBlessing":0,"Blue Candle":39,"BrkXgEgg":0,"Omamori":7,"Letter Opener":22,"Mercury Hourglass":41,"SynthV:TestCard":1,"vexMod:BarristanHead":48,"testmod-AssaultLearning":10,"MiniHakkero":0,"Mirror":45,"vexMod:ImprovementManual":34,"REME_ComplimentaryCards":0},{"AmplifyWand":22,"Divine Protection":24,"Regal Pillow":16,"DaveBox":0,"LagranYue:RandomDrawCardRelic":0,"Gremlin Horn":10,"testmod-CrystalShield":0,"Strawberry":15,"Prayer Wheel":1,"HereWithMe":10,"Replay:Wax Seal":23,"Gremlin Food":5,"testmod-TestBox":0,"Pear":15,"NeowsBlessing":0,"Blue Candle":22,"BrkXgEgg":0,"Omamori":4,"Letter Opener":14,"Mercury Hourglass":23,"SynthV:TestCard":1,"vexMod:BarristanHead":27,"testmod-AssaultLearning":6,"MiniHakkero":0,"Mirror":25,"vexMod:ImprovementManual":19,"REME_ComplimentaryCards":0},{"AmplifyWand":89,"Divine Protection":97,"Regal Pillow":61,"DaveBox":0,"LagranYue:RandomDrawCardRelic":0,"Gremlin Horn":32,"testmod-CrystalShield":0,"Strawberry":59,"Prayer Wheel":1,"HereWithMe":39,"Replay:Wax Seal":94,"Gremlin Food":13,"testmod-TestBox":0,"Pear":59,"NeowsBlessing":0,"Blue Candle":87,"BrkXgEgg":0,"Omamori":9,"Letter Opener":51,"Mercury Hourglass":92,"SynthV:TestCard":2,"vexMod:BarristanHead":106,"testmod-AssaultLearning":20,"MiniHakkero":0,"Mirror":102,"vexMod:ImprovementManual":77,"REME_ComplimentaryCards":0}]},"card_choices":[{"not_picked":["ShootingEcho","MilkyWay"],"picked":"AsteroidBelt","floor":1.0},{"not_picked":["GalacticHalo","Orbital","DoubleSpark"],"picked":"SKIP","floor":1.0},{"not_picked":["FairyDestructionRay","ChargingUp","SprinkleStarSeal","NonDirectionalLaser"],"picked":"OpenUniverse","floor":3.0},{"not_picked":["Acceleration","WitchOfGreed","SprinkleStarSeal","GalacticHalo","ChargeUpSpray"],"picked":"SKIP","floor":3.0},{"not_picked":["CollectingQuirk+1","NonDirectionalLaser","LuminesStrike","OrrerysSun"],"picked":"MagicChant","floor":5.0},{"not_picked":["OrrerysSun","RefractionSpark","SporeBomb","StarBarrage","6A"],"picked":"SKIP","floor":5.0},{"not_picked":["OrrerysSun","RefractionSpark","SporeBomb","StarBarrage","6A"],"picked":"SKIP","floor":5.0},{"not_picked":["AlicesGift","PropBag","MilkyWay","GalacticHalo"],"picked":"SuperNova+1","floor":7.0},{"not_picked":["DoubleSpark","ShootingEcho","SporeBomb","PowerUp"],"picked":"GasGiant","floor":8.0},{"not_picked":["MilkyWay","MysteriousBeam","6A","SporeBomb"],"picked":"MagicAbsorber","floor":8.0},{"not_picked":["GalacticHalo","MeteoricShower","Orbital","ChargeUpSpray"],"picked":"SatelliteIllusion+1","floor":10.0},{"not_picked":["LuminesStrike","DoubleSpark","Orbital","ChargeUpSpray"],"picked":"IllusionStar","floor":11.0},{"not_picked":["UnstableBomb","WitchOfGreed","WitchLeyline","AlicesGift"],"picked":"IllusionStar","floor":11.0},{"not_picked":["ShootingEcho","DragonMeteor","Robbery","ShootTheMoon"],"picked":"DarkMatter","floor":13.0},{"not_picked":["MillisecondPulsars+1","6A","MysteriousBeam","ShootTheMoon","MilkyWay"],"picked":"SKIP","floor":13.0},{"not_picked":["GravityBeat","Robbery","AlicesGift","OneTimeOff","WitchOfGreed"],"picked":"SKIP","floor":14.0},{"not_picked":["MilkyWay","DoubleSpark","DC","IllusionStar","EnergyFlow"],"picked":"SKIP","floor":14.0},{"not_picked":["SuperNova+1","StarDustReverie+1","TreasureHunter+1","UltimateShortwave+1"],"picked":"SatelliteIllusion+1","floor":16.0},{"not_picked":["WitchLeyline","SprinkleStarSeal","SuperPerseids","EventHorizon"],"picked":"EarthLightRay","floor":18.0},{"not_picked":["Acceleration","MysteriousBeam","WitchLeyline+1","Robbery","6A+1"],"picked":"SKIP","floor":18.0},{"not_picked":["StarlightTyphoon","MilkyWay","GrandCross","PowerUp+1"],"picked":"OpenUniverse","floor":19.0},{"not_picked":["GalacticHalo","Robbery+1","EventHorizon","AsteroidBelt","OortCloud+1"],"picked":"SKIP","floor":19.0},{"not_picked":["Robbery","MilkyWay","SporeBomb","EnergyRecoil+1"],"picked":"DragonMeteor+1","floor":20.0},{"not_picked":["GasGiant","MeteoricShower","GrandCross+1","GravityBeat+1","SporeBomb"],"picked":"SKIP","floor":20.0},{"not_picked":["GravityBeat","ChargeUpSpray","ManaRampage+1","ShootingEcho+1","MilkyWay"],"picked":"SKIP","floor":22.0},{"not_picked":["AsteroidBelt","EarthLightRay","ManaRampage+1","Occultation","GalacticHalo"],"picked":"SKIP","floor":22.0},{"not_picked":["IllusionStar","ChargingUp","EnergyRecoil+1","ManaConvection+1"],"picked":"MagicChant+1","floor":23.0},{"not_picked":["PowerUp","StarBarrage","IllusionStar","MilkyWay+1"],"picked":"MysteriousBeam","floor":29.0},{"not_picked":["StarBarrage","LuminesStrike","Occultation+1","DoubleSpark","OrrerysSun"],"picked":"SKIP","floor":30.0},{"not_picked":["DarkSpark","WitchOfGreed","StarlightTyphoon","GrandCross","GalacticHalo"],"picked":"SKIP","floor":30.0},{"not_picked":["SprinkleStarSeal","ShootingEcho","GalacticHalo+1","ShootTheMoon+1"],"picked":"OpenUniverse","floor":31.0},{"not_picked":["StarBarrage","OrrerysSun","GalacticHalo","EventHorizon","PowerUp+1"],"picked":"SKIP","floor":31.0},{"not_picked":["DC+1","UnstableBomb","MilkyWay","Acceleration+1","Occultation+1"],"picked":"SKIP","floor":35.0},{"not_picked":["Singularity+1","ChargingUp+1","ShootTheMoon","Robbery","GrandCross"],"picked":"SKIP","floor":35.0},{"not_picked":["SprinkleStarSeal+1","OrrerysSun","MilkyWay","ChargingUp+1"],"picked":"DarkMatter+1","floor":37.0},{"not_picked":["MaximisePower+1","ShootingEcho+1","GrandCross","StarBarrage"],"picked":"WitchLeyline","floor":37.0},{"not_picked":["GrandCross","WitchOfGreed","EventHorizon","FairyDestructionRay"],"picked":"Occultation+1","floor":39.0},{"not_picked":["ShootingEcho+1","GrandCross","NonDirectionalLaser+1","LuminesStrike+1","SporeBomb+1"],"picked":"SKIP","floor":39.0},{"not_picked":["NonDirectionalLaser","Occultation+1","MilkyWay+1","SporeBomb+1"],"picked":"Acceleration","floor":41.0},{"not_picked":["DoubleSpark","Acceleration+1","GravityBeat+1","6A+1","MilkyWay+1"],"picked":"SKIP","floor":42.0},{"not_picked":["AbsoluteMagnitude+1","WitchOfGreed","6A+1","EventHorizon+1","ChargeUpSpray+1"],"picked":"SKIP","floor":42.0},{"not_picked":["AbsoluteMagnitude+1","WitchOfGreed","6A+1","ChargeUpSpray+1"],"picked":"EventHorizon+1","floor":42.0},{"not_picked":["DoubleSpark","Acceleration+1","GravityBeat+1","6A+1","MilkyWay+1"],"picked":"SKIP","floor":42.0},{"not_picked":["Occultation+1","EarthLightRay","StarBarrage","6A+1"],"picked":"GasGiant","floor":44.0},{"not_picked":["UnstableBomb+1","GravityBeat","GalacticHalo+1","MysteriousBeam+1","PropBag+1"],"picked":"SKIP","floor":44.0},{"not_picked":["MeteoricShower","EnergyFlow+1","PowerUp","Acceleration+1","MilkyWay+1"],"picked":"SKIP","floor":46.0},{"not_picked":["6A","AsteroidBelt+1","MilkyWay","Acceleration+1","OortCloud+1"],"picked":"SKIP","floor":46.0},{"not_picked":["BigCrunch+1","6A+1","MachineGunSpark","BlazeAway","Acceleration"],"picked":"SKIP","floor":48.0}],"player_experience":468469,"relics_obtained":[{"floor":1.0,"key":"SynthV:TestCard"},{"floor":7.0,"key":"Omamori"},{"floor":9.0,"key":"Gremlin Food"},{"floor":10.0,"key":"testmod-AssaultLearning"},{"floor":23.0,"key":"Pear"},{"floor":26.0,"key":"Strawberry"},{"floor":29.0,"key":"Regal Pillow"},{"floor":41.0,"key":"Replay:Wax Seal"},{"floor":43.0,"key":"Divine Protection"},{"floor":48.0,"key":"vexMod:BarristanHead"}],"event_choices":[{"cards_removed":["Strike_MRS"],"damage_healed":0.0,"max_hp_gain":0.0,"max_hp_loss":0.0,"gold_gain":0.0,"event_name":"Living Wall","player_choice":"Forget","floor":12.0,"gold_loss":0.0,"damage_taken":0.0},{"damage_healed":0.0,"max_hp_gain":0.0,"max_hp_loss":0.0,"gold_gain":0.0,"event_name":"Ghosts","player_choice":"Ignored","floor":24.0,"gold_loss":0.0,"damage_taken":0.0},{"cards_removed":["Strike_MRS"],"damage_healed":0.0,"max_hp_gain":0.0,"max_hp_loss":0.0,"gold_gain":0.0,"event_name":"Back to Basics","player_choice":"Elegance","floor":28.0,"gold_loss":0.0,"damage_taken":0.0},{"damage_healed":0.0,"max_hp_gain":0.0,"max_hp_loss":0.0,"gold_gain":0.0,"event_name":"SecretPortal","player_choice":"Ignored","floor":36.0,"gold_loss":0.0,"damage_taken":0.0}],"is_beta":false,"boss_relics":[{"not_picked":["Cursed Key","vexMod:CursedCompass"],"picked":"HereWithMe"},{"not_picked":["Tiny House","BewitchedHakkero"],"picked":"vexMod:ImprovementManual"}],"items_purged_floors":[2,21,38],"is_endless":false,"potions_floor_spawned":[1,8,10,13,19,30,31,33,39,41,42,48],"ascension_level":8}}