{"host":"1hyzy7ndnud2osw4","time":1609704186,"event":{"mods":["2.2 Compatiblity","Act Like it!","Arknights The Spire","Art Attack!","Aspiration","Astrologer","Bard","BaseMod","Beaked The Cultist","Better Third Choice","BetterRewards","Colored Powertips","Conspire","Decade(èÝá³Ù¥)","Dota2Spire","Elementarium","Gensokyo","GifTheSpireLib","GungeonMod","Hallownest","Hermit","Highlight Path","Hubris","Infinite Spire","Jorbs\u0027s Wanderer Trilogy","KinomotoSakuraMod(ÙÊñýÜâ?)","Koishi","KomeijiMod","Lobotomy","Menagerie","Minty Spire (QoL Compilation)","Quick Restart","SOS£¨ÞÙ÷é?ñýí­£©","Shop Mod","Spicy Shops","StSLib","The Administrix","The Bladedancer","The Bug Knight","The Construct","The Cursed","The Death Knight","The Disciple","The Dragon Tamer","The Factory","The Forsaken","The Gatherer","The Hierophant","The Jungle","The Marked","The Poker Player","The Runesmith","The Sage","The Senshi","The Wild Card","Uncapped","WarShipGirlsR/??á´Ò³R mod","Yuri Mod","Yuyuko","[IsaacMod]ì¤ß®ôÓ÷²"],"gold_per_floor":[115,115,115,115,132,132,158,178,178,209,209,239,249,275,275,379,379,395,395,411,510,537,537,537,557,557,590,590,54,86,97,97,196,196,211,211],"floor_reached":35,"playtime":2932,"items_purged":[],"score":726,"play_id":"512f4927-8807-4b19-bf8c-101e5549afc0","local_time":"20210104050306","daily_mods":["Draft","Heirloom","Time Dilation","DeadlyEvents","Elite Swarm"],"is_ascension_mode":true,"campfire_choices":[{"data":"Fission","floor":6,"key":"SMITH"},{"data":"Fission","floor":11,"key":"SMITH"},{"data":"Multi-Cast","floor":15,"key":"SMITH"},{"data":"Storm","floor":23,"key":"SMITH"},{"data":"Defragment","floor":32,"key":"SMITH"}],"circlet_count":0,"master_deck":["EpicFetus","Ball Lightning","Streamline","aspiration:Polymerization","Rebound","Coolheaded","Barrage","Heatsinks","Aggregate+1","Coolheaded","Conserve Battery","Fission+1","Hello World","Compile Driver","Coolheaded","Hologram","Heatsinks","Machine Learning","Fission+1","Fusion","Reboot","Amplify","conspire:SharedLibrary","Multi-Cast+1","Creative AI","Defragment+1","Storm+1","Creative AI","infinitespire:Oblivion","Streamline+1","Meteor Strike","Seek","Echo Form+1","Genetic Algorithm+1","Echo Form+1"],"relics":["Cracked Core","HushsDoor","HollowMod:QueensCombRelic","DeathBook","hubris:Towel","DemoMod:OrangeGuonStone","Sundial","Bag of Preparation","Ginger","hubris:ToyBattleship","hubris:ScarierMask","hubris:BottledHeart","infinitespire:Lychee Nut","Nuclear Battery","Nunchaku","aspiration:Lifesprig","Potion Belt","Lantern","Frozen Egg 2","aspiration:EnhancedActuators","DemoMod:GlassGuonStoneRelic","Omamori","conspire:RoyalGoblet"],"acts_visited":["Exordium","TheCity","TheBeyond"],"potions_floor_usage":[7,20,22,22],"damage_taken":[{"damage":9,"enemies":"Jaw Worm","floor":1,"turns":2},{"damage":7,"enemies":"Small Slimes","floor":5,"turns":3},{"damage":19,"enemies":"Lagavulin","floor":7,"turns":4},{"damage":0,"enemies":"Cultist","floor":8,"turns":3},{"damage":0,"enemies":"Gremlin Nob","floor":10,"turns":2},{"damage":12,"enemies":"3 Sentries","floor":12,"turns":4},{"damage":0,"enemies":"Blue Slaver","floor":13,"turns":1},{"damage":0,"enemies":"Gremlin Nob","floor":14,"turns":2},{"damage":0,"enemies":"Slime Boss","floor":16,"turns":2},{"damage":3,"enemies":"Spheric Guardian","floor":18,"turns":3},{"damage":0,"enemies":"Chosen","floor":20,"turns":6},{"damage":0,"enemies":"Gremlin Leader","floor":22,"turns":3},{"damage":0,"enemies":"Snake Plant","floor":25,"turns":1},{"damage":0,"enemies":"Slavers","floor":27,"turns":2},{"damage":0,"enemies":"Nightmare","floor":30,"turns":3},{"damage":0,"enemies":"Snecko","floor":31,"turns":1},{"damage":0,"enemies":"conspire:MysteriousRune","floor":33,"turns":3},{"damage":0,"enemies":"Orb Walker","floor":35,"turns":3}],"seed_played":"7120684879122590737","potions_obtained":[{"floor":1,"key":"Dota2Spire:HealingSalve"},{"floor":7,"key":"LiquidMemories"},{"floor":10,"key":"Explosive Potion"},{"floor":12,"key":"EssenceOfSteel"},{"floor":20,"key":"Dota2Spire:Clarity"},{"floor":33,"key":"Block Potion"}],"is_trial":true,"path_per_floor":["M","?","?","?","M","R","E","M","T","E","R","E","M","E","R","B",null,"M","?","M","?","E","R","AVR","M","T","E","T","$","NM","M","R","B",null,"M"],"character_chosen":"DEFECT","items_purchased":["Frozen Egg 2","aspiration:EnhancedActuators","Seek"],"campfire_rested":0,"item_purchase_floors":[29,29,29],"current_hp_per_floor":[41,41,41,41,38,38,30,42,42,50,50,38,42,50,50,50,50,47,1,1,1,1,1,1,1,1,1,1,1,1,1,1,1,1,1,1],"gold":211,"neow_bonus":"","is_daily":false,"chose_seed":false,"campfire_upgraded":5,"win_rate":0.0,"timestamp":1609704186,"path_taken":["M","?","?","?","M","R","E","M","T","E","R","E","M","?","R","BOSS","M","?","M","?","?","R","AVR","M","T","E","?","$","NM","M","R","BOSS","M"],"items_purchased_type":["Relic","Relic","Card"],"build_version":"2020-12-22","purchased_purges":0,"victory":false,"max_hp_per_floor":[50,50,50,50,50,50,50,50,50,50,50,50,50,50,50,50,50,50,1,1,1,1,1,1,1,1,1,1,1,1,1,1,1,1,1,1],"card_choices":[{"not_picked":[],"picked":"EpicFetus","floor":0},{"not_picked":["Compile Driver","Sweeping Beam"],"picked":"Ball Lightning","floor":0},{"not_picked":["aspiration:Polymerization","Rip and Tear"],"picked":"Streamline","floor":0},{"not_picked":["Leap","Beam Cell"],"picked":"aspiration:Polymerization","floor":0},{"not_picked":["Pulse","Scrape"],"picked":"Rebound","floor":0},{"not_picked":["Ball Lightning","Steam"],"picked":"Coolheaded","floor":0},{"not_picked":["Auto Shields","Gash"],"picked":"Barrage","floor":0},{"not_picked":["Steam","Ball Lightning"],"picked":"Heatsinks","floor":0},{"not_picked":["Gash","Stack"],"picked":"Aggregate","floor":0},{"not_picked":["Leap","Fusion"],"picked":"Coolheaded","floor":0},{"not_picked":["Redo","Auto Shields"],"picked":"Conserve Battery","floor":0},{"not_picked":["Hologram","Rebound"],"picked":"Fission","floor":0},{"not_picked":["Lockon","Force Field"],"picked":"Hello World","floor":0},{"not_picked":["Streamline","conspire:Rain"],"picked":"Compile Driver","floor":0},{"not_picked":["FTL","Compile Driver"],"picked":"Coolheaded","floor":0},{"not_picked":["Go for the Eyes","Blizzard"],"picked":"Hologram","floor":0},{"not_picked":["Lockon","Pulse"],"picked":"Heatsinks","floor":1},{"not_picked":["Bomb","conspire:SharedLibrary"],"picked":"Machine Learning","floor":5},{"not_picked":["Buffer","Echo Form"],"picked":"Fission","floor":7},{"not_picked":["Steam Power","Stack"],"picked":"Fusion","floor":8},{"not_picked":["All For One","Core Surge"],"picked":"Reboot","floor":10},{"not_picked":["Reboot","Machine Learning"],"picked":"Amplify","floor":12},{"not_picked":["Beam Cell","Skim"],"picked":"conspire:SharedLibrary","floor":13},{"not_picked":["ElectricPowerLearning","Hyperbeam"],"picked":"Multi-Cast","floor":14},{"not_picked":["Biased Cognition","Reboot"],"picked":"Creative AI","floor":16},{"not_picked":["Hologram","Leap+1"],"picked":"Defragment","floor":18},{"not_picked":["Leap","Go for the Eyes"],"picked":"Storm","floor":20},{"not_picked":["Buffer","Hyperbeam"],"picked":"Creative AI","floor":22},{"not_picked":["Gash+1","Stack"],"picked":"Streamline+1","floor":25},{"not_picked":["ElectricPowerLearning","Multi-Cast"],"picked":"Meteor Strike","floor":27},{"not_picked":["Biased Cognition+1","Machine Learning+1"],"picked":"Echo Form+1","floor":30},{"not_picked":["Streamline+1","FTL"],"picked":"Genetic Algorithm+1","floor":31},{"not_picked":["Creative AI+1","Multi-Cast"],"picked":"Echo Form+1","floor":33},{"not_picked":["Go for the Eyes+1","Steam","Turbo"],"picked":"SKIP","floor":35}],"player_experience":1020201,"relics_obtained":[{"floor":7,"key":"DemoMod:OrangeGuonStone"},{"floor":9,"key":"Sundial"},{"floor":10,"key":"Bag of Preparation"},{"floor":12,"key":"Ginger"},{"floor":14,"key":"hubris:ToyBattleship"},{"floor":22,"key":"infinitespire:Lychee Nut"},{"floor":26,"key":"aspiration:Lifesprig"},{"floor":27,"key":"Potion Belt"},{"floor":28,"key":"Lantern"},{"floor":30,"key":"Omamori"}],"event_choices":[{"damage_healed":0,"gold_gain":0,"player_choice":"Forge","damage_taken":0,"max_hp_gain":0,"max_hp_loss":0,"event_name":"Accursed Blacksmith","floor":3,"gold_loss":0,"cards_upgraded":["Aggregate"]},{"damage_healed":0,"gold_gain":99,"player_choice":"Steal","damage_taken":0,"max_hp_gain":0,"max_hp_loss":0,"event_name":"betterThird:BetterNest","floor":21,"gold_loss":0}],"is_beta":false,"boss_relics":[{"not_picked":["aspiration:BeakedSkillbook","construct:WeddingRing"],"picked":"hubris:ScarierMask"},{"not_picked":[]},{"not_picked":["Cursed Key","aspiration:RunesmithSkillbook"],"picked":"conspire:RoyalGoblet"},{"not_picked":[]}],"items_purged_floors":[],"is_endless":true,"potions_floor_spawned":[1,7,10,12,18,20,33],"killed_by":"Orb Walker","ascension_level":1}}