{"host":"31zwhwtym9x8cse5","time":1609666316,"event":{"mods":["ATMod(°¢èªMod)","Act Like it!","BaseMod","Dota2Spire","Faster Ascension Climbing","Gensokyo","Hallownest","Lobotomy","Minty Spire (QoL Compilation)","Quick Restart","Relic Stats","Replay The Spire","StSLib","The Poker Player","Youmu£¨»êÆÇÑýÃÎ£©","[IsaacMod]ÒÔÈö¼âËþ","¡¾ÒÅÎï¿¨ÅÆ¡¿REMEMod"],"gold_per_floor":[118,118,118,43,59,102,123,192,192,256,352,421,440,509,509,632,632,680,694,724,724],"floor_reached":20,"playtime":1747,"items_purged":["Bash","Strike_R"],"score":698,"play_id":"d85da7f1-6fec-47bc-8f41-64e6b9955481","local_time":"20210103173156","daily_mods":["Vintage","Heirloom","Time Dilation","Flight","DeadlyEvents","Elite Swarm"],"is_ascension_mode":true,"campfire_choices":[{"data":"Demon Form","floor":15.0,"key":"SMITH"}],"circlet_count":0,"master_deck":["Strike_R","Strike_R","Strike_R","Strike_R","Defend_R+1","Defend_R+1","Defend_R","Defend_R","Barricade","REME_ACTH","Demon Form+1","REME_ACTH","Demon Form"],"relics":["Burning Blood","AT_ATBox","replay:Trail_Library","REME_ComplimentaryCards","HushsDoor","Dota2Spire:Butterfly","DoctorsRemote","ReplayTheSpireMod:Lightbulb","Golden Idol","Pen Nib","War Paint","Dota2Spire:HandOfMidas","Bottled Tornado","Molten Egg 2","Nunchaku","AT_ChloranthyRing","Oddly Smooth Stone","Replay:Bottled Snecko","AT_BellDemon","Ice Cream","REME_DemonsWealth","GuppysTail","TuHaoJin","PreservedInsect","Damocles"],"acts_visited":["Exordium","TheCity"],"potions_floor_usage":[],"damage_taken":[{"damage":0.0,"enemies":"Jaw Worm","floor":1.0,"turns":1.0},{"damage":0.0,"enemies":"2 Louse","floor":5.0,"turns":3.0},{"damage":13.0,"enemies":"Lagavulin","floor":6.0,"turns":7.0},{"damage":0.0,"enemies":"Small Slimes","floor":7.0,"turns":3.0},{"damage":0.0,"enemies":"3 Sentries","floor":8.0,"turns":3.0},{"damage":41.0,"enemies":"Gremlin Nob","floor":10.0,"turns":5.0},{"damage":3.0,"enemies":"3 Sentries","floor":11.0,"turns":11.0},{"damage":0.0,"enemies":"Lagavulin","floor":12.0,"turns":6.0},{"damage":3.0,"enemies":"Exordium Thugs","floor":13.0,"turns":3.0},{"damage":0.0,"enemies":"Gremlin Nob","floor":14.0,"turns":3.0},{"damage":0.0,"enemies":"Slime Boss","floor":16.0,"turns":2.0},{"damage":34.0,"enemies":"Spheric Guardian","floor":18.0,"turns":4.0},{"damage":2.0,"enemies":"3 Byrds","floor":19.0,"turns":3.0},{"damage":41,"enemies":"3 Cultists","floor":20,"turns":4}],"seed_played":"3403277942683204396","potions_obtained":[{"floor":5.0,"key":"Block Potion"},{"floor":7.0,"key":"Languid Potion"},{"floor":10.0,"key":"BlessingOfTheForge"},{"floor":12.0,"key":"Reflective Coating"},{"floor":16.0,"key":"Elixir"}],"is_trial":true,"path_per_floor":["M","?","?","$","M","E","M","E","T","E","E","E","M","E","R","B",null,"M","M","M"],"character_chosen":"IRONCLAD","items_purchased":["GuppysTail"],"campfire_rested":0,"item_purchase_floors":[17],"current_hp_per_floor":[78,58,55,55,61,54,60,66,66,31,34,40,43,49,49,55,63,35,39,0,0],"gold":724,"neow_bonus":"","is_daily":false,"chose_seed":false,"campfire_upgraded":1,"win_rate":0.0,"timestamp":1609666316,"path_taken":["M","?","?","$","M","E","M","E","T","E","E","E","M","E","R","BOSS","M","M","M"],"items_purchased_type":["Relic"],"build_version":"2020-12-22","purchased_purges":2,"victory":false,"max_hp_per_floor":[80,80,80,80,80,80,80,80,80,80,80,80,80,80,80,80,65,65,65,65,65],"relic_stats":{"Nunchaku":[7],"counters":[14,58],"Golden Idol":90,"Pen Nib":[11],"PreservedInsect":0,"War Paint":["Defend_R","Defend_R"],"obtain_stats":[{"AT_BellDemon":14,"Ice Cream":16,"GuppysTail":17,"Damocles":19,"AT_ATBox":0,"Bottled Tornado":8,"Burning Blood":0,"Nunchaku":10,"REME_DemonsWealth":17,"TuHaoJin":18,"Replay:Bottled Snecko":13,"replay:Trail_Library":0,"KeepersGift":0,"AT_ChloranthyRing":11,"DoctorsRemote":0,"Dota2Spire:HandOfMidas":7,"Golden Idol":2,"Oddly Smooth Stone":12,"Pen Nib":3,"PreservedInsect":19,"War Paint":5,"Dota2Spire:Butterfly":0,"Molten Egg 2":9,"HushsDoor":0,"ReplayTheSpireMod:Lightbulb":1,"REME_ComplimentaryCards":0},{"AT_BellDemon":10,"Ice Cream":11,"GuppysTail":11,"Damocles":13,"AT_ATBox":0,"Bottled Tornado":5,"Burning Blood":0,"Nunchaku":6,"REME_DemonsWealth":11,"TuHaoJin":12,"Replay:Bottled Snecko":9,"replay:Trail_Library":0,"KeepersGift":0,"AT_ChloranthyRing":7,"DoctorsRemote":0,"Dota2Spire:HandOfMidas":4,"Golden Idol":1,"Oddly Smooth Stone":8,"Pen Nib":1,"PreservedInsect":13,"War Paint":2,"Dota2Spire:Butterfly":0,"Molten Egg 2":5,"HushsDoor":0,"ReplayTheSpireMod:Lightbulb":1,"REME_ComplimentaryCards":0},{"AT_BellDemon":45,"Ice Cream":47,"GuppysTail":47,"Damocles":54,"AT_ATBox":0,"Bottled Tornado":17,"Burning Blood":0,"Nunchaku":22,"REME_DemonsWealth":47,"TuHaoJin":51,"Replay:Bottled Snecko":42,"replay:Trail_Library":0,"KeepersGift":0,"AT_ChloranthyRing":33,"DoctorsRemote":0,"Dota2Spire:HandOfMidas":14,"Golden Idol":1,"Oddly Smooth Stone":39,"Pen Nib":1,"PreservedInsect":54,"War Paint":4,"Dota2Spire:Butterfly":0,"Molten Egg 2":17,"HushsDoor":0,"ReplayTheSpireMod:Lightbulb":1,"REME_ComplimentaryCards":0}],"Burning Blood":78},"card_choices":[{"not_picked":["REME_TheLastStrike","REME_Fury"],"picked":"Barricade","floor":6.0},{"not_picked":["Double Tap","Brutality"],"picked":"REME_ACTH","floor":8.0},{"not_picked":["Double Tap","Bludgeon+1"],"picked":"Demon Form","floor":10.0},{"not_picked":["Immolate+1","Corruption","Offering"],"picked":"SKIP","floor":11.0},{"not_picked":["Eclipse","Reaper+1","Corruption"],"picked":"SKIP","floor":12.0},{"not_picked":["Reaper+1","Berserk"],"picked":"REME_ACTH","floor":14.0},{"not_picked":["REME_TheLastStrike+1","Fiend Fire+1"],"picked":"Demon Form","floor":16.0}],"player_experience":109080,"relics_obtained":[{"floor":1.0,"key":"ReplayTheSpireMod:Lightbulb"},{"floor":5.0,"key":"War Paint"},{"floor":7.0,"key":"Dota2Spire:HandOfMidas"},{"floor":8.0,"key":"Bottled Tornado"},{"floor":9.0,"key":"Molten Egg 2"},{"floor":10.0,"key":"Nunchaku"},{"floor":11.0,"key":"AT_ChloranthyRing"},{"floor":12.0,"key":"Oddly Smooth Stone"},{"floor":13.0,"key":"Replay:Bottled Snecko"},{"floor":14.0,"key":"AT_BellDemon"},{"floor":16.0,"key":"Ice Cream"},{"floor":18.0,"key":"TuHaoJin"},{"floor":19.0,"key":"PreservedInsect"},{"floor":19.0,"key":"Damocles"}],"event_choices":[{"damage_healed":0.0,"max_hp_gain":0.0,"max_hp_loss":0.0,"gold_gain":0.0,"event_name":"Golden Idol","player_choice":"Take Damage","floor":2.0,"gold_loss":0.0,"damage_taken":20.0,"relics_obtained":["Golden Idol"]},{"damage_healed":0.0,"max_hp_gain":0.0,"max_hp_loss":0.0,"gold_gain":0.0,"event_name":"Scrap Ooze","player_choice":"Success","floor":3.0,"gold_loss":0.0,"damage_taken":3.0,"relics_obtained":["Pen Nib"]}],"is_beta":false,"boss_relics":[{"not_picked":["Pandora\u0027s Box","Replay:Drink Me"],"picked":"REME_DemonsWealth"},{"not_picked":[]}],"items_purged_floors":[4,17],"is_endless":true,"potions_floor_spawned":[5,7,10,12,16],"killed_by":"3 Cultists","ascension_level":9}}