{"host":"na09lpbrez4gbfiz","time":1609640271,"event":{"mods":["Act Like it!","BaseMod","BetterRewards","Colored Map","Colored Powertips","DeckTracker","Googly Eyes","Highlight Path","Minty Spire (QoL Compilation)","Quick Restart","Spicy Shops","StSLib","SuperFastMode","Synergy Search"],"gold_per_floor":[109,123,138,138,138,138,151,170,170,183,30,30,30,44,44,140,140,150,150,249,249,249],"floor_reached":21,"playtime":553,"items_purged":["Defend_R"],"score":274,"play_id":"3d5a793c-68ac-4280-a77f-9bb334d92f35","local_time":"20210103031751","is_ascension_mode":true,"campfire_choices":[{"data":"Bash","floor":6,"key":"SMITH"},{"data":"Hemokinesis","floor":12,"key":"SMITH"},{"floor":15,"key":"REST"}],"circlet_count":0,"master_deck":["AscendersBane","Strike_R","Defend_R","Defend_R","Defend_R","Bash+1","Rage","Seeing Red","Armaments","Dropkick","Hemokinesis+1","Flex","Demon Form","Fiend Fire+1","Rupture+1","Rage+1","Havoc+1"],"relics":["Burning Blood","NeowsBlessing","Calipers","Ginger","Boot","Astrolabe","Nilry\u0027s Codex"],"acts_visited":["Exordium","TheCity"],"potions_floor_usage":[10,16],"damage_taken":[{"damage":0,"enemies":"Small Slimes","floor":1,"turns":1},{"damage":0,"enemies":"2 Louse","floor":2,"turns":2},{"damage":0,"enemies":"Cultist","floor":3,"turns":1},{"damage":19,"enemies":"3 Louse","floor":7,"turns":6},{"damage":16,"enemies":"Blue Slaver","floor":8,"turns":5},{"damage":4,"enemies":"Large Slime","floor":10,"turns":6},{"damage":16,"enemies":"Exordium Thugs","floor":14,"turns":4},{"damage":44,"enemies":"The Guardian","floor":16,"turns":12},{"damage":34,"enemies":"Spheric Guardian","floor":18,"turns":5},{"damage":26,"enemies":"Chosen","floor":21,"turns":4}],"seed_played":"-642097812673231635","potions_obtained":[{"floor":1,"key":"SmokeBomb"},{"floor":7,"key":"GamblersBrew"},{"floor":13,"key":"BlessingOfTheForge"},{"floor":16,"key":"SpeedPotion"}],"is_trial":false,"path_per_floor":["M","M","M","?","?","R","M","M","T","M","$","R","?","M","R","B",null,"M","?","?","M"],"character_chosen":"IRONCLAD","items_purchased":["Boot"],"campfire_rested":1,"item_purchase_floors":[11],"current_hp_per_floor":[78,80,80,73,73,73,60,50,50,52,52,52,52,42,66,28,67,39,23,23,0,0],"gold":249,"neow_bonus":"THREE_ENEMY_KILL","is_daily":false,"chose_seed":false,"campfire_upgraded":2,"win_rate":0.0,"timestamp":1609640271,"path_taken":["M","M","M","?","?","R","M","M","T","M","$","R","?","M","R","BOSS","M","?","?","M"],"items_purchased_type":["Relic"],"build_version":"2020-12-22","purchased_purges":1,"victory":false,"max_hp_per_floor":[80,80,80,80,80,80,80,80,80,80,80,80,80,80,80,80,80,80,80,80,80,80],"card_choices":[{"not_picked":["Sentinel","Flex"],"picked":"Rage","floor":1},{"not_picked":["Power Through","Wild Strike","Searing Blow"],"picked":"SKIP","floor":2},{"not_picked":["Battle Trance","Armaments"],"picked":"Seeing Red","floor":3},{"not_picked":["Thunderclap","Anger"],"picked":"Armaments","floor":7},{"not_picked":["Bloodletting","Heavy Blade"],"picked":"Dropkick","floor":8},{"not_picked":["Warcry","Clash"],"picked":"Hemokinesis","floor":10},{"not_picked":["Cleave","Sword Boomerang"],"picked":"Flex","floor":14},{"not_picked":["Brutality","Feed"],"picked":"Demon Form","floor":16},{"not_picked":["True Grit","Cleave"],"picked":"Havoc+1","floor":18}],"player_experience":263135,"relics_obtained":[{"floor":9,"key":"Ginger"},{"floor":19,"key":"Nilry\u0027s Codex"}],"event_choices":[{"damage_healed":0,"gold_gain":0,"player_choice":"Success","damage_taken":7,"relics_obtained":["Calipers"],"max_hp_gain":0,"max_hp_loss":0,"event_name":"Scrap Ooze","floor":4,"gold_loss":0},{"cards_removed":["Strike_R"],"damage_healed":0,"gold_gain":0,"player_choice":"Forget","damage_taken":0,"max_hp_gain":0,"max_hp_loss":0,"event_name":"Living Wall","floor":5,"gold_loss":0},{"damage_healed":0,"gold_gain":0,"player_choice":"Got Potions","damage_taken":0,"max_hp_gain":0,"max_hp_loss":0,"event_name":"Lab","floor":13,"gold_loss":0},{"damage_healed":0,"gold_gain":0,"player_choice":"Obtained Book","damage_taken":16,"max_hp_gain":0,"max_hp_loss":0,"event_name":"Cursed Tome","floor":19,"gold_loss":0},{"damage_healed":0,"gold_gain":99,"player_choice":"Stole From Cult","damage_taken":0,"max_hp_gain":0,"max_hp_loss":0,"event_name":"Nest","floor":20,"gold_loss":0}],"is_beta":false,"boss_relics":[{"not_picked":["Black Blood","Runic Pyramid"],"picked":"Astrolabe"}],"items_purged_floors":[11],"is_endless":false,"potions_floor_spawned":[1,7,16,18],"killed_by":"Chosen","ascension_level":12}}