{"host":"dzallfdpazhc6w9d","time":1609666402,"event":{"mods":["BaseMod","Colored Powertips","Highlight Path","Minty Spire (QoL Compilation)","StSLib","The Bug Knight","The Jungle","The Senshi","The Servant 0.9.4"],"gold_per_floor":[111,128,146,159,159,189,215,227,239,276,288,314,326,370,382,496,508,530,542,554,585,613,660,672,717,729,766,792,804,659,677,677,775,775,794,794,848,848,860,893,137,137,214,232,89,109,127,142,142,142,142],"floor_reached":50,"playtime":8543,"items_purged":[],"score":632,"play_id":"c4564a6e-52e6-4cff-983b-2f61d920ee47","local_time":"20210103033322","is_ascension_mode":true,"campfire_choices":[{"floor":8,"key":"REST"},{"floor":15,"key":"REST"},{"data":"Corpse Explosion","floor":24,"key":"SMITH"},{"floor":29,"key":"REST"},{"data":"Eviscerate","floor":32,"key":"SMITH"},{"floor":42,"key":"DIG"},{"floor":49,"key":"DIG"}],"circlet_count":0,"master_deck":["Strike_G","Strike_G","Strike_G+1","Strike_G","Strike_G","Defend_G+1","Defend_G","Defend_G","Defend_G+1","Survivor","Neutralize+1","Flying Knee+1","Prepared","Backstab","Riddle With Holes","Acrobatics","Concentrate+1","Noxious Fumes","Deflect","Dagger Spray","Corpse Explosion+1","Calculated Gamble","Prepared+1","Catalyst+1","Poisoned Stab+1","Underhanded Strike","Slice","Eviscerate+1","Prepared+1","Adrenaline","Infinite Blades","Finisher+1","Cloak And Dagger","Tactician+1","Tactician+1","Cloak And Dagger+1","Backflip+1"],"relics":["Ring of the Snake","MawBank","Bottled Lightning","Pen Nib","FossilizedHelix","HoveringKite","Pocketwatch","MutagenicStrength","War Paint","Tingsha","HollowMod:PaleOreRelic","Gambling Chip","Whetstone","WristBlade","Dead Branch","Regal Pillow","Shovel","The Specimen","TwistedFunnel","Unceasing Top","Question Card","Ancient Tea Set","White Beast Statue"],"acts_visited":["Exordium","TheCity","TheBeyond"],"potions_floor_usage":[6,10,10,14,16,16,18,22,23,35,40,50,50],"damage_taken":[{"damage":1,"enemies":"Cultist","floor":1,"turns":5},{"damage":1,"enemies":"2 Louse","floor":2,"turns":3},{"damage":0,"enemies":"Jaw Worm","floor":3,"turns":4},{"damage":0,"enemies":"Exordium Wildlife","floor":4,"turns":6},{"damage":32,"enemies":"HollowMod:MossKnight","floor":6,"turns":10},{"damage":3,"enemies":"Lots of Slimes","floor":7,"turns":4},{"damage":16,"enemies":"3 Sentries","floor":10,"turns":8},{"damage":0,"enemies":"Large Slime","floor":12,"turns":5},{"damage":10,"enemies":"Gremlin Nob","floor":14,"turns":3},{"damage":27,"enemies":"Hexaghost","floor":16,"turns":9},{"damage":0,"enemies":"3 Byrds","floor":18,"turns":4},{"damage":0,"enemies":"Chosen","floor":21,"turns":3},{"damage":14,"enemies":"Snake Plant","floor":22,"turns":4},{"damage":7,"enemies":"Slavers","floor":23,"turns":2},{"damage":19,"enemies":"HollowMod:Nosk","floor":25,"turns":7},{"damage":13,"enemies":"Slavers","floor":27,"turns":3},{"damage":5,"enemies":"Chosen and Byrds","floor":28,"turns":4},{"damage":0,"enemies":"Sentry and Sphere","floor":31,"turns":3},{"damage":33,"enemies":"Collector","floor":33,"turns":7},{"damage":0,"enemies":"3 Darklings","floor":35,"turns":3},{"damage":5,"enemies":"2 Orb Walkers","floor":37,"turns":3},{"damage":3,"enemies":"3 Shapes","floor":39,"turns":1},{"damage":6,"enemies":"Nemesis","floor":40,"turns":3},{"damage":0,"enemies":"3 Darklings","floor":44,"turns":1},{"damage":0,"enemies":"Jaw Worm Horde","floor":46,"turns":1},{"damage":0,"enemies":"Sphere and 2 Shapes","floor":47,"turns":3},{"damage":0,"enemies":"3 Darklings","floor":48,"turns":2},{"damage":76,"enemies":"Time Eater","floor":50,"turns":6}],"seed_played":"4421967379955547183","potions_obtained":[{"floor":2,"key":"Energy Potion"},{"floor":4,"key":"Strength Potion"},{"floor":6,"key":"EntropicBrew"},{"floor":14,"key":"AttackPotion"},{"floor":18,"key":"Swift Potion"},{"floor":22,"key":"DistilledChaos"},{"floor":25,"key":"GamblersBrew"},{"floor":33,"key":"Poison Potion"},{"floor":35,"key":"Regen Potion"},{"floor":37,"key":"Ancient Potion"},{"floor":44,"key":"Explosive Potion"},{"floor":47,"key":"Swift Potion"}],"is_trial":false,"path_per_floor":["M","M","M","M","?","E","M","R","T","E","?","M","?","E","R","B",null,"M","T","?","M","M","E","R","E","T","E","M","R","$","M","R","B",null,"M","?","?","?","M","E","$","R","T","M","$","M","M","M","R","B"],"character_chosen":"THE_SILENT","items_purchased":["Whetstone","Shovel","The Specimen","TwistedFunnel","Ancient Tea Set"],"campfire_rested":3,"item_purchase_floors":[30,41,41,41,45],"current_hp_per_floor":[76,75,75,75,60,28,25,48,48,32,32,32,32,22,45,18,77,77,77,77,77,63,56,56,37,37,24,19,42,42,42,42,9,77,77,73,68,68,65,64,64,64,64,64,64,64,64,64,64,0,0],"gold":142,"neow_bonus":"TEN_PERCENT_HP_BONUS","is_daily":false,"chose_seed":false,"campfire_upgraded":2,"win_rate":0.0,"timestamp":1609666402,"path_taken":["M","M","?","M","?","E","M","R","T","E","?","?","?","E","R","BOSS","M","?","?","?","M","E","R","E","T","E","M","R","?","M","R","BOSS","M","?","?","?","M","E","$","R","T","M","$","M","M","M","R","BOSS"],"items_purchased_type":["Relic","Relic","Relic","Relic","Relic"],"build_version":"2020-12-22","purchased_purges":0,"victory":false,"max_hp_per_floor":[77,77,77,77,77,77,77,77,77,77,77,77,77,77,77,77,77,77,77,77,77,77,77,77,77,77,77,77,77,77,77,77,77,77,77,73,73,73,73,73,73,73,73,73,73,73,73,73,73,73,73],"card_choices":[{"not_picked":["Predator","PiercingWail"],"picked":"Flying Knee","floor":1},{"not_picked":["Dagger Throw","Distraction"],"picked":"Prepared","floor":2},{"not_picked":["Well Laid Plans","Terror"],"picked":"Backstab","floor":3},{"not_picked":["Bane","Dodge and Roll"],"picked":"Riddle With Holes","floor":4},{"not_picked":["Deadly Poison","Flying Knee"],"picked":"Acrobatics","floor":6},{"not_picked":["Poisoned Stab","PiercingWail"],"picked":"Concentrate","floor":7},{"not_picked":["Prepared","Dagger Spray"],"picked":"Noxious Fumes","floor":10},{"not_picked":["Cloak And Dagger","PiercingWail"],"picked":"Deflect","floor":12},{"not_picked":["Bane","Sucker Punch"],"picked":"Dagger Spray","floor":14},{"not_picked":["Doppelganger","Phantasmal Killer"],"picked":"Corpse Explosion","floor":16},{"not_picked":["Backstab","Flying Knee"],"picked":"Calculated Gamble","floor":18},{"not_picked":["PiercingWail","Sucker Punch"],"picked":"Prepared+1","floor":21},{"not_picked":["Backflip","Dagger Spray"],"picked":"Catalyst+1","floor":22},{"not_picked":["Calculated Gamble","Deflect+1"],"picked":"Poisoned Stab","floor":23},{"not_picked":["Blur","Choke"],"picked":"Underhanded Strike","floor":25},{"not_picked":["Flying Knee","Deadly Poison"],"picked":"Slice","floor":27},{"not_picked":["Sucker Punch","Expertise"],"picked":"Eviscerate","floor":28},{"not_picked":["Calculated Gamble","Cloak And Dagger"],"picked":"Prepared+1","floor":31},{"not_picked":["Die Die Die","Glass Knife"],"picked":"Adrenaline","floor":33},{"not_picked":["Dagger Throw+1","Dodge and Roll"],"picked":"Infinite Blades","floor":35},{"not_picked":["Slice","Underhanded Strike"],"picked":"Finisher+1","floor":37},{"not_picked":["Deflect","Masterful Stab"],"picked":"Cloak And Dagger","floor":39},{"not_picked":["Quick Slash+1","Terror"],"picked":"Tactician+1","floor":40},{"not_picked":["Bane","Slice","Caltrops+1"],"picked":"Tactician+1","floor":44},{"not_picked":["Acrobatics","Quick Slash","Deadly Poison"],"picked":"Cloak And Dagger+1","floor":46},{"not_picked":["Dodge and Roll+1","Deflect+1","Quick Slash+1","Bouncing Flask+1"],"picked":"SKIP","floor":47},{"not_picked":["Dagger Throw+1","Blade Dance","Die Die Die"],"picked":"Backflip+1","floor":48}],"player_experience":431485,"relics_obtained":[{"floor":6,"key":"MawBank"},{"floor":9,"key":"Bottled Lightning"},{"floor":10,"key":"Pen Nib"},{"floor":14,"key":"FossilizedHelix"},{"floor":19,"key":"Pocketwatch"},{"floor":23,"key":"War Paint"},{"floor":25,"key":"Tingsha"},{"floor":26,"key":"HollowMod:PaleOreRelic"},{"floor":27,"key":"Gambling Chip"},{"floor":37,"key":"Dead Branch"},{"floor":40,"key":"Regal Pillow"},{"floor":42,"key":"Unceasing Top"},{"floor":43,"key":"Question Card"},{"floor":49,"key":"White Beast Statue"}],"event_choices":[{"damage_healed":0,"gold_gain":0,"player_choice":"Entered Light","damage_taken":15,"max_hp_gain":0,"max_hp_loss":0,"event_name":"Shining Light","floor":5,"gold_loss":0,"cards_upgraded":["Neutralize","Flying Knee"]},{"damage_healed":0,"gold_gain":0,"player_choice":"Bought 0 Potions","damage_taken":0,"max_hp_gain":0,"max_hp_loss":0,"event_name":"The Woman in Blue","floor":11,"gold_loss":0},{"damage_healed":0,"gold_gain":0,"player_choice":"Forge","damage_taken":0,"max_hp_gain":0,"max_hp_loss":0,"event_name":"Accursed Blacksmith","floor":13,"gold_loss":0,"cards_upgraded":["Concentrate"]},{"damage_healed":0,"gold_gain":0,"player_choice":"Inject Mutagens","damage_taken":0,"relics_obtained":["MutagenicStrength"],"max_hp_gain":0,"max_hp_loss":0,"event_name":"Drug Dealer","floor":20,"gold_loss":0},{"damage_healed":0,"gold_gain":0,"player_choice":"Max HP","damage_taken":0,"max_hp_gain":0,"max_hp_loss":4,"event_name":"Winding Halls","floor":36,"gold_loss":0},{"damage_healed":0,"gold_gain":0,"player_choice":"Fight","damage_taken":0,"max_hp_gain":0,"max_hp_loss":0,"event_name":"Mysterious Sphere","floor":37,"gold_loss":0},{"cards_removed":["Defend_G"],"damage_healed":0,"gold_gain":0,"player_choice":"Removed Skill","damage_taken":0,"max_hp_gain":0,"max_hp_loss":0,"event_name":"Falling","floor":38,"gold_loss":0}],"is_beta":false,"boss_relics":[{"not_picked":["Empty Cage","Fusion Hammer"],"picked":"HoveringKite"},{"not_picked":["SacredBark","Philosopher\u0027s Stone"],"picked":"WristBlade"}],"items_purged_floors":[],"is_endless":false,"potions_floor_spawned":[2,4,6,14,18,22,25,33,35,37,44,47],"killed_by":"Time Eater","ascension_level":1}}