{"host":"p7j7o00jacnw7qzt","time":1609658304,"event":{"mods":["BaseMod","Colored Map","Colored Powertips","DeckTracker","Highlight Path","Minty Spire (QoL Compilation)","Relic Stats"],"gold_per_floor":[117,117,133,156,93,105,167,179,218,250,262,274,315,345,357,369,369],"floor_reached":16,"playtime":413,"items_purged":[],"score":196,"play_id":"ea58e3f5-422b-47ed-8185-a9b303807743","local_time":"20210103021824","is_ascension_mode":true,"campfire_choices":[{"floor":6.0,"key":"REST"},{"floor":8.0,"key":"RECALL"},{"data":"Inflame","floor":12.0,"key":"SMITH"},{"data":"Armaments","floor":15,"key":"SMITH"}],"circlet_count":0,"master_deck":["AscendersBane","Strike_R","Strike_R","Defend_R","Defend_R","Defend_R","Defend_R","Bash+1","Shockwave+1","Power Through","Inflame+1","Armaments+1"],"relics":["Burning Blood","MawBank","Akabeko","Potion Belt"],"acts_visited":["Exordium"],"potions_floor_usage":[],"damage_taken":[{"damage":4.0,"enemies":"2 Louse","floor":1.0,"turns":3.0},{"damage":11.0,"enemies":"Jaw Worm","floor":3.0,"turns":4.0},{"damage":0.0,"enemies":"Small Slimes","floor":10.0,"turns":3.0},{"damage":17.0,"enemies":"Lagavulin","floor":13.0,"turns":9.0},{"damage":14,"enemies":"Blue Slaver","floor":14,"turns":5},{"damage":43,"enemies":"The Guardian","floor":16,"turns":9}],"seed_played":"4790459174616447864","potions_obtained":[{"floor":3.0,"key":"FearPotion"},{"floor":10.0,"key":"SpeedPotion"}],"is_trial":false,"path_per_floor":["M","?","M","T","?","R","?","R","T","M","?","R","E","M","R","B"],"character_chosen":"IRONCLAD","items_purchased":[],"campfire_rested":1,"item_purchase_floors":[],"current_hp_per_floor":[52,29,24,24,24,46,46,46,46,52,57,57,46,38,38,0,0],"gold":369,"neow_bonus":"REMOVE_TWO","is_daily":false,"chose_seed":false,"campfire_upgraded":2,"win_rate":0.0,"timestamp":1609658304,"path_taken":["M","?","M","?","?","R","?","R","T","?","?","R","E","M","R","BOSS"],"items_purchased_type":[],"build_version":"2020-12-22","purchased_purges":0,"victory":false,"max_hp_per_floor":[75,75,75,75,75,75,75,75,75,75,80,80,80,80,80,80,80],"relic_stats":{"counters":[6,33],"MawBank":144,"obtain_stats":[{"Potion Belt":13,"MawBank":4,"Burning Blood":0,"Akabeko":9},{"Potion Belt":4,"MawBank":2,"Burning Blood":0,"Akabeko":2},{"Potion Belt":19,"MawBank":7,"Burning Blood":0,"Akabeko":7}],"Burning Blood":30},"card_choices":[{"not_picked":["Sword Boomerang","Pommel Strike"],"picked":"Shockwave","floor":1.0},{"not_picked":["Iron Wave","Flex"],"picked":"Power Through","floor":3.0},{"not_picked":["Shrug It Off","Iron Wave"],"picked":"Inflame","floor":10.0},{"not_picked":["Twin Strike","Spot Weakness","Intimidate"],"picked":"SKIP","floor":13},{"not_picked":["Headbutt","Perfected Strike"],"picked":"Armaments","floor":14}],"player_experience":957754,"relics_obtained":[{"floor":4.0,"key":"MawBank"},{"floor":9.0,"key":"Akabeko"},{"floor":13,"key":"Potion Belt"}],"event_choices":[{"damage_healed":0.0,"max_hp_gain":0.0,"max_hp_loss":0.0,"gold_gain":0.0,"event_name":"Shining Light","player_choice":"Entered Light","floor":2.0,"gold_loss":0.0,"damage_taken":23.0,"cards_upgraded":["Bash","Shockwave"]},{"cards_removed":["Strike_R"],"damage_healed":0.0,"max_hp_gain":0.0,"max_hp_loss":0.0,"gold_gain":0.0,"event_name":"The Cleric","player_choice":"Card Removal","floor":5.0,"gold_loss":75.0,"damage_taken":0.0},{"damage_healed":0.0,"max_hp_gain":0.0,"max_hp_loss":0.0,"gold_gain":50.0,"event_name":"Golden Shrine","player_choice":"Pray","floor":7.0,"gold_loss":0.0,"damage_taken":0.0},{"damage_healed":0.0,"max_hp_gain":5.0,"max_hp_loss":0.0,"gold_gain":0.0,"event_name":"Big Fish","player_choice":"Donut","floor":11.0,"gold_loss":0.0,"damage_taken":0.0}],"is_beta":false,"boss_relics":[],"items_purged_floors":[],"is_endless":false,"potions_floor_spawned":[3,10],"killed_by":"The Guardian","ascension_level":20}}