{"host":"zydufobuumzsx0vb","time":1609690759,"event":{"mods":["Act Like it!","BaseMod","Better Note","Colored Map","Gensokyo","Minty Spire (QoL Compilation)","Rare Cards Sparkle","Spicy Shops","StSLib","SuperFastMode","Youmu£®ªÍ∆«—˝√Œ£©"],"gold_per_floor":[109,34,48,48,63,93,113,146,170,180,37,49,0,19,19,273,273,290,290,290,557,568,595,620,640,665,665,665,679,34,69,69,165,165,182,196,196,196,196,221,59,59,59,69,69,69],"floor_reached":45,"playtime":3633,"items_purged":["Strike_YM","Defend_YM","Gensokyo:AllTheWorldsEvil"],"score":752,"play_id":"0588e3c8-1df0-4f9e-af91-6baa1b588a87","local_time":"20210104001919","is_ascension_mode":true,"campfire_choices":[{"data":"AsTheSilentNirvana","floor":15,"key":"SMITH"},{"data":"SwordExtraction","floor":28,"key":"SMITH"},{"floor":32,"key":"REST"},{"data":"HellFireSword","floor":42,"key":"SMITH"}],"circlet_count":0,"master_deck":["Strike_YM","Defend_YM+1","Defend_YM+1","SlashOfPresentWorld","WheelOfPainOfLivingAndDead","SwordExtraction+1","AsTheSilentNirvana+1","Injury","SwordOfBindingDesires","LifeCuttingSword","CrescentMoonSlash","SwordOfBindingDesires","HellRealmSword","GhostSword","DispleasureOfTheSevenHakus","HesitationCuttingSword","Normality","SwordExtraction+1","FiveSignsOfTheDyingDeva","SuddenDivineSeveringOfKarmicWind","LifeCuttingSword+1","HeartExcerptSlash+1","FlashingScatteredFlowers+1","Gensokyo:PrivateSquare","Pride","HellRealmSword","HellFireSword+1","Pain","HellFireSword+1"],"relics":["HalfPhantom","NeowsBlessing","War Paint","PreservedInsect","Centennial Puzzle","Blood Vial","StoneCalendar","Cursed Key","Singing Bowl","Mummified Hand","Vajra","Anchor","Gensokyo:MosesMiracle","Orichalcum","HandDrill","DollysMirror","Boot","Astrolabe","MealTicket","Frozen Egg 2"],"acts_visited":["Gensokyo:Gensokyo","Gensokyo:Gensokyoer","Gensokyo:Gensokyoest"],"potions_floor_usage":[8,16,33,33,33],"damage_taken":[{"damage":0,"enemies":"Gensokyo:Gryphon","floor":1,"turns":1},{"damage":0,"enemies":"Gensokyo:3_Fairies","floor":3,"turns":2},{"damage":0,"enemies":"Gensokyo:Python","floor":5,"turns":1},{"damage":2,"enemies":"Gensokyo:Mamizou","floor":6,"turns":8},{"damage":0,"enemies":"Gensokyo:LivingMonolith","floor":7,"turns":3},{"damage":0,"enemies":"Gensokyo:Aya","floor":8,"turns":5},{"damage":16,"enemies":"Gensokyo:5_Fairies","floor":10,"turns":8},{"damage":10,"enemies":"Gensokyo:Gryphon_and_Rabbit","floor":12,"turns":8},{"damage":15,"enemies":"Gensokyo:2_Rabbits","floor":14,"turns":6},{"damage":33,"enemies":"Gensokyo:Reimu","floor":16,"turns":8},{"damage":4,"enemies":"Gensokyo:2_Gloops","floor":18,"turns":5},{"damage":9,"enemies":"Gensokyo:AngelMirror","floor":21,"turns":4},{"damage":25,"enemies":"Gensokyo:Wraith","floor":22,"turns":7},{"damage":0,"enemies":"Gensokyo:Koishi","floor":23,"turns":4},{"damage":0,"enemies":"Gensokyo:Swordslinger","floor":25,"turns":4},{"damage":17,"enemies":"Gensokyo:Monolith_and_Dog","floor":29,"turns":6},{"damage":8,"enemies":"Gensokyo:Reisen","floor":31,"turns":4},{"damage":46,"enemies":"Gensokyo:Kaguya","floor":33,"turns":8},{"damage":14,"enemies":"Gensokyo:3_Boulders","floor":35,"turns":5},{"damage":0,"enemies":"Gensokyo:3_Bats","floor":36,"turns":3},{"damage":55,"enemies":"Gensokyo:Marisa","floor":40,"turns":4},{"damage":2,"enemies":"Gensokyo:Dusk_and_Dawn","floor":44,"turns":3},{"damage":29,"enemies":"Gensokyo:Kasen","floor":45,"turns":3}],"seed_played":"-1581976395286123340","potions_obtained":[{"floor":1,"key":"FairyPotion"},{"floor":6,"key":"SkillPotion"},{"floor":7,"key":"CausticAgent"},{"floor":8,"key":"Regen Potion"},{"floor":16,"key":"EssenceOfSteel"},{"floor":18,"key":"BlessingOfTheForge"},{"floor":23,"key":"SkillPotion"},{"floor":40,"key":"CausticAgent"}],"is_trial":false,"path_per_floor":["M","$","M","?","M","E","M","E","T","M","COS","M","?","M","R","B",null,"M","?","?","M","M","E","T","M","T","?","R","M","$","E","R","B",null,"M","M","?","?","?","E","$","R","T","M","E"],"character_chosen":"YOUMU","items_purchased":["Orichalcum","PowerPotion","HandDrill","DollysMirror","HellFireSword"],"campfire_rested":1,"item_purchase_floors":[30,30,30,30,41],"current_hp_per_floor":[68,68,68,68,68,66,66,66,66,50,50,40,64,49,49,33,65,63,63,63,56,33,37,37,41,41,41,41,28,28,22,44,22,62,52,54,54,54,54,3,18,18,18,18,0,0],"gold":69,"neow_bonus":"THREE_ENEMY_KILL","is_daily":false,"chose_seed":false,"campfire_upgraded":3,"win_rate":0.0,"timestamp":1609690759,"path_taken":["M","?","M","?","?","E","M","E","T","M","COS","M","?","M","R","BOSS","M","?","?","?","M","E","?","M","T","?","R","M","$","E","R","BOSS","M","M","?","?","?","E","?","R","T","M","E"],"items_purchased_type":["Relic","Potion","Relic","Relic","Card"],"build_version":"2020-12-22","purchased_purges":3,"victory":false,"max_hp_per_floor":[75,75,75,75,75,75,75,75,75,75,75,75,75,75,75,75,75,75,75,69,69,69,71,71,73,73,73,73,75,75,75,75,75,75,77,77,77,77,77,79,79,79,79,79,79,79],"card_choices":[{"not_picked":["CherryBlossomFlashing","SwordOfBindingDesires"],"picked":"SwordExtraction","floor":1},{"not_picked":["ThoughtCuttingSword","SpiderLilyBurial"],"picked":"AsTheSilentNirvana","floor":3},{"not_picked":["PhosphoricSlash","HumanKnowledgeSword"],"picked":"SwordOfBindingDesires","floor":5},{"not_picked":["LowerRealmReflectionSlash","CrescentMoonSlash","HeavenGodSword"],"picked":"SKIP","floor":6},{"not_picked":["SpiritCuttingSword","FantasyOfEnteringEnlightenment","SwordExtraction"],"picked":"SKIP","floor":7},{"not_picked":["SuddenPhantomFormationSlashOfKarmicWind","CrescentMoonSlash","HumanKnowledgeSword"],"picked":"SKIP","floor":8},{"not_picked":["TransmigrationSlash","BizarrenessOfSixRealms"],"picked":"LifeCuttingSword","floor":10},{"not_picked":["LifeCuttingSword","SwordExtraction"],"picked":"CrescentMoonSlash","floor":12},{"not_picked":["DispleasureOfTheSevenHakus","ObsessionWithThePresentWorld"],"picked":"SwordOfBindingDesires","floor":14},{"not_picked":["SlashOfTheEternalFuture","VoidnessSword"],"picked":"HellRealmSword","floor":16},{"not_picked":["SlashClearingTheSixSenses","ThreeKonsSevenHakus","FlashingScatteredFlowers+1"],"picked":"SKIP","floor":18},{"not_picked":["CrescentMoonSlash","FlashingScatteredFlowers"],"picked":"DispleasureOfTheSevenHakus","floor":21},{"not_picked":["TwoHundredYojanaInOneSlash","DoubleWheelOfPain"],"picked":"HesitationCuttingSword","floor":22},{"not_picked":["SwordExtraction","TwoHundredYojanaInOneSlash","TransmigrationSlash"],"picked":"Singing Bowl","floor":23},{"not_picked":["SwordExtraction","FlashingScatteredFlowers","TransmigrationSlash"],"picked":"Singing Bowl","floor":25},{"not_picked":["RapidSlash","LifeCuttingSword","DispleasureOfTheSevenHakus"],"picked":"Singing Bowl","floor":29},{"not_picked":["HesitationCuttingSword","DoubleWheelOfPain"],"picked":"FiveSignsOfTheDyingDeva","floor":31},{"not_picked":["ASingleThoughtAndInfiniteKalpas","AsuraSword"],"picked":"SuddenDivineSeveringOfKarmicWind","floor":33},{"not_picked":["BizarrenessOfSixRealms","CrescentMoonSlash+1","FantasyOfEnteringEnlightenment+1"],"picked":"Singing Bowl","floor":35},{"not_picked":["CrescentMoonSlash","HeavenlyHaloSlash+1"],"picked":"FlashingScatteredFlowers+1","floor":36},{"not_picked":["DispleasureOfTheSevenHakus+1","SlashOfMeditation+1","SpiritCuttingSword+1"],"picked":"Singing Bowl","floor":40},{"not_picked":["ThreeKonsSevenHakus+1","HumanKnowledgeSword+1"],"picked":"HellFireSword+1","floor":44}],"player_experience":108412,"relics_obtained":[{"floor":6,"key":"PreservedInsect"},{"floor":8,"key":"Centennial Puzzle"},{"floor":23,"key":"Mummified Hand"},{"floor":24,"key":"Vajra"},{"floor":26,"key":"Anchor"},{"floor":31,"key":"Boot"},{"floor":33,"key":"Gensokyo:MosesMiracle"},{"floor":40,"key":"MealTicket"},{"floor":43,"key":"Frozen Egg 2"}],"event_choices":[],"is_beta":false,"boss_relics":[{"not_picked":["Fusion Hammer","Ectoplasm"],"picked":"Cursed Key"},{"not_picked":["Snecko Eye","Runic Dome"],"picked":"Astrolabe"}],"items_purged_floors":[2,30,41],"is_endless":false,"potions_floor_spawned":[1,6,7,8,16,18,23,31,40],"killed_by":"Gensokyo:Kasen","ascension_level":8}}