{"host":"newqdrzxfhh2im9e","time":1609660062,"event":{"mods":["AchievementEnabler","BaseMod","BetterRewards","Block Reminder","Colored Map","Jorbs\u0027s Wanderer Trilogy","Minty Spire (QoL Compilation)","Rare Cards Sparkle","Shop Mod","StSLib"],"gold_per_floor":[113,127,138,138,138,165,165,177,204,204,204,232,246,260,260,359,359,370,49,66,66,76,76,93,111,183,183,183],"floor_reached":27,"playtime":952,"items_purged":[],"score":271,"play_id":"de67ca9f-f8e7-46d6-98ff-a9a2d1fbec8f","local_time":"20210102234742","is_ascension_mode":true,"campfire_choices":[{"data":"Gash","floor":7,"key":"SMITH"},{"data":"FTL","floor":11,"key":"SMITH"},{"floor":15,"key":"REST"},{"data":"All For One","floor":23,"key":"SMITH"}],"circlet_count":0,"master_deck":["Strike_B","Strike_B","Strike_B","Strike_B","Defend_B","Defend_B","Defend_B","Defend_B","Zap","Dualcast","FTL+1","Gash+1","Melter","Compile Driver","Sunder","All For One+1","Heatsinks","Core Surge","Beam Cell","Storm","Gash","Self Repair","Fusion","Stack+1","Go for the Eyes+1"],"relics":["Cracked Core","NeowsBlessing","Meat on the Bone","Art of War","Anchor","Regal Pillow","Symbiotic Virus","Frozen Egg 2"],"acts_visited":["Exordium","TheCity"],"potions_floor_usage":[12,12,12,18,22,22,27],"damage_taken":[{"damage":0,"enemies":"Small Slimes","floor":1,"turns":1},{"damage":0,"enemies":"2 Louse","floor":2,"turns":1},{"damage":0,"enemies":"Jaw Worm","floor":3,"turns":1},{"damage":0,"enemies":"Large Slime","floor":8,"turns":4},{"damage":25,"enemies":"3 Sentries","floor":12,"turns":5},{"damage":0,"enemies":"Lots of Slimes","floor":13,"turns":3},{"damage":0,"enemies":"2 Fungi Beasts","floor":14,"turns":2},{"damage":71,"enemies":"Hexaghost","floor":16,"turns":9},{"damage":25,"enemies":"2 Thieves","floor":18,"turns":4},{"damage":2,"enemies":"Chosen","floor":20,"turns":4},{"damage":0,"enemies":"Shelled Parasite and Fungi","floor":22,"turns":2},{"damage":18,"enemies":"Snecko","floor":24,"turns":4},{"damage":52,"enemies":"3 Cultists","floor":25,"turns":5},{"damage":22,"enemies":"Book of Stabbing","floor":27,"turns":4}],"seed_played":"3772919094839328373","potions_obtained":[{"floor":2,"key":"Energy Potion"},{"floor":3,"key":"LiquidMemories"},{"floor":10,"key":"Fire Potion"},{"floor":16,"key":"Weak Potion"},{"floor":18,"key":"Weak Potion"},{"floor":20,"key":"SneckoOil"},{"floor":25,"key":"SpeedPotion"}],"is_trial":false,"path_per_floor":["M","M","M","?","?","T","R","M","T","?","R","E","M","M","R","B",null,"M","$","M","?","M","R","M","M","T","E"],"character_chosen":"DEFECT","items_purchased":["Symbiotic Virus","Storm"],"campfire_rested":1,"item_purchase_floors":[19,19],"current_hp_per_floor":[75,75,75,75,68,68,68,68,68,68,68,43,43,43,75,16,60,47,47,45,45,52,52,53,20,20,0,0],"gold":183,"neow_bonus":"THREE_ENEMY_KILL","is_daily":false,"chose_seed":false,"campfire_upgraded":3,"win_rate":0.0,"timestamp":1609660062,"path_taken":["M","M","M","?","?","?","R","M","T","?","R","E","M","M","R","BOSS","M","$","?","?","M","R","M","M","T","E"],"items_purchased_type":["Relic","Card"],"build_version":"2020-12-22","purchased_purges":0,"victory":false,"max_hp_per_floor":[75,75,75,75,75,75,75,75,75,75,75,75,75,75,75,75,75,75,75,75,75,75,75,75,75,75,75,75],"card_choices":[{"not_picked":["Go for the Eyes","Gash"],"picked":"FTL","floor":1},{"not_picked":["Streamline","Stack"],"picked":"Gash","floor":2},{"not_picked":["Streamline","Defragment"],"picked":"Melter","floor":3},{"not_picked":["Stack","Leap"],"picked":"Compile Driver","floor":8},{"not_picked":["Streamline","Barrage"],"picked":"Sunder","floor":12},{"not_picked":["Storm","BootSequence"],"picked":"All For One","floor":13},{"not_picked":["Undo","Compile Driver"],"picked":"Heatsinks","floor":14},{"not_picked":["Meteor Strike","Seek"],"picked":"Core Surge","floor":16},{"not_picked":["Compile Driver","Turbo"],"picked":"Beam Cell","floor":18},{"not_picked":["Skim","Storm+1"],"picked":"Gash","floor":20},{"not_picked":["Compile Driver","Turbo"],"picked":"Fusion","floor":22},{"not_picked":["Redo","Recycle"],"picked":"Stack+1","floor":24},{"not_picked":["Fusion","Barrage"],"picked":"Go for the Eyes+1","floor":25}],"player_experience":676081,"relics_obtained":[{"floor":6,"key":"Art of War"},{"floor":9,"key":"Anchor"},{"floor":12,"key":"Regal Pillow"},{"floor":26,"key":"Frozen Egg 2"}],"event_choices":[{"damage_healed":0,"gold_gain":0,"player_choice":"Leave","damage_taken":0,"max_hp_gain":0,"max_hp_loss":0,"event_name":"The Cleric","floor":4,"gold_loss":0},{"damage_healed":0,"gold_gain":0,"player_choice":"Success","damage_taken":7,"relics_obtained":["Meat on the Bone"],"max_hp_gain":0,"max_hp_loss":0,"event_name":"Scrap Ooze","floor":5,"gold_loss":0},{"damage_healed":0,"gold_gain":0,"player_choice":"Got Potions","damage_taken":0,"max_hp_gain":0,"max_hp_loss":0,"event_name":"Lab","floor":10,"gold_loss":0},{"damage_healed":0,"gold_gain":0,"player_choice":"Read","damage_taken":0,"max_hp_gain":0,"max_hp_loss":0,"event_name":"The Library","floor":21,"gold_loss":0,"cards_obtained":["Self Repair"]}],"is_beta":false,"boss_relics":[{"not_picked":["Coffee Dripper","FrozenCore","Fusion Hammer"]}],"items_purged_floors":[],"is_endless":false,"potions_floor_spawned":[2,3,13,16,18,20,25],"killed_by":"Book of Stabbing","ascension_level":5}}