{"host":"ephzq12rl18r5ewu","time":1609665669,"event":{"mods":["BaseMod","Minty Spire (QoL Compilation)"],"gold_per_floor":[114,129,144,40,55,55,85,127,127,127,402,417,432,447,447,547,547,562,12,27,42,42,42],"floor_reached":22,"playtime":2370,"items_purged":[],"score":265,"play_id":"d6690ed2-d786-4710-b44f-c84a37725dfa","local_time":"20210103012109","daily_mods":["Allstar","Hoarder","Terminal"],"is_ascension_mode":false,"campfire_choices":[{"data":"Armaments","floor":6.0,"key":"SMITH"},{"data":"Armaments","floor":10.0,"key":"SMITH"},{"data":"Armaments","floor":15.0,"key":"SMITH"}],"circlet_count":0,"master_deck":["Strike_R","Strike_R","Strike_R","Strike_R","Strike_R","Defend_R","Defend_R","Defend_R","Defend_R","Bash","Thinking Ahead","Thinking Ahead","Thinking Ahead","The Bomb","The Bomb","The Bomb","PanicButton","PanicButton","PanicButton","Secret Weapon","Secret Weapon","Secret Weapon","Good Instincts","Good Instincts","Good Instincts","Hemokinesis","Hemokinesis","Hemokinesis","Armaments+1","Armaments+1","Armaments+1","Combust","Combust","Combust","Flame Barrier","Flame Barrier","Flame Barrier","Searing Blow","Searing Blow","Searing Blow","Combust","Combust","Combust","Bloodletting","Bloodletting","Bloodletting","Demon Form","Demon Form","Demon Form","Regret","Regret","Regret","Dropkick","Dropkick","Dropkick","Body Slam","Body Slam","Body Slam","Thunderclap","Thunderclap","Thunderclap","Berserk","Berserk","Berserk","Pummel","Pummel","Pummel","Panache","Panache","Panache","Rupture","Rupture","Rupture","Metallicize","Metallicize","Metallicize","Heavy Blade","Heavy Blade","Heavy Blade"],"relics":["Burning Blood","Thread and Needle","Kunai","Anchor","SacredBark","Pear"],"acts_visited":["Exordium","TheCity"],"potions_floor_usage":[],"damage_taken":[{"damage":0.0,"enemies":"Small Slimes","floor":1.0,"turns":3.0},{"damage":4.0,"enemies":"2 Louse","floor":2.0,"turns":1.0},{"damage":6.0,"enemies":"Cultist","floor":3.0,"turns":2.0},{"damage":20.0,"enemies":"Gremlin Gang","floor":5.0,"turns":4.0},{"damage":8.0,"enemies":"3 Sentries","floor":7.0,"turns":3.0},{"damage":25.0,"enemies":"Lagavulin Event","floor":8.0,"turns":7.0},{"damage":8.0,"enemies":"2 Fungi Beasts","floor":12.0,"turns":4.0},{"damage":11.0,"enemies":"Exordium Wildlife","floor":13.0,"turns":3.0},{"damage":6.0,"enemies":"3 Louse","floor":14.0,"turns":2.0},{"damage":28.0,"enemies":"Hexaghost","floor":16.0,"turns":7.0},{"damage":8.0,"enemies":"3 Byrds","floor":18.0,"turns":4.0},{"damage":14.0,"enemies":"Spheric Guardian","floor":20.0,"turns":3.0},{"damage":25.0,"enemies":"Shelled Parasite and Fungi","floor":21.0,"turns":6.0},{"damage":53,"enemies":"3 Cultists","floor":22,"turns":3}],"seed_played":"4251252283042701915","potions_obtained":[{"floor":1.0,"key":"GamblersBrew"},{"floor":5.0,"key":"Explosive Potion"},{"floor":12.0,"key":"Strength Potion"},{"floor":13.0,"key":"AttackPotion"},{"floor":14.0,"key":"ElixirPotion"}],"is_trial":false,"path_per_floor":["M","M","M","$","M","R","E","?","T","R","?","M","M","M","R","B",null,"M","$","M","M","M"],"character_chosen":"IRONCLAD","items_purchased":["Flame Barrier","Searing Blow","Pear","Panache","Rupture","Swift Potion"],"campfire_rested":0,"item_purchase_floors":[4,4,19,19,19,19],"current_hp_per_floor":[78,77,76,75,61,61,59,40,40,40,40,38,33,33,33,11,62,60,70,62,43,0,0],"gold":42,"neow_bonus":"","is_daily":true,"chose_seed":false,"campfire_upgraded":3,"win_rate":0.0,"timestamp":1609665669,"path_taken":["M","M","M","$","M","R","E","?","T","R","?","M","M","M","R","BOSS","M","?","M","M","?"],"items_purchased_type":["Card","Card","Relic","Card","Card","Potion"],"build_version":"2020-12-22","purchased_purges":0,"victory":false,"max_hp_per_floor":[78,77,76,75,74,73,72,71,70,69,68,67,66,65,64,63,62,61,70,69,68,68,68],"card_choices":[{"not_picked":["Iron Wave","Twin Strike"],"picked":"Hemokinesis","floor":1.0},{"not_picked":["Perfected Strike","Anger"],"picked":"Armaments","floor":2.0},{"not_picked":["Flex","Burning Pact"],"picked":"Combust","floor":3.0},{"not_picked":["Perfected Strike","Warcry"],"picked":"Combust","floor":5.0},{"not_picked":["Wild Strike","Cleave"],"picked":"Bloodletting","floor":7.0},{"not_picked":["Twin Strike","Pommel Strike"],"picked":"Demon Form","floor":8.0},{"not_picked":["Entrench","Armaments"],"picked":"Dropkick","floor":12.0},{"not_picked":["Intimidate","Sword Boomerang"],"picked":"Body Slam","floor":13.0},{"not_picked":["Havoc","Heavy Blade"],"picked":"Thunderclap","floor":14.0},{"not_picked":["Brutality","Exhume"],"picked":"Berserk","floor":16.0},{"not_picked":["Wild Strike","True Grit"],"picked":"Pummel","floor":18.0},{"not_picked":["True Grit","Pommel Strike"],"picked":"Metallicize","floor":20.0},{"not_picked":["Berserk","Iron Wave"],"picked":"Heavy Blade","floor":21}],"player_experience":1194207,"relics_obtained":[{"floor":7.0,"key":"Thread and Needle"},{"floor":8.0,"key":"Kunai"},{"floor":9.0,"key":"Anchor"}],"event_choices":[{"damage_healed":0.0,"max_hp_gain":0.0,"max_hp_loss":0.0,"gold_gain":30.0,"event_name":"Dead Adventurer","player_choice":"Searched \u00272\u0027 times","floor":8.0,"gold_loss":0.0,"damage_taken":0.0},{"damage_healed":0.0,"max_hp_gain":0.0,"max_hp_loss":0.0,"gold_gain":275.0,"event_name":"Golden Shrine","player_choice":"Desecrate","floor":11.0,"gold_loss":0.0,"damage_taken":0.0,"cards_obtained":["Regret"]}],"is_beta":false,"boss_relics":[{"not_picked":["Busted Crown","Fusion Hammer"],"picked":"SacredBark"}],"items_purged_floors":[],"is_endless":false,"potions_floor_spawned":[1,5,12,13,14],"killed_by":"3 Cultists","ascension_level":0}}