{"host":"3icp1y0s51ghu4x2","time":1609653979,"event":{"mods":["AchievementEnabler","BaseMod","Bestiary","Card Forge","ChefMod","Colored Map","Hermit","Infinite Spire","Minty Spire (QoL Compilation)","Replay The Spire","Shop Mod","StSLib","Td1madao Mod","The Bug Knight","The Hierophant","The Marked"],"gold_per_floor":[115,115,115,2126,2126,2126,2164,2182,2207,2282,2361,2361,2404,2420,2420,2549,2549,2563,2563,2033,2056,2056,2092,2092,2092,2117,2117,2217,2217,2230,2246,2246,2372,2372,2393,2393,2417,2417,1510,1510,1530,1566,1566,1566,1584,1584,1598,1598,1598,1823,1823,1955,2094,2115,2115,2115,2115,2269,2446,2446,2036,2177,2241,2402,2567,2567,2837,2837,3031,3246,3466,3014,3014,3014,3250,3479,3506,3506,3466,3719,3719,3629,3679,3940,3940,3944,3944],"floor_reached":86,"playtime":11833,"items_purged":["Madness"],"score":1928,"play_id":"a76a4645-3fa2-4280-985b-79d64f8159a4","local_time":"20210102220619","is_ascension_mode":false,"campfire_choices":[{"floor":6.0,"key":"REST"},{"floor":15.0,"key":"DIG"},{"floor":32.0,"key":"DIG"},{"floor":44.0,"key":"DIG"},{"floor":74.0,"key":"DIG"}],"circlet_count":0,"master_deck":["Strike_R+1","Strike_R+1","Strike_R+1","Strike_R+1","Bash+1","Perfected Strike+1","Perfected Strike+1","Perfected Strike+1","Perfected Strike+1","Perfected Strike+1","Perfected Strike+1","Perfected Strike+1","Barricade+1","Dropkick+1","Dual Wield+1","Heavy Blade+1","Ghostly Armor+1","Impervious+1","Infernal Blade+1","ReplayTheSpireMod:Limb From Limb+1","Metallicize+1","infinitespire:OneForAll+1","ReplayReversal+1","Searing Blow+12","Shrug It Off+1","Whirlwind+1","Barricade+1","Bash+1","Body Slam+1","Combust+1","Demon Form+1","Demonic Infusion+1","Dropkick+1","Disarm+1","Dual Wield+1","Entrench+1","Feel No Pain+1","Flex+1","Ghostly Armor+1","Headbutt+1","Impervious+1","Infernal Blade+1","Iron Wave+1","Juggernaut+1","ReplayTheSpireMod:Limb From Limb+1","Limit Break+1","Massacre+1","Metallicize+1","ReplayTheSpireMod:Stacked+1","infinitespire:OneForAll+1","ReplayReversal+1","Searing Blow+11","Second Wind+1","Shrug It Off+1","Whirlwind+1","Twin Strike+1","Seeing Red+1","Bandage Up+1","Replay:Dark Deal+1","Flame Barrier+1","Body Slam+1","Seeing Red+1","Perfected Strike+1","Feel No Pain+1","Rage+1","Berserk+1","Combust+1","Shrug It Off+1","Perfected Strike+1","Dark Embrace+1","ReplayTheSpireMod:Limb From Limb+1","ReplayUltimateDefense+1","The Bomb+1","Violence+1","Bloodletting+1","Violence+1","Bandage Up+1","Berserk+1","Injury","Eruption+1","Limit Break+1","infinitespire:Oblivion+1","Enlightenment+1","ReplayReversal+1","Offering+1","Flex+1","Massacre+1","Demon Form","Demonic Infusion","infinitespire:FutureSight"],"relics":["Ring of the Snake","Hammer of Thor","Seething Fire","Anvil of the Gods","Lizard Tail","HandDrill","Gremlin Food","Matryoshka","MerchantsRug","Golden Idol","ReplayTheSpireMod:Lightbulb","Vajra","Happy Flower","Quantum Egg","Paper Frog","Dream Catcher","Onion Ring","Replay:Bottled Flurry","Philosopher\u0027s Stone","Self Forming Clay","Nilry\u0027s Codex","Replay:Multitool","King of Hearts","SlaversCollar","HollowMod:StagPassRelic","Replay:Mystery Machine","Fusion Hammer","Another Sword","ReplayTheSpireMod:Ninjato","ReplayTheSpireMod:ShopPack","War Paint","Garlic","Eternal Feather","infinitespire:EvilPickle","ReplayTheSpireMod:SealedPack","Odd Mushroom","infinitespire:Cubic Diamond","Orichalcum","infinitespire:Broken Mirror","Shuriken","Strange Spoon","InkBottle","Replay:Ancient Bell","infinitespire:PuzzleCube","Replay:Accelerometer","infinitespire:Joker Card","Replay:Bandana","infinitespire:Beetle Shell","Toolbox","infinitespire:Midas Blood","Anchor","Juzu Bracelet","Nloth\u0027s Gift","NlothsMask","Sozu"],"acts_visited":["Exordium","TheCity","TheBeyond","Exordium","TheCity","TheBeyond"],"potions_floor_usage":[],"damage_taken":[{"damage":0.0,"enemies":"Small Slimes","floor":1.0,"turns":2.0},{"damage":0.0,"enemies":"Lagavulin","floor":7.0,"turns":1.0},{"damage":0.0,"enemies":"Jaw Worm","floor":8.0,"turns":1.0},{"damage":9.0,"enemies":"Replay:BlueRogue","floor":13.0,"turns":2.0},{"damage":0.0,"enemies":"Cultist","floor":14.0,"turns":1.0},{"damage":0.0,"enemies":"Slime Boss","floor":16.0,"turns":2.0},{"damage":0.0,"enemies":"Chosen","floor":18.0,"turns":1.0},{"damage":0.0,"enemies":"3 Cultists","floor":21.0,"turns":1.0},{"damage":23.0,"enemies":"HollowMod:Nosk","floor":23.0,"turns":3.0},{"damage":22.0,"enemies":"Centurion and Healer","floor":27.0,"turns":2.0},{"damage":9.0,"enemies":"Snake Plant","floor":30.0,"turns":2.0},{"damage":13.0,"enemies":"Cultist and Chosen","floor":31.0,"turns":3.0},{"damage":12.0,"enemies":"Pondfish","floor":33.0,"turns":4.0},{"damage":7.0,"enemies":"Orb Walker","floor":35.0,"turns":2.0},{"damage":23.0,"enemies":"3 Darklings","floor":37.0,"turns":3.0},{"damage":1.0,"enemies":"Transient","floor":41.0,"turns":2.0},{"damage":31.0,"enemies":"Nightmare","floor":42.0,"turns":4.0},{"damage":6.0,"enemies":"Maw","floor":45.0,"turns":6.0},{"damage":14.0,"enemies":"Spire Growth","floor":47.0,"turns":2.0},{"damage":15.0,"enemies":"Donu and Deca","floor":50.0,"turns":2.0},{"damage":0.0,"enemies":"Jaw Worm","floor":52.0,"turns":2.0},{"damage":0.0,"enemies":"Cultist","floor":53.0,"turns":1.0},{"damage":0.0,"enemies":"The Mushroom Lair","floor":54.0,"turns":1.0},{"damage":0.0,"enemies":"Small Slimes","floor":58.0,"turns":1.0},{"damage":0.0,"enemies":"Replay:BlueRogue","floor":59.0,"turns":1.0},{"damage":3.0,"enemies":"Exordium Wildlife","floor":62.0,"turns":1.0},{"damage":0.0,"enemies":"Lagavulin Event","floor":63.0,"turns":1.0},{"damage":0.0,"enemies":"2 Fungi Beasts","floor":64.0,"turns":1.0},{"damage":0.0,"enemies":"Large Slime","floor":65.0,"turns":1.0},{"damage":0.0,"enemies":"Hexaghost","floor":67.0,"turns":2.0},{"damage":0.0,"enemies":"2 Thieves","floor":69.0,"turns":1.0},{"damage":0.0,"enemies":"Spheric Guardian","floor":70.0,"turns":1.0},{"damage":0.0,"enemies":"Snecko","floor":71.0,"turns":1.0},{"damage":0.0,"enemies":"Gremlin Leader","floor":75.0,"turns":1.0},{"damage":0.0,"enemies":"Centurion and Healer","floor":76.0,"turns":1.0},{"damage":0.0,"enemies":"Chosen and Byrds","floor":80.0,"turns":1.0},{"damage":0.0,"enemies":"Collector","floor":84.0,"turns":1.0},{"damage":1998,"enemies":"Orb Walker","floor":86,"turns":1}],"seed_played":"2022968051127525063","potions_obtained":[{"floor":7.0,"key":"Languid Potion"},{"floor":8.0,"key":"LiquidBronze"},{"floor":23.0,"key":"BlessingOfTheForge"},{"floor":38.0,"key":"Ancient Potion"},{"floor":38.0,"key":"Fruit Juice"},{"floor":62.0,"key":"CultistPotion"},{"floor":69.0,"key":"Toxic Potion"},{"floor":70.0,"key":"BlessingOfTheForge"}],"is_trial":false,"path_per_floor":["M","?","?","$","?","R","E","M","T","?","T","?","E","M","R_BF","B",null,"M","?","$","M","?","E","?","R","T","M","?","AVR","M","M","R","B",null,"M","?","M","?","$","R","M","NM","T","R","M","?","M","?","R","B",null,"M","M","?","?","?","R","M","E","T","$","M","?","M","M","R","B",null,"M","M","M","$","?","R","E","M","T","?","?","M","R","?","R","B",null,"M"],"character_chosen":"IRONCLAD","items_purchased":["HandDrill","Gremlin Food","Matryoshka","Bandage Up","Replay:Dark Deal","MerchantsRug","Self Forming Clay","Guide Book","BloodPotion","Feel No Pain","Another Sword","ReplayTheSpireMod:Ninjato","Dark Embrace","ReplayTheSpireMod:Limb From Limb","ReplayTheSpireMod:ShopPack","Shuriken","Strange Spoon","Replay:Bandana","infinitespire:Beetle Shell","Toolbox"],"campfire_rested":1,"item_purchase_floors":[4,4,4,4,4,4,20,20,20,20,39,39,39,39,39,61,61,72,72,72],"current_hp_per_floor":[72,72,72,72,454,472,476,476,476,465,465,465,462,468,468,474,476,476,476,476,476,460,443,443,443,443,427,427,427,424,417,417,411,476,475,415,404,404,404,404,409,390,390,390,396,396,388,378,426,421,476,476,476,476,481,481,481,481,481,481,481,483,483,483,483,486,486,486,486,486,486,486,486,486,486,486,486,486,486,486,486,486,486,486,486,0,0],"gold":3944,"neow_bonus":"ONE_RARE_RELIC","is_daily":false,"chose_seed":false,"campfire_upgraded":0,"win_rate":0.0,"timestamp":1609653979,"path_taken":["M","?","?","?","?","R","E","?","T","?","?","?","E","M","R_BF","BOSS","M","?","$","M","?","E","?","R","T","M","?","AVR","M","M","R","BOSS","M","?","M","?","$","R","M","NM","T","R","?","?","M","?","R","BOSS","M","M","?","?","?","R","M","E","T","$","M","?","?","M","R","BOSS","M","M","M","$","?","R","E","M","T","?","?","M","R","?","R","BOSS","BOSS","M"],"items_purchased_type":["Relic","Relic","Relic","Card","Card","Relic","Relic","Relic","Potion","Card","Relic","Relic","Card","Card","Relic","Relic","Relic","Relic","Relic","Relic"],"build_version":"2020-12-22","purchased_purges":1,"victory":false,"max_hp_per_floor":[72,72,72,72,472,472,476,476,476,476,476,476,476,476,476,476,476,476,476,476,476,476,476,476,476,476,476,476,476,476,476,476,476,476,476,476,476,476,476,476,476,476,476,476,476,476,476,476,476,476,476,476,476,476,481,481,481,481,481,481,481,486,486,486,486,486,486,486,486,486,486,486,486,486,486,486,486,486,486,486,486,486,486,486,486,486,486],"card_choices":[{"not_picked":["Clothesline","Dropkick"],"picked":"Metallicize","floor":1.0},{"not_picked":["ReplayTheSpireMod:Muscle Training","Sword Boomerang"],"picked":"Flame Barrier","floor":7.0},{"not_picked":["Pommel Strike","Cleave"],"picked":"Body Slam","floor":8.0},{"not_picked":["Clash","Rampage"],"picked":"Heavy Blade","floor":13.0},{"not_picked":["Hemokinesis","Run Through"],"picked":"Seeing Red","floor":14.0},{"not_picked":["Demonic Infusion","Replay:Many Hands"],"picked":"Corruption","floor":16.0},{"not_picked":["Shrug It Off+1","Carnage"],"picked":"Perfected Strike+1","floor":18.0},{"not_picked":["Headbutt","Run Through"],"picked":"Defy Death","floor":21.0},{"not_picked":["ReplayTheSpireMod:Muscle Training","True Grit"],"picked":"Rampage+1","floor":23.0},{"not_picked":["Reckless Charge","ReplayTheSpireMod:Corrosion Curse+1"],"picked":"Heavy Blade","floor":27.0},{"not_picked":["Battle Trance+1","Sever Soul"],"picked":"Combust","floor":30.0},{"not_picked":["ReplayTheSpireMod:Muscle Training","Disarm"],"picked":"Shrug It Off","floor":31.0},{"not_picked":["Offering","Eclipse"],"picked":"Feed","floor":33.0},{"not_picked":["Inflame","Flex"],"picked":"Perfected Strike+1","floor":35.0},{"not_picked":["Pummel+1","ReplayTheSpireMod:Stacked"],"picked":"Heavy Blade+1","floor":37.0},{"not_picked":["Impatience","Bandage Up"],"picked":"ReplayUltimateDefense","floor":39.0},{"not_picked":["Replay:Sssssssssstrike","Apotheosis"],"picked":"The Bomb","floor":39.0},{"not_picked":["Secret Technique","Apotheosis"],"picked":"Violence","floor":39.0},{"not_picked":["Armaments","Intimidate"],"picked":"Headbutt","floor":41.0},{"not_picked":["Iron Wave","Blood for Blood+1"],"picked":"Run Through+1","floor":42.0},{"not_picked":["ReplayTheSpireMod:Strike From Hell+1","Ghostly Armor"],"picked":"Bloodletting+1","floor":45.0},{"not_picked":["Whirlwind","Bludgeon"],"picked":"ReplayTheSpireMod:LeadingStrike+1","floor":47.0},{"not_picked":["Forethought","Dark Shackles"],"picked":"Violence","floor":48.0},{"not_picked":["ReplayTheSpireMod:Uncanny Aura","Discovery"],"picked":"Bandage Up","floor":48.0},{"not_picked":["PanicButton","Thinking Ahead"],"picked":"Finesse","floor":48.0},{"not_picked":["Brutality","Double Tap"],"picked":"Berserk","floor":50.0},{"not_picked":["Strike_C","chefmod:TodaysSpecial"],"picked":"Eruption","floor":51.0},{"not_picked":["Double Tap","Bludgeon"],"picked":"Limit Break","floor":51.0},{"not_picked":["Replay:Fractal Strike","infinitespire:SealOfDarkness+"],"picked":"infinitespire:Oblivion","floor":51.0},{"not_picked":["Good Instincts","Dramatic Entrance"],"picked":"Enlightenment","floor":51.0},{"not_picked":["Abandon","Headbutt"],"picked":"ReplayReversal","floor":52.0},{"not_picked":["Anger","Thunderclap"],"picked":"Offering","floor":53.0},{"not_picked":["Hemokinesis","Sword Boomerang"],"picked":"Body Slam","floor":54.0},{"not_picked":["Searing Blow","ReplayTheSpireMod:Stacked"],"picked":"Flex","floor":58.0},{"not_picked":["ReplayTheSpireMod:Strike From Hell","Clothesline"],"picked":"Warcry","floor":59.0},{"not_picked":["Body Slam","ReplayTheSpireMod:Limb From Limb"],"picked":"Spot Weakness","floor":62.0},{"not_picked":["Clash","Bludgeon"],"picked":"Thunderclap","floor":63.0},{"not_picked":["Intimidate","Pommel Strike"],"picked":"Armaments","floor":64.0},{"not_picked":["Thunderclap","Run Through"],"picked":"Flex","floor":65.0},{"not_picked":["Double Tap","Replay:Many Hands"],"picked":"Barricade","floor":67.0},{"not_picked":["Clumsy","Looming Evil"],"picked":"ReplayTheSpireMod:IOU","floor":68.0},{"not_picked":["AbeCurse","Replay:Hysterical Blindness"],"picked":"Clumsy","floor":68.0},{"not_picked":["ReplayTheSpireMod:Doomed","Spreading Infection"],"picked":"ReplayTheSpireMod:Restless Dread","floor":68.0},{"not_picked":["Second Wind+1","Shrug It Off"],"picked":"Replay:Undeath\u0027s Touch","floor":69.0},{"not_picked":["Intimidate","True Grit"],"picked":"Perfected Strike","floor":70.0},{"not_picked":["Pommel Strike","Dual Wield"],"picked":"Body Slam","floor":71.0},{"not_picked":["Replay:Many Hands","Cleave"],"picked":"Combust","floor":75.0},{"not_picked":["Flex","Headbutt"],"picked":"Massacre+1","floor":76.0},{"not_picked":["Dropkick","Pommel Strike+1"],"picked":"Demon Form","floor":80.0},{"not_picked":["Hemogenesis","Bludgeon"],"picked":"Demonic Infusion","floor":84},{"not_picked":["infinitespire:Menacing","infinitespire:Gouge"],"picked":"infinitespire:FutureSight","floor":85}],"player_experience":11659,"relics_obtained":[{"floor":7.0,"key":"ReplayTheSpireMod:Lightbulb"},{"floor":9.0,"key":"Vajra"},{"floor":9.0,"key":"Happy Flower"},{"floor":11.0,"key":"Quantum Egg"},{"floor":11.0,"key":"Paper Frog"},{"floor":12.0,"key":"Dream Catcher"},{"floor":13.0,"key":"Onion Ring"},{"floor":15.0,"key":"Replay:Bottled Flurry"},{"floor":22.0,"key":"Nilry\u0027s Codex"},{"floor":23.0,"key":"Replay:Multitool"},{"floor":26.0,"key":"King of Hearts"},{"floor":32.0,"key":"Replay:Mystery Machine"},{"floor":42.0,"key":"War Paint"},{"floor":43.0,"key":"Garlic"},{"floor":44.0,"key":"Eternal Feather"},{"floor":54.0,"key":"Odd Mushroom"},{"floor":59.0,"key":"Orichalcum"},{"floor":60.0,"key":"infinitespire:Broken Mirror"},{"floor":74.0,"key":"infinitespire:Midas Blood"},{"floor":75.0,"key":"Anchor"},{"floor":77.0,"key":"Juzu Bracelet"}],"event_choices":[{"damage_healed":0.0,"max_hp_gain":0.0,"max_hp_loss":0.0,"gold_gain":0.0,"event_name":"Liars Game","player_choice":"Ignored","floor":3.0,"gold_loss":0.0,"damage_taken":0.0},{"damage_healed":0.0,"max_hp_gain":0.0,"max_hp_loss":0.0,"gold_gain":0.0,"event_name":"Golden Idol","player_choice":"Take Damage","floor":5.0,"gold_loss":0.0,"damage_taken":18.0,"relics_obtained":["Golden Idol"]},{"damage_healed":0.0,"max_hp_gain":0.0,"max_hp_loss":0.0,"gold_gain":75.0,"event_name":"World of Goop","player_choice":"Gather Gold","floor":10.0,"gold_loss":0.0,"damage_taken":11.0},{"damage_healed":0.0,"max_hp_gain":0.0,"max_hp_loss":0.0,"gold_gain":0.0,"event_name":"Vampires","player_choice":"Ignored","floor":19.0,"gold_loss":0.0,"damage_taken":0.0},{"damage_healed":0.0,"max_hp_gain":0.0,"max_hp_loss":0.0,"gold_gain":0.0,"event_name":"Cursed Tome","player_choice":"Obtained Book","floor":22.0,"gold_loss":0.0,"damage_taken":16.0},{"damage_healed":0.0,"max_hp_gain":0.0,"max_hp_loss":0.0,"gold_gain":0.0,"event_name":"The Library","player_choice":"Read","floor":24.0,"gold_loss":0.0,"damage_taken":0.0,"cards_obtained":["Rage"]},{"damage_healed":0.0,"max_hp_gain":0.0,"max_hp_loss":0.0,"gold_gain":100.0,"event_name":"Golden Shrine","player_choice":"Pray","floor":28.0,"gold_loss":0.0,"damage_taken":0.0},{"damage_healed":0.0,"max_hp_gain":0.0,"max_hp_loss":0.0,"gold_gain":0.0,"event_name":"Winding Halls","player_choice":"Embrace Madness","floor":36.0,"gold_loss":0.0,"damage_taken":60.0,"cards_obtained":["Madness","Madness"]},{"damage_healed":0.0,"max_hp_gain":0.0,"max_hp_loss":0.0,"gold_gain":0.0,"event_name":"Lab","player_choice":"Got Potions","floor":38.0,"gold_loss":0.0,"damage_taken":0.0},{"cards_removed":["Barricade"],"damage_healed":0.0,"max_hp_gain":0.0,"max_hp_loss":0.0,"gold_gain":0.0,"event_name":"Falling","player_choice":"Removed Power","floor":46.0,"gold_loss":0.0,"damage_taken":0.0},{"damage_healed":0.0,"max_hp_gain":0.0,"max_hp_loss":0.0,"gold_gain":0.0,"event_name":"SensoryStone","player_choice":"Memory 3","floor":48.0,"gold_loss":0.0,"damage_taken":10.0},{"damage_healed":0.0,"max_hp_gain":0.0,"max_hp_loss":0.0,"gold_gain":0.0,"event_name":"Mushrooms","player_choice":"Fought Mushrooms","floor":54.0,"gold_loss":0.0,"damage_taken":0.0},{"damage_healed":0.0,"max_hp_gain":5.0,"max_hp_loss":0.0,"gold_gain":0.0,"event_name":"Big Fish","player_choice":"Donut","floor":55.0,"gold_loss":0.0,"damage_taken":0.0},{"damage_healed":0.0,"max_hp_gain":0.0,"max_hp_loss":0.0,"gold_gain":0.0,"event_name":"Dead Adventurer","player_choice":"Searched \u00273\u0027 times","floor":63.0,"gold_loss":0.0,"damage_taken":0.0,"relics_obtained":["InkBottle"]},{"damage_healed":0.0,"max_hp_gain":0.0,"max_hp_loss":0.0,"gold_gain":0.0,"event_name":"Vampires","player_choice":"Ignored","floor":73.0,"gold_loss":0.0,"damage_taken":0.0},{"damage_healed":0.0,"max_hp_gain":0.0,"max_hp_loss":0.0,"gold_gain":0.0,"event_name":"N\u0027loth","player_choice":"Traded Relic","floor":78.0,"relics_lost":["Guide Book"],"gold_loss":0.0,"damage_taken":0.0,"relics_obtained":["Nloth\u0027s Gift"]},{"damage_healed":0.0,"max_hp_gain":0.0,"max_hp_loss":0.0,"gold_gain":0.0,"event_name":"The Woman in Blue","player_choice":"Bought 3 Potions","floor":79.0,"gold_loss":0.0,"damage_taken":0.0},{"damage_healed":0.0,"max_hp_gain":0.0,"max_hp_loss":0.0,"gold_gain":0.0,"event_name":"FaceTrader","player_choice":"Trade","floor":81.0,"gold_loss":0.0,"damage_taken":0.0,"relics_obtained":["NlothsMask"]},{"cards_removed":["Run Through"],"damage_healed":0.0,"max_hp_gain":0.0,"max_hp_loss":0.0,"gold_gain":0.0,"event_name":"Designer","player_choice":"Upgrade and Remove","floor":82.0,"gold_loss":90.0,"damage_taken":0.0,"cards_upgraded":["Searing Blow"]},{"damage_healed":0.0,"max_hp_gain":0.0,"max_hp_loss":0.0,"gold_gain":100.0,"event_name":"The Joust","player_choice":"Bet on Murderer","floor":83.0,"gold_loss":50.0,"damage_taken":0.0}],"is_beta":false,"boss_relics":[{"not_picked":["Replay:Ancient Bell","Snecko Eye"],"picked":"Philosopher\u0027s Stone"},{"not_picked":["Mark of Pain","Tiny House"],"picked":"Fusion Hammer"},{"not_picked":["Empty Cage","Runic Dome"],"picked":"ReplayTheSpireMod:SealedPack"},{"not_picked":["infinitespire:Cupcake","Kintsugi"],"picked":"Replay:Ancient Bell"},{"not_picked":["Bronze Scales","Replay:Wax Seal"],"picked":"infinitespire:PuzzleCube"},{"not_picked":["Iron Hammer","Mercury Hourglass"],"picked":"Replay:Accelerometer"},{"not_picked":["Replay:Arrowhead","Prayer Wheel"],"picked":"infinitespire:Joker Card"},{"not_picked":["Replay:Bronze Core","SacredBark"],"picked":"Sozu"}],"items_purged_floors":[39],"is_endless":true,"potions_floor_spawned":[7,8,13,21,23,27,31,41,42,53,58,62,65,69,70,80],"killed_by":"Orb Walker","ascension_level":0}}