{"host":"g75gtovmj0ine2rf","time":1609677664,"event":{"mods":["2.2 Compatiblity","AchievementEnabler","Act Like it!","Aspiration","Astrologer","Bard","BaseMod","Better Match","BetterRewards","CapriCore","Challenge The Spire","ChefMod","Colored Map","Conspire","Elementarium","Energized Spire","Friendly Minions","Gensokyo","Halation","Hallownest","Hermit","HexUI Lib","Highlight Path","Hubris","Infinite Spire","Jedi Mod","Lobotomy","Menagerie","Minty Spire (QoL Compilation)","Puzzle Mod","Quick Restart","Rare Cards Sparkle","Relic Stats","Replay The Spire","Robot Space Explorer","Shade Mod","Shop Mod","Spicy Shops","StSLib","SuperFastMode","The Construct","The Cursed","The Dragon Tamer","The Factory","The Jungle","The Marked","The Runesmith","TheBandit","TheFirefly","TheSwordswoman","TheVacant","Transform Curses","Wandering Minibosses","thorton","vexMod"],"gold_per_floor":[115,126,122,122,133,156,156,81,81,96,96,21,36,50,50,143,143,158,158,172,59,0,0],"floor_reached":22,"playtime":1242,"items_purged":["theMarked:Strike"],"score":196,"play_id":"c399413a-61d9-44a5-a5de-fdf18358e1fa","local_time":"20210103234104","is_ascension_mode":false,"campfire_choices":[{"data":"theMarked:Vacuum","floor":7,"key":"SMITH"},{"data":"theMarked:RogueSparks","floor":11,"key":"SMITH"}],"circlet_count":0,"master_deck":["theMarked:Strike","theMarked:Strike","theMarked:Strike","theMarked:Strike","theMarked:Defend","theMarked:Defend","theMarked:Defend","theMarked:Defend","theMarked:SoldierOfQuellstein","infinitespire:Starlight","theMarked:EmpowerWeapon","theMarked:Vacuum+1","Hallownest:skillGreenpathMap","theMarked:RogueSparks+1","theMarked:EternalStudent","theMarked:Seal","Gensokyo:TarnishedGold","Gensokyo:ScrapIron"],"relics":["theMarked:ArtifactOfAir","Hallownest:DreamNailRelic","theMarked:DemonDagger","conspire:DeflatedDodgeball","Ice Cream","energizedSpire:OgreHead","Gensokyo:SongOfSouls"],"acts_visited":["Exordium","Hallownest:Greenpath"],"potions_floor_usage":[6,16,20],"damage_taken":[{"damage":0,"enemies":"Hallownest:2_MossCreeps","floor":1,"turns":8},{"damage":10,"enemies":"Hallownest:2_Baldur","floor":2,"turns":4},{"damage":1,"enemies":"2_ Uuma","floor":3,"turns":7},{"damage":34,"enemies":"Hallownest:2_Tiktiks_1_Baldur_1_Crawlid","floor":5,"turns":7},{"damage":6,"enemies":"Hallownest:eliteCrystalGuardian","floor":6,"turns":6},{"damage":14,"enemies":"Hallownest:eliteMossKnight","floor":10,"turns":8},{"damage":27,"enemies":"Hallownest:1_Ooma_and_2_Uuma","floor":13,"turns":7},{"damage":2,"enemies":"Hallownest:monsterMossCharger","floor":14,"turns":4},{"damage":37,"enemies":"Hallownest:BossHornet","floor":16,"turns":10},{"damage":4,"enemies":"Gensokyo:AngelMirror","floor":18,"turns":4},{"damage":12,"enemies":"Gensokyo:CosmicMonolith","floor":20,"turns":4},{"damage":66,"enemies":"Gensokyo:Wraith","floor":22,"turns":6}],"seed_played":"2273232688964523698","potions_obtained":[{"floor":2,"key":"jedi:StrikingPotion"},{"floor":3,"key":"SteroidPotion"},{"floor":6,"key":"FearPotion"},{"floor":13,"key":"Cursed Concoction"},{"floor":16,"key":"Adrenaline Potion"},{"floor":20,"key":"jedi:StrikingPotion"}],"is_trial":false,"path_per_floor":["M","M","M","?","M","E","R","?","T","E","R","$","M","M","R_BF","B",null,"M","?","M","COS","M"],"character_chosen":"THE_DEFAULT","items_purchased":[],"campfire_rested":0,"item_purchase_floors":[],"current_hp_per_floor":[62,62,61,61,37,41,41,41,41,37,37,37,20,28,28,1,70,66,66,54,54,0,0],"gold":0,"neow_bonus":"RANDOM_EVENT","is_daily":false,"chose_seed":false,"campfire_upgraded":2,"win_rate":0.0,"timestamp":1609677664,"path_taken":["M","?","M","?","?","E","R","?","T","E","R","?","?","M","R_BF","BOSS","M","?","M","COS","M"],"items_purchased_type":[],"build_version":"2020-12-22","purchased_purges":1,"victory":false,"max_hp_per_floor":[70,70,70,70,70,70,70,70,70,70,70,70,70,70,70,70,70,70,70,70,70,70,70],"relic_stats":{"counters":[12,75],"obtain_stats":[{"Ice Cream":10,"theMarked:ArtifactOfAir":0,"theMarked:DemonDagger":6,"Hallownest:DreamNailRelic":4,"energizedSpire:OgreHead":17,"conspire:DeflatedDodgeball":9,"Gensokyo:SongOfSouls":19},{"Ice Cream":6,"theMarked:ArtifactOfAir":0,"theMarked:DemonDagger":5,"Hallownest:DreamNailRelic":3,"energizedSpire:OgreHead":9,"conspire:DeflatedDodgeball":5,"Gensokyo:SongOfSouls":10},{"Ice Cream":40,"theMarked:ArtifactOfAir":0,"theMarked:DemonDagger":32,"Hallownest:DreamNailRelic":19,"energizedSpire:OgreHead":61,"conspire:DeflatedDodgeball":32,"Gensokyo:SongOfSouls":65}]},"card_choices":[{"not_picked":["infinitespire:DeathsTouch","ReplayTheSpireMod:Echoes of Time"],"picked":"infinitespire:Starlight","floor":0},{"not_picked":["theMarked:BanishingStrike","theMarked:ElectricStrings"],"picked":"theMarked:EmpowerWeapon","floor":1},{"not_picked":["theMarked:BanishingStrike","theMarked:EmpowerWeapon","theMarked:Parry"],"picked":"SKIP","floor":2},{"not_picked":["theMarked:Aftermath","theMarked:TunnelVision","theMarked:Indomitable"],"picked":"SKIP","floor":3},{"not_picked":["theMarked:TwofoldDefense","theMarked:MysticalArsenal","theMarked:WardOff"],"picked":"SKIP","floor":5},{"not_picked":["theMarked:AttractMetal","theMarked:PowerFlow"],"picked":"theMarked:Vacuum","floor":6},{"not_picked":["theMarked:Parkour","theMarked:RepellingDischarge"],"picked":"theMarked:RogueSparks","floor":10},{"not_picked":["theMarked:LightningStrikesTwice","theMarked:WastefulAttack","theMarked:Parkour"],"picked":"SKIP","floor":13},{"not_picked":["theMarked:Parry","theMarked:MaelstromOfLightning","theMarked:ElectricStrings"],"picked":"SKIP","floor":14},{"not_picked":["theMarked:UnarmedFury","theMarked:SuspiciousRaven"],"picked":"theMarked:EternalStudent","floor":16},{"not_picked":["theMarked:SwordAndMagic","theMarked:TwofoldDefense"],"picked":"theMarked:Seal","floor":18},{"not_picked":["theMarked:Frustration+1","theMarked:SwordAndMagic+1","theMarked:ElectricStrings"],"picked":"SKIP","floor":20}],"player_experience":1376539,"relics_obtained":[{"floor":6,"key":"theMarked:DemonDagger"},{"floor":9,"key":"conspire:DeflatedDodgeball"},{"floor":10,"key":"Ice Cream"}],"event_choices":[],"is_beta":false,"boss_relics":[{"not_picked":["Ring of Chaos","aspiration:FutureDiary"],"picked":"energizedSpire:OgreHead"}],"items_purged_floors":[12],"is_endless":false,"potions_floor_spawned":[2,3,6,13,16,18,20],"killed_by":"Gensokyo:Wraith","ascension_level":0}}