{"host":"j204k34h42bd6fas","time":1609710050,"event":{"mods":["Aspiration","BaseMod","Colored Map","Colored Powertips","Conspire","Energized Spire","Hubris","Infinite Spire","JesterMod","Mimic Mod","Minty Spire (QoL Compilation)","Rare Cards Sparkle","Relic Stats","Replay The Spire","Say the Spire","StSLib","The Cursed","The Marked"],"gold_per_floor":[119,99,21,34,49,49,77,77,77,96,96,126,142,142,142,142,142],"floor_reached":16,"playtime":408,"items_purged":[],"score":138,"play_id":"054ff8a9-7b91-4a46-80de-5bd72c865a8c","local_time":"20210103164050","is_ascension_mode":true,"campfire_choices":[{"data":"ReplayTheSpireMod:Tripwire","floor":6,"key":"SMITH"},{"data":"Tools of the Trade","floor":8,"key":"SMITH"},{"floor":15,"key":"REST"}],"circlet_count":0,"master_deck":["Strike_G","Strike_G","Strike_G","Strike_G","Strike_G","Defend_G","Defend_G","Defend_G","Defend_G","Defend_G","Survivor","Neutralize","Slice","Footwork","PiercingWail","ReplayTheSpireMod:Tripwire+1","Tools of the Trade+1","Backflip+1","Unload","conspire:PoisonWeapons+1"],"relics":["Ring of the Snake","NeowsBlessing","Nunchaku","Mirror","Replay:Baseball"],"acts_visited":["Exordium"],"potions_floor_usage":[7,16],"damage_taken":[{"damage":0,"enemies":"2 Louse","floor":1,"turns":1},{"damage":0,"enemies":"Cultist","floor":4,"turns":1},{"damage":0,"enemies":"conspire:RoseBush","floor":5,"turns":1},{"damage":16,"enemies":"Lagavulin","floor":7,"turns":7},{"damage":0,"enemies":"2 Fungi Beasts","floor":10,"turns":4},{"damage":22,"enemies":"3 Sentries","floor":12,"turns":13},{"damage":9,"enemies":"Exordium Thugs","floor":13,"turns":5},{"damage":29,"enemies":"The Guardian","floor":16,"turns":5}],"seed_played":"-3834428677282507651","potions_obtained":[{"floor":2,"key":"CultistPotion"},{"floor":5,"key":"Ancient Potion"},{"floor":7,"key":"Languid Potion"},{"floor":12,"key":"DistilledChaos"}],"is_trial":false,"path_per_floor":["M","?","$","M","M","R","E","R","T","M","?","E","M","?","R","B"],"character_chosen":"THE_SILENT","items_purchased":["Footwork"],"campfire_rested":1,"item_purchase_floors":[3],"current_hp_per_floor":[70,70,70,70,70,70,54,54,54,54,54,32,23,23,44,15,15],"gold":142,"neow_bonus":"THREE_ENEMY_KILL","is_daily":false,"chose_seed":false,"campfire_upgraded":2,"win_rate":0.0,"timestamp":1609710050,"path_taken":["M","?","$","?","M","R","E","R","T","M","?","E","M","?","R","BOSS"],"items_purchased_type":["Card"],"build_version":"2020-12-22","purchased_purges":0,"victory":false,"max_hp_per_floor":[70,70,70,70,70,70,70,70,70,70,70,70,70,70,70,70,70],"relic_stats":{"Nunchaku":[5],"counters":[8,36],"obtain_stats":[{"Nunchaku":7,"Replay:Baseball":12,"NeowsBlessing":0,"Mirror":9,"Ring of the Snake":0},{"Nunchaku":4,"Replay:Baseball":6,"NeowsBlessing":0,"Mirror":4,"Ring of the Snake":0},{"Nunchaku":10,"Replay:Baseball":27,"NeowsBlessing":0,"Mirror":10,"Ring of the Snake":0}],"Ring of the Snake":[16]},"card_choices":[{"not_picked":["ReplayTheSpireMod:Scrap Shanks","Outmaneuver"],"picked":"Slice","floor":1},{"not_picked":["Reflex","Sucker Punch"],"picked":"PiercingWail","floor":4},{"not_picked":["Flying Knee","Deflect"],"picked":"ReplayTheSpireMod:Tripwire","floor":5},{"not_picked":["Dodge and Roll","Deflect"],"picked":"Tools of the Trade","floor":7},{"not_picked":["Finisher","Deflect"],"picked":"Backflip","floor":10},{"not_picked":["Accuracy","Acrobatics"],"picked":"Unload","floor":12},{"not_picked":["Escape Plan","Bane"],"picked":"conspire:PoisonWeapons","floor":13}],"player_experience":329318,"relics_obtained":[{"floor":7,"key":"Nunchaku"},{"floor":9,"key":"Mirror"},{"floor":12,"key":"Replay:Baseball"}],"event_choices":[{"damage_healed":0,"gold_gain":0,"player_choice":"Bought 1 Potion","damage_taken":0,"max_hp_gain":0,"max_hp_loss":0,"event_name":"The Woman in Blue","floor":2,"gold_loss":0},{"damage_healed":0,"gold_gain":0,"player_choice":"Forge","damage_taken":0,"max_hp_gain":0,"max_hp_loss":0,"event_name":"Accursed Blacksmith","floor":14,"gold_loss":0,"cards_upgraded":["conspire:PoisonWeapons"]}],"is_beta":false,"boss_relics":[],"items_purged_floors":[],"is_endless":false,"potions_floor_spawned":[5,7,12],"killed_by":"The Guardian","ascension_level":5}}