{"host":"mike","time":1609713449,"event":{"mods":["2.2 Compatiblity","AchievementEnabler","BaseMod","Dio Mod","Hermit","Highlight Path","Jorbs\u0027s Wanderer Trilogy","Minty Spire (QoL Compilation)","Random Character Button","Rare Cards Sparkle","Relic Stats","StSLib","The Bladedancer","The Cursed","The Marked"],"gold_per_floor":[115,128,78,97,97,132,132,132,157,201,51,92,92,112,112,236,236,260,284,284,284,308,352,352,352,352],"floor_reached":25,"playtime":1129,"items_purged":[],"score":290,"play_id":"1d3739b3-9cbd-4fb9-ad1d-8017a2bff9f0","local_time":"20210103173729","is_ascension_mode":true,"campfire_choices":[{"data":"theMarked:EmpowerWeapon","floor":8,"key":"SMITH"},{"data":"theMarked:BindingBlade","floor":13,"key":"SMITH"},{"data":"theMarked:BanishingWave","floor":15,"key":"SMITH"}],"circlet_count":0,"master_deck":["theMarked:Strike","theMarked:Strike","theMarked:Strike","theMarked:Strike","theMarked:Defend","theMarked:Defend+1","theMarked:Defend","theMarked:Defend","theMarked:SoldierOfQuellstein+1","theMarked:SelfDefenseTraining","theMarked:EmpowerWeapon+1","theMarked:BanishingWave+1","theMarked:Aftermath","theMarked:BindingBlade+1","theMarked:WastefulDefense","theMarked:FavorableWinds","theMarked:AttractMetal+1","theMarked:ComboAttacks","theMarked:TakeOffHeels","RitualDagger"],"relics":["theMarked:ArtifactOfAir","Golden Idol","Bronze Scales","War Paint","Matryoshka","Oddly Smooth Stone","Toy Ornithopter","Philosopher\u0027s Stone","Ginger"],"acts_visited":["Exordium","TheCity"],"potions_floor_usage":[19,23],"damage_taken":[{"damage":1,"enemies":"Jaw Worm","floor":1,"turns":4},{"damage":0,"enemies":"2 Louse","floor":2,"turns":3},{"damage":7,"enemies":"Small Slimes","floor":4,"turns":4},{"damage":19,"enemies":"3 Sentries","floor":6,"turns":9},{"damage":14,"enemies":"Gremlin Nob","floor":10,"turns":4},{"damage":0,"enemies":"Lagavulin","floor":12,"turns":7},{"damage":0,"enemies":"Looter","floor":14,"turns":3},{"damage":5,"enemies":"Slime Boss","floor":16,"turns":6},{"damage":3,"enemies":"Shell Parasite","floor":18,"turns":6},{"damage":28,"enemies":"3 Byrds","floor":19,"turns":4},{"damage":0,"enemies":"Snecko","floor":22,"turns":4},{"damage":40,"enemies":"Slavers","floor":23,"turns":4},{"damage":34,"enemies":"Book of Stabbing","floor":25,"turns":5}],"seed_played":"1448684754396483118","potions_obtained":[{"floor":10,"key":"Fire Potion"},{"floor":12,"key":"Dexterity Potion"},{"floor":14,"key":"Explosive Potion"},{"floor":18,"key":"PowerPotion"}],"is_trial":false,"path_per_floor":["M","M","?","M","?","E","?","R","T","E","$","E","R","M","R","B",null,"M","M","?","?","M","E","?","E"],"character_chosen":"THE_DEFAULT","items_purchased":["Oddly Smooth Stone"],"campfire_rested":0,"item_purchase_floors":[11],"current_hp_per_floor":[76,76,76,69,69,50,55,55,55,41,41,41,41,41,41,36,76,73,50,50,76,76,36,30,0,0],"gold":352,"neow_bonus":"TEN_PERCENT_HP_BONUS","is_daily":false,"chose_seed":false,"campfire_upgraded":3,"win_rate":0.0,"timestamp":1609713449,"path_taken":["M","M","?","M","?","E","?","R","T","E","$","E","R","M","R","BOSS","M","M","?","?","?","E","?","E"],"items_purchased_type":["Relic"],"build_version":"2020-12-18","purchased_purges":0,"victory":false,"max_hp_per_floor":[77,77,77,77,71,71,76,76,76,76,76,76,76,76,76,76,76,76,76,76,76,76,76,76,76,76],"relic_stats":{"counters":[13,63],"Golden Idol":77,"Bronze Scales":[138],"Ginger":[0],"War Paint":["theMarked:SoldierOfQuellstein","theMarked:Defend"],"obtain_stats":[{"theMarked:ArtifactOfAir":0,"Matryoshka":10,"Golden Idol":5,"Bronze Scales":6,"Oddly Smooth Stone":11,"Philosopher\u0027s Stone":17,"Ginger":23,"War Paint":9,"Toy Ornithopter":12},{"theMarked:ArtifactOfAir":0,"Matryoshka":5,"Golden Idol":3,"Bronze Scales":4,"Oddly Smooth Stone":5,"Philosopher\u0027s Stone":8,"Ginger":12,"War Paint":4,"Toy Ornithopter":6},{"theMarked:ArtifactOfAir":0,"Matryoshka":24,"Golden Idol":11,"Bronze Scales":20,"Oddly Smooth Stone":24,"Philosopher\u0027s Stone":40,"Ginger":58,"War Paint":20,"Toy Ornithopter":31}],"Toy Ornithopter":5},"card_choices":[{"not_picked":["theMarked:ResourceFulStrike","theMarked:Frustration"],"picked":"theMarked:SelfDefenseTraining","floor":1},{"not_picked":["theMarked:WastefulAttack","theMarked:WastefulDefense"],"picked":"theMarked:EmpowerWeapon","floor":2},{"not_picked":["theMarked:ShockingTouch","theMarked:Reabsorb"],"picked":"theMarked:BanishingWave","floor":4},{"not_picked":["theMarked:PowerFlow","theMarked:ElementalBlade"],"picked":"theMarked:Aftermath","floor":6},{"not_picked":["theMarked:WastefulAttack","theMarked:Parkour"],"picked":"theMarked:ShockingTouch","floor":10},{"not_picked":["theMarked:Convert","theMarked:WardOff"],"picked":"theMarked:BindingBlade","floor":12},{"not_picked":["theMarked:Reabsorb","theMarked:CreepingChasm"],"picked":"theMarked:WastefulDefense","floor":14},{"not_picked":["theMarked:Defy","theMarked:SuspiciousRaven"],"picked":"theMarked:FavorableWinds","floor":16},{"not_picked":["theMarked:WastefulDefense","theMarked:HeightenedSenses"],"picked":"theMarked:AttractMetal+1","floor":18},{"not_picked":["theMarked:Static","theMarked:Overthink","theMarked:WastefulDefense"],"picked":"SKIP","floor":19},{"not_picked":["theMarked:Aftermath","theMarked:Static"],"picked":"theMarked:ComboAttacks","floor":22},{"not_picked":["theMarked:RepellingDischarge+1","theMarked:ChainLightning"],"picked":"theMarked:TakeOffHeels","floor":23}],"player_experience":301432,"relics_obtained":[{"floor":6,"key":"Bronze Scales"},{"floor":9,"key":"War Paint"},{"floor":10,"key":"Matryoshka"},{"floor":12,"key":"Toy Ornithopter"},{"floor":23,"key":"Ginger"}],"event_choices":[{"cards_removed":["theMarked:Strike"],"damage_healed":0,"gold_gain":0,"player_choice":"Card Removal","damage_taken":0,"max_hp_gain":0,"max_hp_loss":0,"event_name":"The Cleric","floor":3,"gold_loss":50},{"damage_healed":0,"gold_gain":0,"player_choice":"Lose Max HP","damage_taken":0,"relics_obtained":["Golden Idol"],"max_hp_gain":0,"max_hp_loss":6,"event_name":"Golden Idol","floor":5,"gold_loss":0},{"damage_healed":0,"gold_gain":0,"player_choice":"Donut","damage_taken":0,"max_hp_gain":5,"max_hp_loss":0,"event_name":"Big Fish","floor":7,"gold_loss":0},{"damage_healed":0,"gold_gain":0,"player_choice":"Ignored","damage_taken":0,"max_hp_gain":0,"max_hp_loss":0,"event_name":"Vampires","floor":20,"gold_loss":0},{"cards_removed":["theMarked:ShockingTouch"],"damage_healed":26,"gold_gain":0,"player_choice":"Offered Uncommon","damage_taken":0,"max_hp_gain":0,"max_hp_loss":0,"event_name":"Bonfire Elementals","floor":21,"gold_loss":0},{"damage_healed":0,"gold_gain":0,"player_choice":"Joined the Cult","damage_taken":6,"max_hp_gain":0,"max_hp_loss":0,"event_name":"Nest","floor":24,"gold_loss":0,"cards_obtained":["RitualDagger"]}],"is_beta":true,"boss_relics":[{"not_picked":["Sozu","Tiny House"],"picked":"Philosopher\u0027s Stone"}],"items_purged_floors":[],"is_endless":false,"potions_floor_spawned":[10,12,14,18],"killed_by":"Book of Stabbing","ascension_level":2}}