{"host":"6pgtslebjnyv5xmi","time":1609660521,"event":{"mods":["AchievementEnabler","BaseMod","Colored Map","Minty Spire (QoL Compilation)","Rare Cards Sparkle","StSLib","SuperFastMode","everything is the same but u backflip on backflip"],"gold_per_floor":[117,67,242,254,329,356,356,356,379,390,390,409,81,95,95,192,192,204,220,220,220,220],"floor_reached":21,"playtime":676,"items_purged":["Doubt"],"score":286,"play_id":"28cf10e5-d76b-4983-a147-6c8ae5a139f0","local_time":"20210103165521","is_ascension_mode":true,"campfire_choices":[{"floor":7,"key":"REST"},{"data":"Perfected Strike","floor":11,"key":"SMITH"},{"data":"Seeing Red","floor":15,"key":"SMITH"}],"circlet_count":0,"master_deck":["AscendersBane","Strike_R","Strike_R","Strike_R","Strike_R","Strike_R","Defend_R","Defend_R","Defend_R","Defend_R","Perfected Strike+1","Seeing Red+1","Perfected Strike","Demon Form","Intimidate","Flame Barrier+1","Flex+1"],"relics":["Burning Blood","Dream Catcher","Letter Opener","Toxic Egg 2","Velvet Choker","Nloth\u0027s Gift"],"acts_visited":["Exordium","TheCity"],"potions_floor_usage":[6,16,16,21],"damage_taken":[{"damage":6,"enemies":"Cultist","floor":1,"turns":4},{"damage":2,"enemies":"2 Louse","floor":4,"turns":3},{"damage":56,"enemies":"Lagavulin","floor":6,"turns":7},{"damage":0,"enemies":"Small Slimes","floor":10,"turns":3},{"damage":9,"enemies":"Blue Slaver","floor":12,"turns":3},{"damage":3,"enemies":"Looter","floor":14,"turns":2},{"damage":39,"enemies":"Hexaghost","floor":16,"turns":8},{"damage":27,"enemies":"Spheric Guardian","floor":18,"turns":5},{"damage":20,"enemies":"Chosen","floor":19,"turns":6},{"damage":39,"enemies":"3 Cultists","floor":21,"turns":4}],"seed_played":"3484474294084590143","potions_obtained":[{"floor":4,"key":"Energy Potion"},{"floor":6,"key":"Dexterity Potion"},{"floor":14,"key":"Energy Potion"},{"floor":16,"key":"SpeedPotion"},{"floor":18,"key":"ElixirPotion"}],"is_trial":false,"path_per_floor":["M","?","?","M","?","E","R","T","T","M","R","M","$","M","R","B",null,"M","M","?","M"],"character_chosen":"IRONCLAD","items_purchased":["Toxic Egg 2"],"campfire_rested":1,"item_purchase_floors":[13],"current_hp_per_floor":[72,72,72,76,65,15,39,39,39,45,45,42,57,60,60,27,67,46,32,32,0,0],"gold":220,"neow_bonus":"THREE_CARDS","is_daily":false,"chose_seed":false,"campfire_upgraded":2,"win_rate":0.0,"timestamp":1609660521,"path_taken":["M","?","?","M","?","E","R","?","T","?","R","M","?","M","R","BOSS","M","M","?","M"],"items_purchased_type":["Relic"],"build_version":"2020-12-22","purchased_purges":1,"victory":false,"max_hp_per_floor":[80,80,80,80,80,80,80,80,80,80,80,80,80,80,80,80,80,80,80,80,80,80],"card_choices":[{"not_picked":["Seeing Red","Rampage"],"picked":"Perfected Strike","floor":0},{"not_picked":["Anger","Headbutt"],"picked":"Seeing Red","floor":1},{"not_picked":["Iron Wave","Flex"],"picked":"Perfected Strike","floor":4},{"not_picked":["Clash","Pommel Strike"],"picked":"Demon Form","floor":6},{"not_picked":["Sword Boomerang","Burning Pact"],"picked":"Intimidate","floor":7},{"not_picked":["Clothesline","Cleave","True Grit"],"picked":"SKIP","floor":10},{"not_picked":["Shrug It Off","Iron Wave","Blood for Blood"],"picked":"SKIP","floor":12},{"not_picked":["Body Slam","Rupture"],"picked":"Flame Barrier+1","floor":14},{"not_picked":["Iron Wave","Warcry+1"],"picked":"Flex+1","floor":18},{"not_picked":["Iron Wave","True Grit+1","Combust"],"picked":"SKIP","floor":19}],"player_experience":657968,"relics_obtained":[{"floor":6,"key":"Dream Catcher"},{"floor":8,"key":"Letter Opener"},{"floor":9,"key":"MealTicket"}],"event_choices":[{"cards_removed":["Bash"],"damage_healed":0,"gold_gain":0,"player_choice":"Card Removal","damage_taken":0,"max_hp_gain":0,"max_hp_loss":0,"event_name":"The Cleric","floor":2,"gold_loss":50},{"damage_healed":0,"gold_gain":175,"player_choice":"AGREE","damage_taken":0,"max_hp_gain":0,"max_hp_loss":0,"event_name":"Liars Game","floor":3,"gold_loss":0,"cards_obtained":["Doubt"]},{"damage_healed":0,"gold_gain":75,"player_choice":"Gather Gold","damage_taken":11,"max_hp_gain":0,"max_hp_loss":0,"event_name":"World of Goop","floor":5,"gold_loss":0},{"damage_healed":0,"gold_gain":0,"player_choice":"Traded Relic","damage_taken":0,"relics_obtained":["Nloth\u0027s Gift"],"max_hp_gain":0,"max_hp_loss":0,"event_name":"N\u0027loth","floor":20,"relics_lost":["MealTicket"],"gold_loss":0}],"is_beta":false,"boss_relics":[{"not_picked":["Ectoplasm","Astrolabe"],"picked":"Velvet Choker"}],"items_purged_floors":[13],"is_endless":false,"potions_floor_spawned":[4,6,14,16,18],"killed_by":"3 Cultists","ascension_level":12}}