{"host":"nqsrckqog5ia9mbo","time":1609673340,"event":{"mods":["AchievementEnabler","BaseMod","Colored Map","Highlight Path","Minty Spire (QoL Compilation)"],"gold_per_floor":[219,67,81,35,51,86,86,99,99,131,147,165,165,165,165,263,263,283,208,71,170,185,185,217,235,305,305,405,437,27,27,27,128,128,144,163,163,177,189,189,220,220,245,245,245,295,0,16,16,16],"floor_reached":51,"playtime":3619,"items_purged":["Strike_R","Strike_R"],"score":983,"play_id":"c09b2e61-a70e-44b5-98e7-c79fc76bdbe5","local_time":"20210103122900","is_ascension_mode":true,"campfire_choices":[{"data":"Body Slam","floor":7,"key":"SMITH"},{"floor":15,"key":"REST"},{"data":"Armaments","floor":23,"key":"SMITH"},{"data":"Offering","floor":27,"key":"SMITH"},{"data":"Barricade","floor":32,"key":"SMITH"},{"data":"Body Slam","floor":40,"key":"SMITH"},{"data":"Offering","floor":42,"key":"SMITH"},{"data":"Battle Trance","floor":45,"key":"SMITH"},{"data":"Shrug It Off","floor":49,"key":"SMITH"}],"circlet_count":0,"master_deck":["Strike_R","Strike_R","Defend_R","Defend_R","Defend_R","Defend_R","Bash","Armaments+1","Body Slam+1","Clothesline","Battle Trance+1","Sword Boomerang","Twin Strike","Offering+1","Impervious","Iron Wave+1","Flame Barrier","Double Tap","Shrug It Off+1","Barricade+1","Body Slam+1","Impervious","Dual Wield+1","Offering+1","Entrench+1"],"relics":["Burning Blood","Vajra","Anchor","Bronze Scales","White Beast Statue","Lantern","Mark of Pain","Omamori","Bottled Flame","Magic Flower","Matryoshka","Shuriken","Sling","Pantograph","Philosopher\u0027s Stone","Prayer Wheel","Sundial","Bag of Marbles","FossilizedHelix","Red Mask"],"acts_visited":["Exordium","TheCity","TheBeyond"],"potions_floor_usage":[29,33,50,50,50],"damage_taken":[{"damage":6,"enemies":"Cultist","floor":1,"turns":4},{"damage":4,"enemies":"2 Louse","floor":3,"turns":4},{"damage":7,"enemies":"Jaw Worm","floor":5,"turns":3},{"damage":40,"enemies":"3 Sentries","floor":6,"turns":12},{"damage":12,"enemies":"Large Slime","floor":8,"turns":5},{"damage":15,"enemies":"Lagavulin","floor":10,"turns":5},{"damage":6,"enemies":"2 Fungi Beasts","floor":11,"turns":3},{"damage":8,"enemies":"Looter","floor":12,"turns":3},{"damage":43,"enemies":"The Guardian","floor":16,"turns":14},{"damage":5,"enemies":"Shell Parasite","floor":18,"turns":2},{"damage":6,"enemies":"Chosen","floor":22,"turns":3},{"damage":7,"enemies":"Book of Stabbing","floor":24,"turns":4},{"damage":6,"enemies":"Snake Plant","floor":25,"turns":3},{"damage":6,"enemies":"Colosseum Slavers","floor":28,"turns":3},{"damage":30,"enemies":"Colosseum Nobs","floor":28,"turns":4},{"damage":6,"enemies":"Gremlin Leader","floor":29,"turns":5},{"damage":17,"enemies":"Automaton","floor":33,"turns":10},{"damage":7,"enemies":"Orb Walker","floor":35,"turns":3},{"damage":6,"enemies":"3 Darklings","floor":36,"turns":7},{"damage":6,"enemies":"4 Shapes","floor":38,"turns":5},{"damage":6,"enemies":"Jaw Worm Horde","floor":39,"turns":3},{"damage":6,"enemies":"Giant Head","floor":41,"turns":6},{"damage":6,"enemies":"Mind Bloom Boss Battle","floor":46,"turns":2},{"damage":0,"enemies":"Writhing Mass","floor":48,"turns":3},{"damage":6,"enemies":"Donu and Deca","floor":50,"turns":5}],"seed_played":"-2076254370661798689","potions_obtained":[{"floor":1,"key":"SpeedPotion"},{"floor":6,"key":"Ancient Potion"},{"floor":8,"key":"CultistPotion"},{"floor":11,"key":"SteroidPotion"},{"floor":18,"key":"DuplicationPotion"},{"floor":22,"key":"LiquidBronze"},{"floor":24,"key":"BloodPotion"},{"floor":29,"key":"GamblersBrew"},{"floor":33,"key":"Swift Potion"},{"floor":36,"key":"CultistPotion"},{"floor":38,"key":"Block Potion"}],"is_trial":false,"path_per_floor":["M","$","M","$","M","E","R","M","T","E","M","M","?","?","R","B",null,"M","$","$","?","M","R","E","M","T","R","?","E","$","?","R","B",null,"M","M","?","M","M","R","E","R","T","?","R","?","?","M","R","B",null],"character_chosen":"IRONCLAD","items_purchased":["Vajra","Body Slam","Flame Barrier","Sling","Pantograph"],"campfire_rested":1,"item_purchase_floors":[2,4,20,30,30],"current_hp_per_floor":[80,80,80,80,79,45,45,39,39,30,30,28,28,28,52,15,80,80,80,80,80,80,80,79,79,79,79,55,74,74,74,74,72,80,80,80,80,80,80,80,80,80,80,76,76,76,76,76,76,76],"gold":16,"neow_bonus":"HUNDRED_GOLD","is_daily":false,"chose_seed":false,"campfire_upgraded":8,"win_rate":0.0,"timestamp":1609673340,"path_taken":["M","?","?","$","M","E","R","M","T","E","M","M","?","?","R","BOSS","M","?","$","?","M","R","E","M","T","R","?","E","$","?","R","BOSS","M","M","?","M","M","R","E","R","T","?","R","?","?","M","R","BOSS"],"items_purchased_type":["Relic","Card","Card","Relic","Relic"],"build_version":"2020-12-22","purchased_purges":2,"victory":true,"max_hp_per_floor":[80,80,80,80,80,80,80,80,80,80,80,80,80,80,80,80,80,80,80,80,80,80,80,80,80,80,80,80,80,80,80,80,80,80,80,80,80,80,80,80,80,80,80,76,76,76,76,76,76,76],"card_choices":[{"not_picked":["Shockwave","Thunderclap"],"picked":"Armaments","floor":1},{"not_picked":["Twin Strike","Dark Embrace","Cleave"],"picked":"SKIP","floor":3},{"not_picked":["Iron Wave","True Grit"],"picked":"Clothesline","floor":5},{"not_picked":["Double Tap","Headbutt"],"picked":"Battle Trance","floor":6},{"not_picked":["Anger","Entrench"],"picked":"Sword Boomerang","floor":8},{"not_picked":["Hemokinesis","Warcry"],"picked":"Twin Strike","floor":10},{"not_picked":["Clothesline","Headbutt","Power Through"],"picked":"SKIP","floor":11},{"not_picked":["Iron Wave","Headbutt"],"picked":"Offering","floor":12},{"not_picked":["Reaper","Exhume"],"picked":"Impervious","floor":16},{"not_picked":["Armaments","Heavy Blade"],"picked":"Iron Wave+1","floor":18},{"not_picked":["Anger","Thunderclap"],"picked":"Double Tap","floor":22},{"not_picked":["Armaments","Disarm+1","Pommel Strike+1"],"picked":"SKIP","floor":24},{"not_picked":["Battle Trance","Wild Strike"],"picked":"Shrug It Off","floor":25},{"not_picked":["Dual Wield+1","Sword Boomerang+1"],"picked":"Barricade","floor":28},{"not_picked":["Bludgeon","Combust"],"picked":"Body Slam","floor":29},{"not_picked":["Exhume","Demon Form"],"picked":"Impervious","floor":33},{"not_picked":["Uppercut","Cleave+1","Sword Boomerang+1"],"picked":"SKIP","floor":35},{"not_picked":["Havoc","Clash+1","Anger+1"],"picked":"SKIP","floor":36},{"not_picked":["Burning Pact","Pommel Strike"],"picked":"Dual Wield+1","floor":38},{"not_picked":["Pummel+1","Pommel Strike","Warcry+1"],"picked":"SKIP","floor":39},{"not_picked":["Corruption","Inflame+1"],"picked":"Offering","floor":41},{"not_picked":["Heavy Blade+1","Shrug It Off+1"],"picked":"Entrench+1","floor":48},{"not_picked":["Corruption","Warcry+1","Heavy Blade+1"],"picked":"SKIP","floor":48}],"player_experience":96607,"relics_obtained":[{"floor":6,"key":"Anchor"},{"floor":9,"key":"Bronze Scales"},{"floor":10,"key":"White Beast Statue"},{"floor":14,"key":"Lantern"},{"floor":24,"key":"Omamori"},{"floor":26,"key":"Bottled Flame"},{"floor":28,"key":"Magic Flower"},{"floor":28,"key":"Matryoshka"},{"floor":29,"key":"Shuriken"},{"floor":41,"key":"Prayer Wheel"},{"floor":43,"key":"Sundial"},{"floor":43,"key":"Bag of Marbles"},{"floor":46,"key":"FossilizedHelix"}],"event_choices":[{"damage_healed":0,"gold_gain":0,"player_choice":"Ignored","damage_taken":0,"max_hp_gain":0,"max_hp_loss":0,"event_name":"Golden Idol","floor":13,"gold_loss":0},{"damage_healed":0,"gold_gain":0,"player_choice":"Relic","damage_taken":0,"max_hp_gain":0,"max_hp_loss":0,"event_name":"Wheel of Change","floor":14,"gold_loss":0},{"damage_healed":0,"gold_gain":99,"player_choice":"Stole From Cult","damage_taken":0,"max_hp_gain":0,"max_hp_loss":0,"event_name":"Nest","floor":21,"gold_loss":0},{"damage_healed":0,"gold_gain":0,"player_choice":"Fight","damage_taken":0,"max_hp_gain":0,"max_hp_loss":0,"event_name":"Colosseum","floor":28,"gold_loss":0},{"damage_healed":0,"gold_gain":0,"player_choice":"Fought Nobs","damage_taken":0,"max_hp_gain":0,"max_hp_loss":0,"event_name":"Colosseum","floor":28,"gold_loss":0},{"damage_healed":0,"gold_gain":0,"player_choice":"Ignored","damage_taken":0,"max_hp_gain":0,"max_hp_loss":0,"event_name":"Ghosts","floor":31,"gold_loss":0},{"cards_removed":["Strike_R"],"damage_healed":0,"gold_gain":0,"player_choice":"Removed Attack","damage_taken":0,"max_hp_gain":0,"max_hp_loss":0,"event_name":"Falling","floor":37,"gold_loss":0},{"damage_healed":0,"gold_gain":0,"player_choice":"Max HP","damage_taken":0,"max_hp_gain":0,"max_hp_loss":4,"event_name":"Winding Halls","floor":44,"gold_loss":0},{"damage_healed":0,"gold_gain":0,"player_choice":"Fight","damage_taken":0,"max_hp_gain":0,"max_hp_loss":0,"event_name":"MindBloom","floor":46,"gold_loss":0},{"damage_healed":0,"gold_gain":0,"player_choice":"Paid","damage_taken":0,"relics_obtained":["Red Mask"],"max_hp_gain":0,"max_hp_loss":0,"event_name":"Tomb of Lord Red Mask","floor":47,"gold_loss":295}],"is_beta":false,"boss_relics":[{"not_picked":["Runic Pyramid","SlaversCollar"],"picked":"Mark of Pain"},{"not_picked":["Tiny House","Black Blood"],"picked":"Philosopher\u0027s Stone"}],"items_purged_floors":[19,20],"is_endless":false,"potions_floor_spawned":[1,6,8,11,12,16,18,22,24,25,28,28,29,33,35,36,38,39,41,46,48],"ascension_level":4}}