{"host":"j0vzbnzm6n2ctevn","time":1609660946,"event":{"mods":["AchievementEnabler","BaseMod","Minty Spire (QoL Compilation)","Quick Restart","Shop Mod","Spicy Shops","StSLib"],"gold_per_floor":[112,112,125,139,64,91,91,107,159,171,171,171,171,187,187,288,288,302,321,337,0,13,41,41,70,70,70,70,70,90,190,190,288,288,299,1298,1345,58,58,58,87,87,110,110,126,126,141,151,151,151],"floor_reached":51,"playtime":1750,"items_purged":["Strike_R","Pain","Normality"],"score":906,"play_id":"0fe10aac-648a-44ec-a6ef-eb43471ea216","local_time":"20210103160226","is_ascension_mode":true,"campfire_choices":[{"data":"Infernal Blade","floor":7.0,"key":"SMITH"},{"data":"Bash","floor":12.0,"key":"SMITH"},{"floor":15.0,"key":"REST"},{"floor":27.0,"key":"REST"},{"data":"Limit Break","floor":29.0,"key":"SMITH"},{"floor":32.0,"key":"REST"},{"floor":40.0,"key":"REST"},{"floor":42.0,"key":"REST"},{"floor":46.0,"key":"DIG"},{"floor":49.0,"key":"REST"}],"circlet_count":0,"master_deck":["Defend_R","Defend_R","Defend_R","Defend_R","Bash+1","Sword Boomerang","Clothesline+1","Heavy Blade","Infernal Blade+1","Hemokinesis+1","Spot Weakness","Demon Form","Limit Break+1","Flex+1","Pummel","Armaments+1","Twin Strike+1","Twin Strike+1","Inflame","Feed","Normality","Headbutt","Limit Break+1","Heavy Blade+1","Flex+1"],"relics":["Burning Blood","Blue Candle","Whetstone","Velvet Choker","Vajra","Regal Pillow","Art of War","InkBottle","Du-Vu Doll","Toxic Egg 2","Busted Crown","Shovel","Bronze Scales","Meat on the Bone","FossilizedHelix","Bottled Lightning","HandDrill","Toolbox","White Beast Statue","Juzu Bracelet","Pen Nib"],"acts_visited":["Exordium","TheCity","TheBeyond"],"potions_floor_usage":[50],"damage_taken":[{"damage":8.0,"enemies":"Small Slimes","floor":1.0,"turns":4.0},{"damage":4.0,"enemies":"Cultist","floor":3.0,"turns":3.0},{"damage":3.0,"enemies":"2 Louse","floor":4.0,"turns":3.0},{"damage":13.0,"enemies":"Gremlin Nob","floor":6.0,"turns":4.0},{"damage":17.0,"enemies":"Lots of Slimes","floor":8.0,"turns":3.0},{"damage":5.0,"enemies":"3 Louse","floor":10.0,"turns":2.0},{"damage":16.0,"enemies":"Large Slime","floor":14.0,"turns":3.0},{"damage":55.0,"enemies":"The Guardian","floor":16.0,"turns":6.0},{"damage":27.0,"enemies":"2 Thieves","floor":18.0,"turns":4.0},{"damage":8.0,"enemies":"Spheric Guardian","floor":19.0,"turns":3.0},{"damage":16.0,"enemies":"Cultist and Chosen","floor":20.0,"turns":4.0},{"damage":2.0,"enemies":"Snecko","floor":22.0,"turns":2.0},{"damage":8.0,"enemies":"Gremlin Leader","floor":23.0,"turns":3.0},{"damage":23.0,"enemies":"Book of Stabbing","floor":25.0,"turns":3.0},{"damage":12.0,"enemies":"Sentry and Sphere","floor":30.0,"turns":3.0},{"damage":14.0,"enemies":"Colosseum Slavers","floor":31.0,"turns":2.0},{"damage":7.0,"enemies":"Colosseum Nobs","floor":31.0,"turns":2.0},{"damage":38.0,"enemies":"Automaton","floor":33.0,"turns":5.0},{"damage":0.0,"enemies":"3 Shapes","floor":35.0,"turns":5.0},{"damage":71.0,"enemies":"2 Orb Walkers","floor":37.0,"turns":4.0},{"damage":41.0,"enemies":"Reptomancer","floor":41.0,"turns":3.0},{"damage":0.0,"enemies":"Orb Walker","floor":45.0,"turns":2.0},{"damage":35.0,"enemies":"3 Darklings","floor":47.0,"turns":3.0},{"damage":27.0,"enemies":"Maw","floor":48.0,"turns":3.0},{"damage":68,"enemies":"Donu and Deca","floor":50,"turns":4}],"seed_played":"-3175883115994952115","potions_obtained":[{"floor":1.0,"key":"HeartOfIron"},{"floor":10.0,"key":"LiquidMemories"},{"floor":14.0,"key":"Fire Potion"},{"floor":16.0,"key":"FearPotion"},{"floor":20.0,"key":"PowerPotion"},{"floor":23.0,"key":"EssenceOfSteel"},{"floor":31.0,"key":"Swift Potion"},{"floor":41.0,"key":"BlessingOfTheForge"},{"floor":45.0,"key":"BlessingOfTheForge"},{"floor":47.0,"key":"SneckoOil"},{"floor":48.0,"key":"DistilledChaos"}],"is_trial":false,"path_per_floor":["M","?","M","M","$","E","R","M","T","M","$","R","?","M","R","B",null,"M","M","M","$","M","E","?","E","T","R","?","R","M","?","R","B",null,"M","?","?","$","?","R","E","R","T","?","M","R","M","M","R","B",null],"character_chosen":"IRONCLAD","items_purchased":["Vajra","HandOfGreed","Bronze Scales","Meat on the Bone","FossilizedHelix","Bottled Lightning","HandDrill","Toolbox"],"campfire_rested":6,"item_purchase_floors":[21,21,38,38,38,38,38,38],"current_hp_per_floor":[54,54,56,59,59,52,52,41,41,42,42,42,42,32,56,7,62,41,39,29,29,33,31,31,14,14,53,53,53,47,38,77,45,71,80,80,15,15,15,54,31,70,70,70,76,76,59,50,83,36],"gold":151,"neow_bonus":"TRANSFORM_TWO_CARDS","is_daily":false,"chose_seed":false,"campfire_upgraded":3,"win_rate":0.0,"timestamp":1609660946,"path_taken":["M","?","?","M","$","E","R","M","T","M","$","R","?","M","R","BOSS","M","M","?","$","M","E","?","E","T","R","?","R","M","?","R","BOSS","M","?","?","$","?","R","E","R","T","?","M","R","M","M","R","BOSS"],"items_purchased_type":["Relic","Card","Relic","Relic","Relic","Relic","Relic","Relic"],"build_version":"2020-12-22","purchased_purges":3,"victory":true,"max_hp_per_floor":[80,80,80,80,80,80,80,80,80,80,80,80,80,80,80,80,80,80,80,80,80,80,80,80,80,80,80,80,80,80,80,80,80,80,83,83,83,83,83,83,83,83,83,83,83,83,83,83,83,86],"card_choices":[{"not_picked":["Combust","Shrug It Off"],"picked":"Heavy Blade","floor":1.0},{"not_picked":["Iron Wave","Clothesline"],"picked":"Infernal Blade","floor":3.0},{"not_picked":["Armaments","Metallicize"],"picked":"Hemokinesis","floor":4.0},{"not_picked":["Whirlwind","Wild Strike"],"picked":"Spot Weakness","floor":6.0},{"not_picked":["Fire Breathing","Wild Strike","Clash"],"picked":"SKIP","floor":8.0},{"not_picked":["Power Through","Clash","Anger"],"picked":"SKIP","floor":10.0},{"not_picked":["Cleave","Sword Boomerang"],"picked":"Demon Form","floor":14.0},{"not_picked":["Barricade","Corruption"],"picked":"Limit Break","floor":16.0},{"not_picked":["Shockwave","Havoc"],"picked":"Flex+1","floor":18.0},{"not_picked":["Reckless Charge+1","Feel No Pain+1"],"picked":"Pummel","floor":19.0},{"not_picked":["Anger","True Grit+1"],"picked":"Armaments+1","floor":20.0},{"not_picked":["Blood for Blood","Burning Pact+1"],"picked":"Twin Strike+1","floor":22.0},{"not_picked":["Reckless Charge","Clothesline+1"],"picked":"Twin Strike+1","floor":23.0},{"not_picked":["Evolve+1","Uppercut"],"picked":"Inflame","floor":25.0},{"not_picked":["Searing Blow","Anger","Wild Strike"],"picked":"SKIP","floor":30.0},{"not_picked":["Juggernaut","Demon Form"],"picked":"Feed","floor":33.0},{"not_picked":["Anger+1"],"picked":"SKIP","floor":35.0},{"not_picked":[],"picked":"Headbutt","floor":37.0},{"not_picked":["Clothesline"],"picked":"SKIP","floor":41.0},{"not_picked":[],"picked":"Heavy Blade+1","floor":45.0},{"not_picked":["Anger+1"],"picked":"SKIP","floor":47.0},{"not_picked":[],"picked":"Flex+1","floor":48.0}],"player_experience":101375,"relics_obtained":[{"floor":6.0,"key":"Blue Candle"},{"floor":9.0,"key":"Whetstone"},{"floor":23.0,"key":"Regal Pillow"},{"floor":25.0,"key":"Art of War"},{"floor":26.0,"key":"InkBottle"},{"floor":31.0,"key":"Du-Vu Doll"},{"floor":31.0,"key":"Toxic Egg 2"},{"floor":37.0,"key":"Shovel"},{"floor":41.0,"key":"White Beast Statue"},{"floor":43.0,"key":"Juzu Bracelet"},{"floor":46.0,"key":"Pen Nib"}],"event_choices":[{"cards_removed":["Strike_R"],"damage_healed":0.0,"max_hp_gain":0.0,"max_hp_loss":0.0,"gold_gain":0.0,"event_name":"Purifier","player_choice":"Purged","floor":2.0,"gold_loss":0.0,"damage_taken":0.0},{"cards_removed":["Strike_R"],"damage_healed":0.0,"max_hp_gain":0.0,"max_hp_loss":0.0,"gold_gain":0.0,"event_name":"Bonfire Elementals","player_choice":"Offered Basic","floor":13.0,"gold_loss":0.0,"damage_taken":0.0},{"damage_healed":0.0,"max_hp_gain":0.0,"max_hp_loss":0.0,"gold_gain":0.0,"event_name":"Ghosts","player_choice":"Ignored","floor":24.0,"gold_loss":0.0,"damage_taken":0.0},{"cards_removed":["HandOfGreed"],"damage_healed":0.0,"max_hp_gain":0.0,"max_hp_loss":0.0,"gold_gain":0.0,"event_name":"Back to Basics","player_choice":"Elegance","floor":28.0,"gold_loss":0.0,"damage_taken":0.0},{"damage_healed":0.0,"max_hp_gain":0.0,"max_hp_loss":0.0,"gold_gain":0.0,"event_name":"Colosseum","player_choice":"Fight","floor":31.0,"gold_loss":0.0,"damage_taken":0.0},{"damage_healed":0.0,"max_hp_gain":0.0,"max_hp_loss":0.0,"gold_gain":0.0,"event_name":"Colosseum","player_choice":"Fought Nobs","floor":31.0,"gold_loss":0.0,"damage_taken":0.0},{"damage_healed":0.0,"max_hp_gain":0.0,"max_hp_loss":0.0,"gold_gain":999.0,"event_name":"MindBloom","player_choice":"Gold","floor":36.0,"gold_loss":0.0,"damage_taken":0.0,"cards_obtained":["Normality","Normality"]},{"damage_healed":0.0,"max_hp_gain":0.0,"max_hp_loss":0.0,"gold_gain":0.0,"event_name":"Mysterious Sphere","player_choice":"Fight","floor":37.0,"gold_loss":0.0,"damage_taken":0.0},{"damage_healed":0.0,"max_hp_gain":0.0,"max_hp_loss":0.0,"gold_gain":0.0,"event_name":"Duplicator","player_choice":"Copied","floor":39.0,"gold_loss":0.0,"damage_taken":0.0,"cards_obtained":["Limit Break"]},{"damage_healed":0.0,"max_hp_gain":0.0,"max_hp_loss":0.0,"gold_gain":0.0,"event_name":"Match and Keep!","player_choice":"0 cards matched","floor":44.0,"gold_loss":0.0,"damage_taken":0.0,"cards_obtained":[]}],"is_beta":false,"boss_relics":[{"not_picked":["Runic Dome","Empty Cage"],"picked":"Velvet Choker"},{"not_picked":["Cursed Key","Astrolabe"],"picked":"Busted Crown"}],"items_purged_floors":[5,21,38],"is_endless":false,"potions_floor_spawned":[1,10,14,16,20,23,31,31,41,45,47,48],"ascension_level":5}}