{"host":"ixenv8b8actib82w","time":1609644352,"event":{"mods":["Act Like it!","BaseMod","Conspire","Downfall","Minty Spire (QoL Compilation)","Replay The Spire","Spicy Shops","StSLib","The Jungle","The Marked","vexMod"],"gold_per_floor":[110,110,210,223,241,241,255,271,294,40,58,58,75,0,0,102,102,87,87,98,98,109,109,24,24,47,47,66,80,80,31,31,31,31],"floor_reached":33,"playtime":1605,"items_purged":["theMarked:Strike"],"score":239,"play_id":"63897103-f219-4a6e-aa2d-a2c6c008cbc7","local_time":"20210103112552","is_ascension_mode":false,"campfire_choices":[{"data":"theMarked:ParalyzingBlade","floor":6,"key":"SMITH"},{"data":"theMarked:Abjuration","floor":15,"key":"SMITH"},{"floor":23,"key":"REST"},{"floor":25,"key":"REST"},{"floor":32,"key":"REST"}],"circlet_count":0,"master_deck":["theMarked:Strike","theMarked:Strike","theMarked:Strike","theMarked:Defend","theMarked:Defend","theMarked:Defend","theMarked:Defend","theMarked:SoldierOfQuellstein+1","theMarked:ParalyzingBlade+1","theMarked:Overcharge","theMarked:Polarize","theMarked:Generate","theMarked:Abjuration+1","theMarked:Reabsorb","theMarked:BindingBlade","theMarked:EmpowerWeapon+1","Decay","theMarked:DeterminationOfTheMarked+1","theMarked:Generate+1","theMarked:ElementalBlade"],"relics":["theMarked:ArtifactOfAir","MealTicket","Iron Hammer","Pantograph","conspire:RoyalGoblet","Blood Vial","Simple Rune"],"acts_visited":["Exordium","TheCity"],"potions_floor_usage":[7,16,16,16,22,30,33],"damage_taken":[{"damage":1,"enemies":"2 Louse","floor":1,"turns":3},{"damage":9,"enemies":"Small Slimes","floor":4,"turns":4},{"damage":0,"enemies":"Cultist","floor":5,"turns":3},{"damage":8,"enemies":"Gremlin Gang","floor":7,"turns":4},{"damage":12,"enemies":"Exordium Thugs","floor":8,"turns":3},{"damage":5,"enemies":"Red Slaver","floor":11,"turns":3},{"damage":13,"enemies":"3 Louse","floor":13,"turns":4},{"damage":42,"enemies":"Hexaghost","floor":16,"turns":8},{"damage":14,"enemies":"2 Thieves","floor":18,"turns":4},{"damage":5,"enemies":"Spheric Guardian","floor":20,"turns":3},{"damage":42,"enemies":"Shelled Parasite and Fungi","floor":22,"turns":5},{"damage":17,"enemies":"Snake Plant","floor":28,"turns":4},{"damage":25,"enemies":"3 Cultists","floor":29,"turns":5},{"damage":25,"enemies":"Colosseum Slavers","floor":30,"turns":3},{"damage":72,"enemies":"Pondfish","floor":33,"turns":6}],"seed_played":"5350090208598065570","potions_obtained":[{"floor":4,"key":"Energy Potion"},{"floor":5,"key":"ColorlessPotion"},{"floor":7,"key":"SteroidPotion"},{"floor":11,"key":"Weak Potion"},{"floor":20,"key":"Swift Potion"},{"floor":22,"key":"SpeedPotion"},{"floor":29,"key":"ColorlessPotion"}],"is_trial":false,"path_per_floor":["M","?","?","M","M","R","M","M","T","$","M","T","M","$","R","B",null,"M","?","M","?","M","R","?","R","T","$","M","M","?","$","R","B"],"character_chosen":"THE_DEFAULT","items_purchased":["Iron Hammer","Adrenaline Potion"],"campfire_rested":3,"item_purchase_floors":[10,31],"current_hp_per_floor":[69,69,69,60,60,60,52,40,40,55,50,50,37,52,52,28,70,56,56,51,51,9,30,30,51,51,66,51,28,5,20,41,0,0],"gold":31,"neow_bonus":"THREE_CARDS","is_daily":false,"chose_seed":false,"campfire_upgraded":2,"win_rate":0.0,"timestamp":1609644352,"path_taken":["M","?","?","?","?","R","M","M","T","$","M","?","M","$","R","BOSS","M","?","M","?","?","R","?","R","T","$","M","M","?","$","R","BOSS"],"items_purchased_type":["Relic","Potion"],"build_version":"2020-12-22","purchased_purges":1,"victory":false,"max_hp_per_floor":[70,70,70,70,70,70,70,70,70,70,70,70,70,70,70,70,70,70,70,70,70,70,70,70,70,70,70,70,70,70,70,70,70,70],"card_choices":[{"not_picked":["theMarked:Polarize","theMarked:Parry"],"picked":"theMarked:ParalyzingBlade","floor":0},{"not_picked":["theMarked:ElectricStrings","theMarked:ChainLightning","theMarked:Electrocute"],"picked":"SKIP","floor":1},{"not_picked":["theMarked:Parry","theMarked:TwofoldDefense"],"picked":"theMarked:Overcharge","floor":4},{"not_picked":["theMarked:KeepCalmAndFightOn","theMarked:ComboAttacks","theMarked:ChainLightning"],"picked":"SKIP","floor":5},{"not_picked":["theMarked:BanishingStrike","theMarked:ChainLightning"],"picked":"theMarked:Polarize","floor":7},{"not_picked":["theMarked:TwofoldDefense","theMarked:BanishingWave"],"picked":"theMarked:Generate","floor":8},{"not_picked":["theMarked:Parkour","theMarked:Standoff"],"picked":"theMarked:Abjuration","floor":11},{"not_picked":["theMarked:EmpowerWeapon","theMarked:Electrocute"],"picked":"theMarked:Reabsorb","floor":13},{"not_picked":["theMarked:SoldierForm","theMarked:TakeOffHeels"],"picked":"theMarked:BindingBlade","floor":16},{"not_picked":["theMarked:Frustration","theMarked:TakeCover"],"picked":"theMarked:EmpowerWeapon+1","floor":18},{"not_picked":["theMarked:CreepingChasm","theMarked:Improvise"],"picked":"theMarked:DeterminationOfTheMarked+1","floor":20},{"not_picked":["theMarked:Overcharge","theMarked:BanishingWave"],"picked":"theMarked:Generate+1","floor":22},{"not_picked":["theMarked:MysticalArsenal","theMarked:SwordAndMagic"],"picked":"theMarked:ElementalBlade","floor":28},{"not_picked":["theMarked:HeightenedSenses","theMarked:Static","theMarked:WastefulAttack"],"picked":"SKIP","floor":29}],"player_experience":140588,"relics_obtained":[{"floor":9,"key":"MealTicket"},{"floor":12,"key":"Pantograph"},{"floor":26,"key":"Simple Rune"}],"event_choices":[{"damage_healed":0,"gold_gain":100,"player_choice":"Pray","damage_taken":0,"max_hp_gain":0,"max_hp_loss":0,"event_name":"Golden Shrine","floor":3,"gold_loss":0},{"damage_healed":0,"gold_gain":0,"player_choice":"Smashed Altar","damage_taken":0,"max_hp_gain":0,"max_hp_loss":0,"event_name":"Forgotten Altar","floor":19,"gold_loss":0,"cards_obtained":["Decay"]},{"damage_healed":0,"gold_gain":0,"player_choice":"Upgraded","damage_taken":0,"max_hp_gain":0,"max_hp_loss":0,"event_name":"Upgrade Shrine","floor":21,"gold_loss":0,"cards_upgraded":["theMarked:SoldierOfQuellstein"]},{"damage_healed":0,"gold_gain":0,"player_choice":"Obtained Relic","damage_taken":0,"relics_obtained":["Blood Vial"],"max_hp_gain":0,"max_hp_loss":0,"event_name":"Addict","floor":24,"gold_loss":85},{"damage_healed":0,"gold_gain":0,"player_choice":"Fight","damage_taken":0,"max_hp_gain":0,"max_hp_loss":0,"event_name":"Colosseum","floor":30,"gold_loss":0},{"damage_healed":0,"gold_gain":0,"player_choice":"Fled From Nobs","damage_taken":0,"max_hp_gain":0,"max_hp_loss":0,"event_name":"Colosseum","floor":30,"gold_loss":0}],"is_beta":false,"boss_relics":[{"not_picked":["Philosopher\u0027s Stone","SacredBark"],"picked":"conspire:RoyalGoblet"}],"items_purged_floors":[14],"is_endless":false,"potions_floor_spawned":[4,5,7,11,20,22,29,30],"killed_by":"Pondfish","ascension_level":0}}