{"host":"jzjaw782v8gfe8gb","time":1609639376,"event":{"mods":["BaseMod","Better Match","Better Note","Better Third Choice","Minty Spire (QoL Compilation)","StSLib","The Dragon Tamer"],"gold_per_floor":[115,131,231,249,265,265,294,313,313,330,340,365,365,383,383,488,488,507,519,619,634,649,649,649,649,702,720,645,660,687,700,700,803,803,814,814,834,834,844,844,876,876,876,876,889,889,889,889,889],"floor_reached":47,"playtime":59480,"items_purged":["DTMod:Strike"],"score":568,"play_id":"fdb3d7ec-3e5c-46dd-ac04-9ec5da5d1009","local_time":"20210102180256","is_ascension_mode":false,"metric_token":467,"campfire_choices":[{"data":"DTMod:SwitchingTactic","floor":6,"key":"SMITH"},{"data":"DTMod:Astonish","floor":13,"key":"SMITH"},{"data":"DTMod:Training","floor":15,"key":"SMITH"},{"floor":23,"key":"DIG"},{"data":"DTMod:Dissolve","floor":25,"key":"SMITH"},{"floor":32,"key":"DIG"},{"floor":40,"key":"DIG"},{"floor":42,"key":"REST"},{"floor":44,"key":"DIG"},{"floor":46,"key":"RECALL"}],"dtmod_dragon_data":[27,50,1,3,12,2],"circlet_count":0,"master_deck":["DTMod:Strike","DTMod:Strike","DTMod:Strike","DTMod:DoubleHit","DTMod:TargetDefense","DTMod:TargetDefense","DTMod:TargetDefense","DTMod:TargetDefense","DTMod:SwitchingTactic+1","DTMod:MasterPlan","DTMod:MagiciansMark","DTMod:Astonish+1","DTMod:RepeatStrike","DTMod:DragonDance","DTMod:Dissolve+1","DTMod:CalculatedDefense","DTMod:Training+1","DTMod:HeadStart","CurseOfTheBell","DTMod:Overwhelm","DTMod:SneakAttack+1","DTMod:Harmonize","DTMod:BlueScale+1","DTMod:PurifyingFlame","DTMod:DeepFocus","DTMod:InvisibleFlame+1","DTMod:StunTrap","DTMod:Threaten+1"],"relics":["DTMod:PactStone","Pear","Strawberry","Calling Bell","Boot","Question Card","Shovel","DTMod:SolidMemories","Bag of Marbles","The Courier","Vajra","SlaversCollar","White Beast Statue","Letter Opener","Ornamental Fan","Anchor","Toxic Egg 2"],"acts_visited":["Exordium","TheCity","TheBeyond"],"potions_floor_usage":[12,19,27,30,41],"damage_taken":[{"damage":0,"enemies":"Small Slimes","floor":1,"turns":4},{"damage":0,"enemies":"Cultist","floor":2,"turns":5},{"damage":0,"enemies":"2 Louse","floor":4,"turns":2},{"damage":0,"enemies":"2 Fungi Beasts","floor":5,"turns":4},{"damage":0,"enemies":"Gremlin Nob","floor":7,"turns":5},{"damage":0,"enemies":"Looter","floor":8,"turns":4},{"damage":9,"enemies":"Large Slime","floor":10,"turns":6},{"damage":15,"enemies":"Exordium Wildlife","floor":11,"turns":5},{"damage":12,"enemies":"3 Sentries","floor":12,"turns":6},{"damage":0,"enemies":"Exordium Thugs","floor":14,"turns":4},{"damage":15,"enemies":"Slime Boss","floor":16,"turns":11},{"damage":6,"enemies":"Spheric Guardian","floor":18,"turns":4},{"damage":0,"enemies":"2 Thieves","floor":19,"turns":4},{"damage":17,"enemies":"Shelled Parasite and Fungi","floor":21,"turns":6},{"damage":0,"enemies":"Snecko","floor":22,"turns":5},{"damage":14,"enemies":"Cultist and Chosen","floor":27,"turns":7},{"damage":0,"enemies":"Centurion and Healer","floor":29,"turns":5},{"damage":0,"enemies":"Book of Stabbing","floor":30,"turns":5},{"damage":4,"enemies":"3 Cultists","floor":31,"turns":5},{"damage":3,"enemies":"Champ","floor":33,"turns":12},{"damage":4,"enemies":"Orb Walker","floor":35,"turns":4},{"damage":0,"enemies":"3 Darklings","floor":37,"turns":6},{"damage":0,"enemies":"Transient","floor":39,"turns":5},{"damage":80,"enemies":"Reptomancer","floor":41,"turns":9},{"damage":0,"enemies":"Jaw Worm Horde","floor":45,"turns":6},{"damage":43,"enemies":"Maw","floor":47,"turns":9}],"seed_played":"-6176908228722334661","potions_obtained":[{"floor":2,"key":"SteroidPotion"},{"floor":7,"key":"SmokeBomb"},{"floor":8,"key":"Regen Potion"},{"floor":12,"key":"Dexterity Potion"},{"floor":14,"key":"Block Potion"},{"floor":18,"key":"PowerPotion"},{"floor":21,"key":"LiquidBronze"},{"floor":27,"key":"FairyPotion"},{"floor":33,"key":"ColorlessPotion"},{"floor":41,"key":"Weak Potion"},{"floor":45,"key":"GamblersBrew"}],"is_trial":false,"path_per_floor":["M","M","?","M","M","R","E","M","T","M","M","E","R","M","R","B",null,"M","M","?","M","M","R","?","R","T","M","$","M","E","M","R","B",null,"M","?","M","T","M","R","E","R","T","R","M","R","M"],"character_chosen":"THE_DT","items_purchased":[],"campfire_rested":1,"item_purchase_floors":[],"current_hp_per_floor":[49,49,49,49,49,49,59,59,59,50,35,30,30,30,30,15,66,60,60,60,43,43,43,37,37,37,23,23,23,23,19,19,16,66,62,62,62,62,62,62,19,38,38,38,38,38,0,0,0],"gold":889,"neow_bonus":"TEN_PERCENT_HP_BONUS","is_daily":false,"chose_seed":false,"campfire_upgraded":4,"win_rate":0.0,"timestamp":1609639376,"path_taken":["M","M","?","M","M","R","E","?","T","M","M","E","R","M","R","BOSS","M","M","?","M","M","R","?","R","T","M","$","M","E","M","R","BOSS","M","?","M","?","M","R","E","R","T","R","M","R","M"],"items_purchased_type":[],"build_version":"2020-12-22","purchased_purges":1,"victory":false,"max_hp_per_floor":[49,49,49,49,49,49,59,59,59,59,59,66,66,66,66,66,66,66,66,66,66,66,66,66,66,66,66,66,66,66,66,66,66,66,66,66,66,66,66,66,66,66,66,66,66,66,66,66,66],"card_choices":[{"not_picked":["DTMod:GhostSkin","DTMod:BlazingStrike"],"picked":"DTMod:MasterPlan","floor":1},{"not_picked":["DTMod:BurningEnergy","DTMod:Hide"],"picked":"DTMod:MagiciansMark","floor":2},{"not_picked":["DTMod:MagicField","DTMod:QuickFly","DTMod:MasterPlan"],"picked":"SKIP","floor":4},{"not_picked":["DTMod:BurningForce","DTMod:Weaken"],"picked":"DTMod:Astonish","floor":5},{"not_picked":["DTMod:Feint","DTMod:BuildUp"],"picked":"DTMod:RepeatStrike","floor":7},{"not_picked":["DTMod:Shift","DTMod:Punisher"],"picked":"DTMod:DragonDance","floor":8},{"not_picked":["DTMod:RecklessFlurry","DTMod:Threaten"],"picked":"DTMod:Dissolve","floor":10},{"not_picked":["DTMod:BurningEnergy","DTMod:Feint"],"picked":"DTMod:CalculatedDefense","floor":11},{"not_picked":["DTMod:Punisher","DTMod:BuildUp","DTMod:PurifyingFlame"],"picked":"SKIP","floor":12},{"not_picked":["DTMod:LightShield","DTMod:MagiciansMark"],"picked":"DTMod:Training","floor":14},{"not_picked":["DTMod:ResonanceForm","DTMod:Prediction"],"picked":"DTMod:HeadStart","floor":16},{"not_picked":["DTMod:BuildUp","DTMod:Cover","DTMod:BizarreTactic+1"],"picked":"DTMod:Overwhelm","floor":18},{"not_picked":["DTMod:ComboAttack+1","DTMod:Overwhelm","DTMod:BizarreTactic"],"picked":"DTMod:SneakAttack+1","floor":19},{"not_picked":["DTMod:Cover+1","DTMod:TagTeam","DTMod:BurningEnergy"],"picked":"DTMod:Harmonize","floor":21},{"not_picked":["DTMod:Cover","DTMod:Training","DTMod:Punisher","DTMod:MagiciansMark"],"picked":"SKIP","floor":22},{"not_picked":["DTMod:MagicField+1","DTMod:Threaten","DTMod:RecklessFlurry"],"picked":"DTMod:BlueScale+1","floor":27},{"not_picked":["DTMod:Haste+1","DTMod:MaximumCharge+1","DTMod:BuildUp"],"picked":"DTMod:PurifyingFlame","floor":29},{"not_picked":["DTMod:CalculatedDefense","DTMod:Overwhelm","DTMod:Hide"],"picked":"DTMod:DeepFocus","floor":30},{"not_picked":["DTMod:Feint","DTMod:Training","DTMod:Cover"],"picked":"DTMod:InvisibleFlame+1","floor":31},{"not_picked":["DTMod:SealedStrike","DTMod:EchoTactic","DTMod:Harmonize"],"picked":"DTMod:StunTrap","floor":33},{"not_picked":["DTMod:ComboAttack+1","DTMod:BreakAttack","DTMod:Cover","DTMod:TagTeam+1"],"picked":"SKIP","floor":35},{"not_picked":["DTMod:BurningEnergy+1","DTMod:ComboAttack+1","DTMod:Training","DTMod:Astonish+1"],"picked":"SKIP","floor":37},{"not_picked":["DTMod:Punisher","DTMod:WarmUp","DTMod:Weaken+1","DTMod:FlameSlash+1"],"picked":"SKIP","floor":39},{"not_picked":["DTMod:TagTeam+1","DTMod:RecklessFlurry","DTMod:ComboAttack","DTMod:MasterPlan"],"picked":"SKIP","floor":41},{"not_picked":["DTMod:MagicField+1","DTMod:TauntingStrike","DTMod:Overwhelm+1"],"picked":"DTMod:Threaten+1","floor":45}],"player_experience":1907529,"relics_obtained":[{"floor":7,"key":"Pear"},{"floor":12,"key":"Strawberry"},{"floor":17,"key":"Boot"},{"floor":17,"key":"Question Card"},{"floor":17,"key":"Shovel"},{"floor":23,"key":"DTMod:SolidMemories"},{"floor":26,"key":"Bag of Marbles"},{"floor":30,"key":"The Courier"},{"floor":32,"key":"Vajra"},{"floor":38,"key":"White Beast Statue"},{"floor":40,"key":"Letter Opener"},{"floor":41,"key":"Ornamental Fan"},{"floor":43,"key":"Anchor"},{"floor":44,"key":"Toxic Egg 2"}],"event_choices":[{"damage_healed":0,"gold_gain":100,"player_choice":"Pray","damage_taken":0,"max_hp_gain":0,"max_hp_loss":0,"event_name":"Golden Shrine","floor":3,"gold_loss":0},{"damage_healed":0,"gold_gain":100,"player_choice":"Pray","damage_taken":0,"max_hp_gain":0,"max_hp_loss":0,"event_name":"Golden Shrine","floor":20,"gold_loss":0},{"damage_healed":0,"gold_gain":0,"player_choice":"","damage_taken":6,"max_hp_gain":0,"max_hp_loss":0,"event_name":"Knowing Skull","floor":24,"potions_obtained":[],"gold_loss":0,"cards_obtained":[]},{"damage_healed":0,"gold_gain":0,"player_choice":"Ignored","damage_taken":0,"max_hp_gain":0,"max_hp_loss":0,"event_name":"Tomb of Lord Red Mask","floor":36,"gold_loss":0}],"is_beta":false,"boss_relics":[{"not_picked":["Coffee Dripper","Runic Dome"],"picked":"Calling Bell"},{"not_picked":["Sozu","Runic Pyramid"],"picked":"SlaversCollar"}],"items_purged_floors":[28],"is_endless":false,"potions_floor_spawned":[2,7,8,12,14,18,21,22,27,33,39,41,45],"killed_by":"Maw","ascension_level":0}}