{"host":"ormi09wwzv7sq47a","time":1609639481,"event":{"mods":["2.2 Compatiblity","AchievementEnabler","Act Like it!","BaseMod","Bestiary","Better Altar","Better Note","Better Sensory Stone","Better Skull","Better Third Choice","Better Vampires","BetterRewards","Block Reminder","Card Forge","Colored Map","Colored Powertips","Curses Come First","DeckTracker","Downfall","Highlight Path","Minty Spire (QoL Compilation)","Permanent Neow","Quick Restart","Rare Cards Sparkle","Relic Stats","Shop Mod","StSLib","The Jungle","The Servant 0.9.4"],"gold_per_floor":[117,135,35,51,61,61,61,61,61,73,73,90,90,12,12,91,91,110,31,31,43,53,85,99,99,99,79,93,93,112,147,147,223,223,252,84,100,116,132,159,179,179,179,224,240,240,254,269,269,269,269,269,44,44,44,44],"floor_reached":54,"playtime":3208,"items_purged":["Guardian:Strike_Guardian","Guardian:Defend_Guardian","Guardian:Strike_Guardian","Guardian:Strike_Guardian","Guardian:Defend_Guardian","Guardian:Defend_Guardian"],"score":1674,"play_id":"96a41f18-0549-445a-9367-9378473abbed","local_time":"20210102230441","is_ascension_mode":true,"campfire_choices":[{"data":"Guardian:GuardianWhirl","floor":6.0,"key":"SMITH"},{"data":"Guardian:TwinSlam","floor":8.0,"key":"SMITH"},{"floor":11.0,"key":"REST"},{"data":"Guardian:PrismaticBeam","floor":13.0,"key":"SMITH"},{"floor":15.0,"key":"REST"},{"floor":25.0,"key":"REST"},{"data":"Guardian:Strike_Guardian","floor":29.0,"key":"PURGE"},{"data":"Guardian:CrystalBeam","floor":32.0,"key":"SMITH"},{"floor":46,"key":"REST"},{"floor":49,"key":"RECALL"},{"data":"Guardian:BronzeArmor","floor":52,"key":"SMITH"}],"circlet_count":0,"master_deck":["AscendersBane","Guardian:CurlUp+1","Guardian:TwinSlam+1","Guardian:EvasiveProtocol","Guardian:GuardianWhirl+1","Guardian:PrismaticBeam+1","Guardian:GemFire","Guardian:Planning+1","Guardian:CrystalBeam+1","RitualDagger","Guardian:Incinerate","Guardian:FuturePlans","Guardian:SentryBeam","Guardian:DonusPower","Guardian:BronzeArmor+1","CurseOfTheBell","Guardian:TimeCapacitor+1","Guardian:Recover+1","Guardian:Repulse+1","Guardian:ArmoredProtocol+1","Guardian:PrismaticBeam+1","Guardian:ArmoredProtocol+1","Guardian:EvasiveProtocol+1","Guardian:EvasiveProtocol+1"],"relics":["Guardian:ModeShifter","Hammer of Thor","Seething Fire","Anvil of the Gods","Peace Pipe","Calipers","Matryoshka","Smiling Mask","White Beast Statue","Philosopher\u0027s Stone","Mummified Hand","Guardian:PocketSentry","Oddly Smooth Stone","Ice Cream","Calling Bell","MawBank","The Courier","Lizard Tail","Guardian:BottledStasis","Frozen Egg 2","Turnip"],"acts_visited":["Exordium","TheCity","TheBeyond","TheEnding"],"potions_floor_usage":[37,44,47,48,50],"damage_taken":[{"damage":5.0,"enemies":"Small Slimes","floor":1.0,"turns":4.0},{"damage":12.0,"enemies":"Cultist","floor":2.0,"turns":4.0},{"damage":1.0,"enemies":"Jaw Worm","floor":4.0,"turns":2.0},{"damage":0.0,"enemies":"2 Fungi Beasts","floor":5.0,"turns":2.0},{"damage":19.0,"enemies":"Exordium Thugs","floor":10.0,"turns":6.0},{"damage":10.0,"enemies":"Large Slime","floor":12.0,"turns":7.0},{"damage":41.0,"enemies":"The Guardian","floor":16.0,"turns":18.0},{"damage":2.0,"enemies":"Shell Parasite","floor":18.0,"turns":2.0},{"damage":0.0,"enemies":"Chosen","floor":21.0,"turns":2.0},{"damage":19.0,"enemies":"3 Cultists","floor":22.0,"turns":5.0},{"damage":15.0,"enemies":"Gremlin Leader","floor":23.0,"turns":5.0},{"damage":10.0,"enemies":"Snecko","floor":24.0,"turns":4.0},{"damage":0.0,"enemies":"Sentry and Sphere","floor":28.0,"turns":3.0},{"damage":0.0,"enemies":"Snake Plant","floor":30.0,"turns":1.0},{"damage":0.0,"enemies":"Book of Stabbing","floor":31.0,"turns":4.0},{"damage":7.0,"enemies":"Champ","floor":33.0,"turns":9.0},{"damage":0.0,"enemies":"Orb Walker","floor":35.0,"turns":2.0},{"damage":0,"enemies":"3 Darklings","floor":37,"turns":2},{"damage":1,"enemies":"Sphere and 2 Shapes","floor":38,"turns":3},{"damage":5,"enemies":"Spire Growth","floor":39,"turns":4},{"damage":26,"enemies":"Reptomancer","floor":40,"turns":6},{"damage":18,"enemies":"3 Darklings","floor":41,"turns":3},{"damage":10,"enemies":"2 Orb Walkers","floor":44,"turns":2},{"damage":12,"enemies":"4 Shapes","floor":45,"turns":3},{"damage":0,"enemies":"Writhing Mass","floor":47,"turns":3},{"damage":13,"enemies":"Jaw Worm Horde","floor":48,"turns":2},{"damage":60,"enemies":"Time Eater","floor":50,"turns":10},{"damage":69,"enemies":"Shield and Spear","floor":54,"turns":3}],"seed_played":"-2608487456144458232","potions_obtained":[{"floor":4.0,"key":"champ:CounterPotion"},{"floor":10.0,"key":"Guardian:BlockOnCardUsePotion"},{"floor":12.0,"key":"sneckomod:MuddlingPotion"},{"floor":16.0,"key":"Guardian:DefensiveModePotion"},{"floor":18.0,"key":"SkillPotion"},{"floor":21.0,"key":"EssenceOfSteel"},{"floor":22.0,"key":"SpeedPotion"},{"floor":23.0,"key":"hexamod:EctoCoolerPotion"},{"floor":24.0,"key":"sneckomod:MuddlingPotion"},{"floor":27.0,"key":"AttackPotion"},{"floor":28.0,"key":"Fruit Juice"},{"floor":30.0,"key":"BlessingOfTheForge"},{"floor":31.0,"key":"Fire Potion"},{"floor":33.0,"key":"Dexterity Potion"},{"floor":37,"key":"BlessingOfTheForge"},{"floor":39,"key":"FairyPotion"},{"floor":40,"key":"Energy Potion"},{"floor":41,"key":"PowerPotion"},{"floor":44,"key":"Swift Potion"},{"floor":45,"key":"Weak Potion"},{"floor":47,"key":"sneckomod:MuddlingPotion"},{"floor":48,"key":"Strength Potion"}],"is_trial":false,"path_per_floor":["M","M","$","M","M","R","?","R","T","M","R","M","R","$","R","B",null,"M","$","?","M","M","E","M","R","T","?","M","R","M","E","R","B",null,"M","$","M","M","M","E","M","?","T","?","M","R","M","M","R","B",null,"R","$","E"],"character_chosen":"GUARDIAN","items_purchased":["Peace Pipe","Matryoshka","Guardian:EvasiveProtocol","Guardian:Gem_Green","Guardian:CrystalBeam","Guardian:BottledStasis","Guardian:ArmoredProtocol+1","Guardian:EvasiveProtocol+1","Guardian:EvasiveProtocol+1"],"campfire_rested":4,"item_purchase_floors":[0,0,0,14,19,36,53,53,53],"current_hp_per_floor":[46,34,34,33,33,33,33,33,33,14,35,25,25,25,46,5,55,53,53,47,47,28,13,3,24,24,24,29,29,29,29,29,22,63,63,63,63,62,57,31,13,13,13,3,14,37,37,24,24,10,60,60,60,0,0,0],"gold":44,"neow_bonus":"","is_daily":false,"chose_seed":false,"campfire_upgraded":5,"win_rate":0.0,"timestamp":1609639481,"path_taken":["M","M","$","M","M","R","?","R","T","M","R","M","R","?","R","BOSS","M","$","?","M","M","E","M","R","T","?","M","R","M","E","R","BOSS","M","$","M","M","M","E","M","?","T","?","M","R","M","M","R","BOSS","R","$","E"],"items_purchased_type":["Relic","Relic","Card","Card","Card","Relic","Card","Card","Card"],"build_version":"2020-12-22","purchased_purges":6,"victory":false,"max_hp_per_floor":[72,72,72,72,72,72,72,72,72,72,72,72,72,72,72,72,72,72,72,72,72,72,72,72,72,72,72,77,77,77,77,77,77,77,77,77,77,77,77,77,77,77,77,77,77,77,77,77,77,77,77,77,77,77,77,77],"relic_stats":{"Peace Pipe":1,"Lizard Tail":38,"counters":[288,1325],"Mummified Hand":[55],"Turnip":[0],"Smiling Mask":375,"MawBank":24,"obtain_stats":[{"Guardian:StasisEgg":37,"Ginger":0,"Whetstone":26,"Sling":0,"Guardian:PickAxe":14,"Blood Vial":23,"Sundial":30,"MealTicket":0,"Kunai":53,"MerchantsRug":21,"Blue Candle":0,"Eternal Feather":9,"Pen Nib":44,"Guardian:PocketSentry":6,"Akabeko":0,"MutagenicStrength":22,"Bird Faced Urn":0,"Snecko Eye":17,"Pandora\u0027s Box":34,"StrikeDummy":43,"Unceasing Top":7,"Guardian:StasisSlotReductionRelic":17,"Lantern":29,"Torii":12,"Singing Bowl":21,"Guardian:StasisCodex":54,"StoneCalendar":38,"Bag of Preparation":21,"Ancient Tea Set":26,"Smiling Mask":30,"Cursed Key":17,"Matryoshka":9,"Shovel":40,"InkBottle":47,"Lee\u0027s Waffle":0,"Golden Idol":13,"PreservedInsect":17,"The Courier":34,"Omamori":46,"Seething Fire":0,"Frozen Egg 2":9,"MawBank":9,"betterThird:SlimedRelic":2,"Turnip":0,"Art of War":48,"Bottled Lightning":26,"hexamod:BolsterEngine":13,"Toy Ornithopter":44,"Ice Cream":31,"Calipers":30,"Gremlin Horn":26,"Nilry\u0027s Codex":25,"Vajra":31,"Guardian:SackOfGems":23,"Hammer of Thor":0,"Lizard Tail":0,"Centennial Puzzle":29,"HornCleat":22,"DollysMirror":31,"Strawberry":10,"Prayer Wheel":17,"Philosopher\u0027s Stone":34,"Toxic Egg 2":29,"Girya":10,"Guardian:BottledStasis":36,"Happy Flower":54,"Astrolabe":17,"Dead Branch":0,"Guardian:ModeShifter":0,"Oddly Smooth Stone":37,"Letter Opener":9,"War Paint":9,"Question Card":40,"OrangePellets":0,"Bottled Flame":26,"Shuriken":26,"Anvil of the Gods":0,"Bronze Scales":0,"Black Star":34,"Nloth\u0027s Gift":22,"Pocketwatch":7,"Meat on the Bone":24,"Darkstone Periapt":17,"Guardian:ModeShifterPlus":34,"Incense Burner":7,"Juzu Bracelet":7,"Dream Catcher":14,"Nunchaku":0,"Mummified Hand":8,"Tiny Chest":25,"Orichalcum":43,"Medical Kit":0,"White Beast Statue":21,"Mercury Hourglass":45,"Calling Bell":17,"Peace Pipe":0,"Guardian:StasisUpgradeRelic":53,"CaptainsWheel":9,"Anchor":9,"Bag of Marbles":48,"Membership Card":21,"FossilizedHelix":38,"TungstenRod":26},{"Guardian:StasisEgg":218,"Ginger":39,"Whetstone":249,"Sling":39,"Guardian:PickAxe":24,"Blood Vial":51,"Sundial":12,"MealTicket":171,"Kunai":109,"MerchantsRug":96,"Blue Candle":136,"Eternal Feather":44,"Pen Nib":35,"Guardian:PocketSentry":44,"Akabeko":84,"MutagenicStrength":180,"Bird Faced Urn":225,"Snecko Eye":246,"Pandora\u0027s Box":14,"StrikeDummy":256,"Unceasing Top":69,"Guardian:StasisSlotReductionRelic":7,"Lantern":29,"Torii":143,"Singing Bowl":209,"Guardian:StasisCodex":65,"StoneCalendar":189,"Bag of Preparation":96,"Ancient Tea Set":28,"Smiling Mask":99,"Cursed Key":177,"Matryoshka":194,"Shovel":220,"InkBottle":37,"Lee\u0027s Waffle":162,"Golden Idol":5,"PreservedInsect":25,"The Courier":276,"Omamori":106,"Seething Fire":0,"Frozen Egg 2":89,"MawBank":204,"betterThird:SlimedRelic":40,"Turnip":66,"Art of War":133,"Bottled Lightning":10,"hexamod:BolsterEngine":45,"Toy Ornithopter":105,"Ice Cream":275,"Calipers":124,"Gremlin Horn":52,"Nilry\u0027s Codex":149,"Vajra":30,"Guardian:SackOfGems":210,"Hammer of Thor":0,"Lizard Tail":17,"Centennial Puzzle":53,"HornCleat":50,"DollysMirror":99,"Strawberry":90,"Prayer Wheel":25,"Philosopher\u0027s Stone":186,"Toxic Egg 2":215,"Girya":80,"Guardian:BottledStasis":277,"Happy Flower":110,"Astrolabe":47,"Dead Branch":111,"Guardian:ModeShifter":0,"Oddly Smooth Stone":32,"Letter Opener":242,"War Paint":69,"Question Card":255,"OrangePellets":111,"Bottled Flame":123,"Shuriken":97,"Anvil of the Gods":0,"Bronze Scales":162,"Black Star":100,"Nloth\u0027s Gift":209,"Pocketwatch":116,"Meat on the Bone":248,"Darkstone Periapt":25,"Guardian:ModeShifterPlus":55,"Incense Burner":4,"Juzu Bracelet":168,"Dream Catcher":6,"Nunchaku":66,"Mummified Hand":141,"Tiny Chest":123,"Orichalcum":34,"Medical Kit":66,"White Beast Statue":96,"Mercury Hourglass":157,"Calling Bell":25,"Peace Pipe":76,"Guardian:StasisUpgradeRelic":109,"CaptainsWheel":4,"Anchor":21,"Bag of Marbles":63,"Membership Card":96,"FossilizedHelix":58,"TungstenRod":212},{"Guardian:StasisEgg":983,"Ginger":211,"Whetstone":1148,"Sling":211,"Guardian:PickAxe":121,"Blood Vial":270,"Sundial":61,"MealTicket":775,"Kunai":521,"MerchantsRug":476,"Blue Candle":609,"Eternal Feather":237,"Pen Nib":184,"Guardian:PocketSentry":237,"Akabeko":446,"MutagenicStrength":815,"Bird Faced Urn":1021,"Snecko Eye":1137,"Pandora\u0027s Box":75,"StrikeDummy":1185,"Unceasing Top":367,"Guardian:StasisSlotReductionRelic":38,"Lantern":150,"Torii":640,"Singing Bowl":955,"Guardian:StasisCodex":340,"StoneCalendar":861,"Bag of Preparation":476,"Ancient Tea Set":145,"Smiling Mask":485,"Cursed Key":801,"Matryoshka":883,"Shovel":992,"InkBottle":196,"Lee\u0027s Waffle":727,"Golden Idol":22,"PreservedInsect":130,"The Courier":1282,"Omamori":510,"Seething Fire":0,"Frozen Egg 2":456,"MawBank":929,"betterThird:SlimedRelic":214,"Turnip":349,"Art of War":591,"Bottled Lightning":50,"hexamod:BolsterEngine":240,"Toy Ornithopter":504,"Ice Cream":1273,"Calipers":565,"Gremlin Horn":274,"Nilry\u0027s Codex":664,"Vajra":154,"Guardian:SackOfGems":959,"Hammer of Thor":0,"Lizard Tail":91,"Centennial Puzzle":277,"HornCleat":266,"DollysMirror":485,"Strawberry":460,"Prayer Wheel":130,"Philosopher\u0027s Stone":845,"Toxic Egg 2":974,"Girya":426,"Guardian:BottledStasis":1284,"Happy Flower":525,"Astrolabe":259,"Dead Branch":532,"Guardian:ModeShifter":0,"Oddly Smooth Stone":167,"Letter Opener":1119,"War Paint":367,"Question Card":1177,"OrangePellets":532,"Bottled Flame":561,"Shuriken":479,"Anvil of the Gods":0,"Bronze Scales":727,"Black Star":490,"Nloth\u0027s Gift":955,"Pocketwatch":545,"Meat on the Bone":1146,"Darkstone Periapt":130,"Guardian:ModeShifterPlus":288,"Incense Burner":18,"Juzu Bracelet":761,"Dream Catcher":28,"Nunchaku":349,"Mummified Hand":631,"Tiny Chest":561,"Orichalcum":177,"Medical Kit":349,"White Beast Statue":476,"Mercury Hourglass":698,"Calling Bell":130,"Peace Pipe":412,"Guardian:StasisUpgradeRelic":521,"CaptainsWheel":18,"Anchor":107,"Bag of Marbles":326,"Membership Card":476,"FossilizedHelix":296,"TungstenRod":962}]},"card_choices":[{"not_picked":["Guardian:ShieldCharger","Guardian:VentSteam"],"picked":"Guardian:Gem_Cyan","floor":1.0},{"not_picked":["Guardian:CrystalBeam","Guardian:Gem_Green"],"picked":"Guardian:GuardianWhirl","floor":2.0},{"not_picked":["Guardian:ChargeCore","Guardian:Incinerate"],"picked":"Guardian:Gem_Blue","floor":4.0},{"not_picked":["Guardian:Gem_Green","Guardian:DonusPower"],"picked":"Guardian:Gem_White","floor":5.0},{"not_picked":["Guardian:TemporalShield","Guardian:WalkerClaw"],"picked":"Guardian:PrismaticBeam","floor":10.0},{"not_picked":["Guardian:SpikerProtocol","Guardian:Repulse"],"picked":"Guardian:Gem_Cyan","floor":12.0},{"not_picked":["Guardian:BaubleBeam","Guardian:StasisEngine"],"picked":"Guardian:GemFire","floor":16.0},{"not_picked":["Guardian:ChargeUp","Guardian:PrimingBeam"],"picked":"Guardian:Planning+1","floor":18.0},{"not_picked":["Guardian:Recover","Guardian:TimeBomb"],"picked":"Guardian:Gem_Blue","floor":21.0},{"not_picked":["Guardian:TemporalShield","Guardian:CrystalBeam"],"picked":"Guardian:Gem_Green","floor":22.0},{"not_picked":["Guardian:PolyBeam","Guardian:PrimingBeam"],"picked":"Guardian:Incinerate","floor":23.0},{"not_picked":["Guardian:Recover","Guardian:ChargeCore"],"picked":"Guardian:FuturePlans","floor":24.0},{"not_picked":["Guardian:PrimingBeam","Guardian:ChargeCore"],"picked":"Guardian:SentryBeam","floor":28.0},{"not_picked":["Guardian:TimeSifter","Guardian:RollAttack"],"picked":"Guardian:DonusPower","floor":30.0},{"not_picked":["Guardian:BronzeOrb","Guardian:RollAttack+1"],"picked":"Guardian:BronzeArmor","floor":31.0},{"not_picked":["Guardian:RevengeProtocol","Guardian:SphericShield"],"picked":"Guardian:Gem_Orange","floor":33.0},{"not_picked":["Guardian:Clone+1","Guardian:ShieldSpikes","Guardian:VentSteam"],"picked":"SKIP","floor":35.0},{"not_picked":["Guardian:PrismaticBeam","Guardian:ShieldCharger"],"picked":"Guardian:TimeCapacitor+1","floor":37},{"not_picked":["Guardian:PiercingHide","Guardian:FastForward"],"picked":"Guardian:Recover+1","floor":38},{"not_picked":["Guardian:MultiBeam","Guardian:CrystalBeam","Guardian:PiercingHide"],"picked":"SKIP","floor":39},{"not_picked":["Guardian:Gem_Red","Guardian:PrismaticBarrier+1"],"picked":"Guardian:Repulse+1","floor":40},{"not_picked":["Guardian:PiercingHide","Guardian:Harden","Guardian:Recover"],"picked":"SKIP","floor":41},{"not_picked":["Guardian:ChargeUp+1","Guardian:WalkerClaw"],"picked":"Guardian:ArmoredProtocol+1","floor":44},{"not_picked":["Guardian:VentSteam","Guardian:PrismaticBeam+1"],"picked":"Guardian:Gem_Blue","floor":45},{"not_picked":["Guardian:Gem_Blue","Guardian:Gem_Green"],"picked":"Guardian:PrismaticBeam+1","floor":47},{"not_picked":["Guardian:EvasiveProtocol+1","Guardian:FastForward"],"picked":"Guardian:Gem_Red","floor":48}],"player_experience":860884,"relics_obtained":[{"floor":9.0,"key":"Smiling Mask"},{"floor":9.0,"key":"White Beast Statue"},{"floor":23.0,"key":"Mummified Hand"},{"floor":26.0,"key":"Guardian:PocketSentry"},{"floor":26.0,"key":"Oddly Smooth Stone"},{"floor":31.0,"key":"Ice Cream"},{"floor":34.0,"key":"MawBank"},{"floor":34.0,"key":"The Courier"},{"floor":34.0,"key":"Lizard Tail"},{"floor":40,"key":"Frozen Egg 2"},{"floor":44,"key":"Turnip"}],"event_choices":[{"damage_healed":0.0,"max_hp_gain":0.0,"max_hp_loss":0.0,"gold_gain":0.0,"event_name":"betterThird:BetterNest","player_choice":"Dagger","floor":20.0,"gold_loss":0.0,"damage_taken":6.0,"cards_obtained":["RitualDagger"]},{"damage_healed":0.0,"max_hp_gain":0.0,"max_hp_loss":0.0,"gold_gain":0.0,"event_name":"The Woman in Blue","player_choice":"Bought 1 Potion","floor":27.0,"gold_loss":0.0,"damage_taken":0.0},{"damage_healed":0,"gold_gain":0,"player_choice":"Fight","damage_taken":0,"max_hp_gain":0,"max_hp_loss":0,"event_name":"Mysterious Sphere","floor":44,"gold_loss":0}],"is_beta":false,"boss_relics":[{"not_picked":["Snecko Eye","Guardian:ModeShifterPlus"],"picked":"Philosopher\u0027s Stone"},{"not_picked":["Guardian:StasisSlotReductionRelic","Pandora\u0027s Box"],"picked":"Calling Bell"}],"items_purged_floors":[0,3,14,19,36,53],"is_endless":false,"potions_floor_spawned":[4,10,12,16,18,21,22,23,24,28,30,31,33,35,37,38,39,40,41,44,45,47,48],"killed_by":"Shield and Spear","ascension_level":17}}