{"host":"sum4dy402bbv9y4o","time":1609645830,"event":{"mods":["Aspiration","BaseMod","Conspire","Highlight Path","Minty Spire (QoL Compilation)","StSLib"],"gold_per_floor":[116,116,34,52,68,68,114,146,170,170,18,47,59,59,59,133,133,152,152,20,20,35,35,55,89,89,108,142,142,169,188,188,188,188],"floor_reached":33,"playtime":1002,"items_purged":["conspire:GhostlyStrike+1"],"score":665,"play_id":"01fefe9a-d8b2-4f47-9480-230bedc681d7","local_time":"20210103065030","is_ascension_mode":true,"campfire_choices":[{"data":"Eruption","floor":6,"key":"SMITH"},{"floor":10,"key":"REST"},{"data":"Conclude","floor":15,"key":"SMITH"},{"data":"FlurryOfBlows","floor":23,"key":"SMITH"},{"floor":29,"key":"REST"},{"floor":32,"key":"REST"}],"circlet_count":0,"master_deck":["AscendersBane","conspire:GhostlyStrike","conspire:GhostlyStrike","conspire:GhostlyStrike","conspire:GhostlyDefend","conspire:GhostlyDefend+1","conspire:GhostlyDefend","conspire:GhostlyDefend","Eruption+1","Vigilance","Vault","SashWhip","Halt","EmptyFist","FearNoEvil","Consecrate","BowlingBash","Tantrum","FlurryOfBlows+1","Halt","Protect","Conclude+1","Judgement","FollowUp","FlurryOfBlows+1","Doubt","Halt","InnerPeace"],"relics":["PureWater","aspiration:HiddenCompartment","Damaru","Bag of Marbles","Gambling Chip","Cursed Key","Juzu Bracelet","aspiration:Nostalgia","Cracked Core","CeramicFish"],"acts_visited":["Exordium","TheCity"],"potions_floor_usage":[16,18,22,25,28,33],"damage_taken":[{"damage":0,"enemies":"2 Louse","floor":1,"turns":2},{"damage":6,"enemies":"Jaw Worm","floor":4,"turns":3},{"damage":0,"enemies":"Cultist","floor":5,"turns":2},{"damage":9,"enemies":"3 Sentries","floor":8,"turns":6},{"damage":0,"enemies":"Gremlin Nob","floor":12,"turns":2},{"damage":2,"enemies":"Gremlin Gang","floor":13,"turns":3},{"damage":16,"enemies":"Hexaghost","floor":16,"turns":8},{"damage":3,"enemies":"2 Thieves","floor":18,"turns":2},{"damage":5,"enemies":"Shell Parasite","floor":22,"turns":5},{"damage":0,"enemies":"Sentry and Sphere","floor":24,"turns":3},{"damage":10,"enemies":"Gremlin Leader","floor":25,"turns":4},{"damage":0,"enemies":"Snake Plant","floor":27,"turns":1},{"damage":15,"enemies":"Book of Stabbing","floor":28,"turns":4},{"damage":15,"enemies":"Centurion and Healer","floor":30,"turns":5},{"damage":0,"enemies":"Snecko","floor":31,"turns":2},{"damage":73,"enemies":"Collector","floor":33,"turns":6}],"seed_played":"1098316634997722434","potions_obtained":[{"floor":12,"key":"LiquidMemories"},{"floor":13,"key":"Explosive Potion"},{"floor":22,"key":"EssenceOfSteel"},{"floor":27,"key":"Regen Potion"},{"floor":28,"key":"CultistPotion"}],"is_trial":false,"path_per_floor":["M","?","$","M","M","R","T","E","T","R","$","E","M","?","R","B",null,"M","?","$","?","M","R","M","E","T","M","E","R","M","M","R","B"],"character_chosen":"WATCHER","items_purchased":["Halt","EmptyFist","Tantrum","FlurryOfBlows","Halt","SkillPotion"],"campfire_rested":3,"item_purchase_floors":[3,3,11,11,11,20],"current_hp_per_floor":[61,41,41,35,35,35,35,26,26,46,46,46,44,44,44,28,58,55,55,55,55,50,50,50,40,40,40,37,57,42,42,62,0,0],"gold":188,"neow_bonus":"ONE_RANDOM_RARE_CARD","is_daily":false,"chose_seed":false,"campfire_upgraded":3,"win_rate":0.0,"timestamp":1609645830,"path_taken":["M","?","$","M","M","R","?","E","T","R","$","E","M","?","R","BOSS","M","?","$","?","?","R","M","E","T","M","E","R","M","M","R","BOSS"],"items_purchased_type":["Card","Card","Card","Card","Card","Potion"],"build_version":"2020-12-22","purchased_purges":1,"victory":false,"max_hp_per_floor":[68,68,68,68,68,68,68,68,68,68,68,68,68,68,68,68,68,68,68,68,68,68,68,68,68,68,68,68,68,68,68,68,68,68],"card_choices":[{"not_picked":["EmptyFist","InnerPeace"],"picked":"SashWhip","floor":1},{"not_picked":["PathToVictory","Protect"],"picked":"FearNoEvil","floor":4},{"not_picked":["Pray","Evaluate"],"picked":"Consecrate","floor":5},{"not_picked":["Consecrate","Establishment"],"picked":"BowlingBash","floor":8},{"not_picked":["Collect","JustLucky"],"picked":"Protect","floor":12},{"not_picked":["Protect","PathToVictory"],"picked":"Conclude","floor":13},{"not_picked":["Scrawl","ConjureBlade"],"picked":"Judgement","floor":16},{"not_picked":["PathToVictory","BowlingBash"],"picked":"FollowUp","floor":18},{"not_picked":["EmptyFist+1","Protect"],"picked":"FlurryOfBlows+1","floor":22},{"not_picked":["Prostrate","FlurryOfBlows","FlyingSleeves"],"picked":"SKIP","floor":24},{"not_picked":["CutThroughFate","Swivel","SignatureMove"],"picked":"SKIP","floor":25},{"not_picked":["Crescendo","EmptyFist"],"picked":"Halt","floor":27},{"not_picked":["Halt+1","Wireheading","MasterReality"],"picked":"SKIP","floor":28},{"not_picked":["ClearTheMind","CrushJoints"],"picked":"InnerPeace","floor":30},{"not_picked":["FlyingSleeves+1","BattleHymn","Prostrate"],"picked":"SKIP","floor":31}],"player_experience":2898837,"relics_obtained":[{"floor":7,"key":"aspiration:HiddenCompartment"},{"floor":8,"key":"Damaru"},{"floor":9,"key":"Bag of Marbles"},{"floor":12,"key":"Gambling Chip"},{"floor":25,"key":"Juzu Bracelet"},{"floor":26,"key":"aspiration:Nostalgia"},{"floor":28,"key":"CeramicFish"}],"event_choices":[{"damage_healed":0,"gold_gain":0,"player_choice":"Entered Light","damage_taken":20,"max_hp_gain":0,"max_hp_loss":0,"event_name":"Shining Light","floor":2,"gold_loss":0,"cards_upgraded":["Defend_P","Strike_P"]},{"damage_healed":0,"gold_gain":0,"player_choice":"Agree","damage_taken":0,"max_hp_gain":0,"max_hp_loss":0,"event_name":"conspire:LoneGhost","floor":14,"gold_loss":0},{"damage_healed":0,"gold_gain":0,"player_choice":"0 cards matched","damage_taken":0,"max_hp_gain":0,"max_hp_loss":0,"event_name":"Match and Keep!","floor":21,"gold_loss":0,"cards_obtained":[]}],"is_beta":false,"boss_relics":[{"not_picked":["aspiration:FutureDiary","aspiration:PoetsPen"],"picked":"Cursed Key"}],"items_purged_floors":[20],"is_endless":false,"potions_floor_spawned":[12,13,22,27,28],"killed_by":"Collector","ascension_level":20}}