{"host":"Ian","time":1609674040,"event":{"mods":["BaseMod","Bestiary","Block Reminder","Colored Map","Highlight Path","Key Reminder","Minty Spire (QoL Compilation)","Relic Stats"],"gold_per_floor":[113,130,130,148,167,167,202,225,249,263,281,316,316,349,349,349,349],"floor_reached":16,"playtime":653,"items_purged":[],"score":348,"play_id":"24dc15bf-4cca-4786-9f1a-da06e5ca4146","local_time":"20210103114040","is_ascension_mode":true,"campfire_choices":[{"data":"Combust","floor":6,"key":"SMITH"},{"data":"Blood for Blood","floor":13,"key":"SMITH"},{"data":"Armaments","floor":15,"key":"SMITH"}],"circlet_count":0,"master_deck":["AscendersBane","Strike_R+1","Strike_R+1","Strike_R","Strike_R","Strike_R","Defend_R","Defend_R","Defend_R","Defend_R","Bash","Infernal Blade","Combust+1","Anger","Blood for Blood+1","Shrug It Off","Metallicize","Shrug It Off","Armaments+1","Demon Form"],"relics":["Burning Blood","NeowsBlessing","Golden Idol","Red Skull","Strawberry","Bronze Scales","Whetstone"],"acts_visited":["Exordium"],"potions_floor_usage":[7,12,12,14],"damage_taken":[{"damage":0,"enemies":"Cultist","floor":1,"turns":1},{"damage":0,"enemies":"2 Louse","floor":2,"turns":1},{"damage":0,"enemies":"Jaw Worm","floor":4,"turns":1},{"damage":8,"enemies":"Looter","floor":5,"turns":4},{"damage":14,"enemies":"3 Sentries","floor":7,"turns":4},{"damage":15,"enemies":"3 Louse","floor":8,"turns":5},{"damage":3,"enemies":"2 Fungi Beasts","floor":10,"turns":3},{"damage":4,"enemies":"Exordium Wildlife","floor":11,"turns":3},{"damage":19,"enemies":"Gremlin Nob","floor":12,"turns":4},{"damage":11,"enemies":"3 Sentries","floor":14,"turns":5}],"seed_played":"-3388211832750643377","potions_obtained":[{"floor":4,"key":"Regen Potion"},{"floor":5,"key":"Weak Potion"},{"floor":8,"key":"ElixirPotion"},{"floor":12,"key":"Swift Potion"}],"is_trial":false,"path_per_floor":["M","M","?","M","M","R","E","M","T","M","M","E","R","E","R","B"],"character_chosen":"IRONCLAD","items_purchased":[],"campfire_rested":0,"item_purchase_floors":[],"current_hp_per_floor":[74,75,49,55,53,53,59,50,57,60,62,49,49,44,44,0,0],"gold":349,"neow_bonus":"THREE_ENEMY_KILL","is_daily":false,"chose_seed":false,"campfire_upgraded":3,"win_rate":0.0,"timestamp":1609674040,"path_taken":["M","?","?","M","M","R","E","M","T","M","M","E","R","E","R","BOSS"],"items_purchased_type":[],"build_version":"2020-12-18","purchased_purges":0,"victory":false,"max_hp_per_floor":[75,75,75,75,75,75,75,75,82,82,82,82,82,82,82,82,82],"relic_stats":{"counters":[11,39],"Golden Idol":41,"Bronze Scales":[30],"Whetstone":["Strike_R","Strike_R"],"obtain_stats":[{"NeowsBlessing":0,"Golden Idol":3,"Strawberry":9,"Bronze Scales":12,"Whetstone":14,"Burning Blood":0,"Red Skull":7},{"NeowsBlessing":0,"Golden Idol":2,"Strawberry":6,"Bronze Scales":9,"Whetstone":10,"Burning Blood":0,"Red Skull":5},{"NeowsBlessing":0,"Golden Idol":2,"Strawberry":16,"Bronze Scales":26,"Whetstone":31,"Burning Blood":0,"Red Skull":11}],"Burning Blood":55},"card_choices":[{"not_picked":["Clothesline","Burning Pact"],"picked":"Infernal Blade","floor":1},{"not_picked":["Pommel Strike","Twin Strike"],"picked":"Combust","floor":2},{"not_picked":["Whirlwind","Evolve"],"picked":"Anger","floor":4},{"not_picked":["Entrench","Body Slam"],"picked":"Blood for Blood","floor":5},{"not_picked":["Twin Strike","Bludgeon","Anger"],"picked":"SKIP","floor":7},{"not_picked":["Clothesline","Thunderclap"],"picked":"Shrug It Off","floor":8},{"not_picked":["Dual Wield","Cleave"],"picked":"Metallicize","floor":10},{"not_picked":["Warcry","Anger"],"picked":"Shrug It Off","floor":11},{"not_picked":["Intimidate","Thunderclap"],"picked":"Armaments","floor":12},{"not_picked":["Dropkick","Feel No Pain"],"picked":"Demon Form","floor":14}],"player_experience":2621315,"relics_obtained":[{"floor":7,"key":"Red Skull"},{"floor":9,"key":"Strawberry"},{"floor":12,"key":"Bronze Scales"},{"floor":14,"key":"Whetstone"}],"event_choices":[{"damage_healed":0,"gold_gain":0,"player_choice":"Take Damage","damage_taken":26,"relics_obtained":["Golden Idol"],"max_hp_gain":0,"max_hp_loss":0,"event_name":"Golden Idol","floor":3,"gold_loss":0}],"is_beta":true,"boss_relics":[],"items_purged_floors":[],"is_endless":false,"potions_floor_spawned":[4,5,8,10,12],"killed_by":"The Guardian","ascension_level":20}}