{"host":"px2oznrenyeljk7o","time":1609684398,"event":{"mods":["A Magickal Journey","AchievementEnabler","Arknights The Spire","BaseMod","Better Altar","Better Match","Better Note","Better Sensory Stone","Better Third Choice","Conspire","Curses Come First","GifTheSpireLib","GungeonMod","Hermit","Koishi","Lobotomy","LobotomyExtend","Minty Spire (QoL Compilation)","Nova Terra(??·??)","Potionbrewer","Reimu??????","Replay The Spire","Robot Space Explorer","Small Relic Pack","Somnambulant","Spicy Shops","StSLib","Stuff the Spire","The Administrix","The Alterego","The Blackbeard","The Blue Laboratory","The Bug Knight","The Construct","The Cursed","The Disciple","The Gatherer","The Hayseed","The Hierophant","The Jungle","The Marked","The Poker Player","The Runesmith","Yakumo Yukari mod","Yuri Mod","everything is the same but u backflip on backflip","slay the spire mod where everything is the same but ironclad has a cowboy hat"],"gold_per_floor":[109,119,134,153,172,172,188,15,15,15,31,31,31,41,41,143,143,156,156,170,180,180,180],"floor_reached":22,"playtime":3201,"items_purged":[],"score":182,"play_id":"4b8219fe-ebba-412e-bbec-9f66ecd152e1","local_time":"20210103153318","is_ascension_mode":false,"campfire_choices":[{"floor":6,"key":"REST"},{"floor":12,"key":"REST"},{"floor":15,"key":"REST"}],"circlet_count":0,"master_deck":["Strike_G","Strike_G","Strike_G","Strike_G","Strike_G","Defend_G","Defend_G","Defend_G","Defend_G","Defend_G","Survivor","Neutralize","Night Terror","Backflip","PiercingWail","Cloak And Dagger","PiercingWail","Hidden Blade","Sucker Punch","Sucker Punch","Flying Knee","Poisoned Stab","ReplayTheSpireMod:Exploit Weakness","A Thousand Cuts","StuffTheSpire:ClusterCrunch","Noxious Fumes","Cloak And Dagger+1","Deflect+1"],"relics":["Ring of the Snake","LetterFromLob","potionbrewer:ToyAutogyro","DemoMod:BlueGuonStone","Omamori","Ring of Chaos"],"acts_visited":["Exordium","Exordium"],"potions_floor_usage":[14,16],"damage_taken":[{"damage":0.0,"enemies":"Cultist","floor":1.0,"turns":5.0},{"damage":1.0,"enemies":"Small Slimes","floor":2.0,"turns":5.0},{"damage":4.0,"enemies":"Jaw Worm","floor":3.0,"turns":9.0},{"damage":0.0,"enemies":"Large Slime","floor":4.0,"turns":11.0},{"damage":43.0,"enemies":"Exordium Thugs","floor":5.0,"turns":10.0},{"damage":1,"enemies":"Red Slaver","floor":7,"turns":8},{"damage":2,"enemies":"Blue Slaver","floor":11,"turns":4},{"damage":0,"enemies":"Looter","floor":14,"turns":3},{"damage":30,"enemies":"Slime Boss","floor":16,"turns":13},{"damage":6,"enemies":"theJungle:MUSHROOMGANG","floor":18,"turns":8},{"damage":31,"enemies":"theJungle:GiantWrat","floor":20,"turns":9},{"damage":29,"enemies":"theJungle:2_Flameangoes","floor":21,"turns":11},{"damage":9,"enemies":"theJungle:Lyon","floor":22,"turns":6}],"seed_played":"6778696833465193115","potions_obtained":[{"floor":1.0,"key":"blueLaboratory:NullPotion"},{"floor":2.0,"key":"potionbrewer:CleansingPotion"},{"floor":11,"key":"SkillPotion"},{"floor":21,"key":"blueLaboratory:AbyssPotion"}],"is_trial":false,"path_per_floor":["M","M","M","M","M","R","M","$","T","?","M","R","T","M","R","B",null,"M","?","M","M","M"],"character_chosen":"THE_SILENT","items_purchased":["Sucker Punch","potionbrewer:ToyAutogyro","Flying Knee"],"campfire_rested":3,"item_purchase_floors":[8,8,8],"current_hp_per_floor":[70,69,65,65,22,43,42,42,42,42,40,61,61,61,70,40,70,64,64,33,4,0,0],"gold":180,"neow_bonus":"ONE_RANDOM_RARE_CARD","is_daily":false,"chose_seed":false,"campfire_upgraded":0,"win_rate":0.0,"timestamp":1609684398,"path_taken":["M","M","M","M","?","R","M","$","T","?","M","R","?","M","R","BOSS","M","?","M","M","?"],"items_purchased_type":["Card","Relic","Card"],"build_version":"2020-12-22","purchased_purges":0,"victory":false,"max_hp_per_floor":[70,70,70,70,70,70,70,70,70,70,70,70,70,70,70,70,70,70,70,70,70,70,70],"card_choices":[{"not_picked":["Dagger Throw","Hidden Blade"],"picked":"Backflip","floor":1.0},{"not_picked":["Dagger Spray","Slice"],"picked":"PiercingWail","floor":2.0},{"not_picked":["Prepared","Heel Hook"],"picked":"Cloak And Dagger","floor":3.0},{"not_picked":["ReplayTheSpireMod:Exploit Weakness","Underhanded Strike"],"picked":"PiercingWail","floor":4.0},{"not_picked":["PiercingWail","Bane"],"picked":"Hidden Blade","floor":5.0},{"not_picked":["Hidden Blade","Flechettes"],"picked":"Sucker Punch","floor":7},{"not_picked":["Replay:Poison Smokescreen","Poison Darts"],"picked":"Poisoned Stab","floor":11},{"not_picked":["Backflip","Endless Agony"],"picked":"ReplayTheSpireMod:Exploit Weakness","floor":14},{"not_picked":["ReplayTheSpireMod:Necrosis","Die Die Die"],"picked":"A Thousand Cuts","floor":16},{"not_picked":["Deflect","Bane+1"],"picked":"StuffTheSpire:ClusterCrunch","floor":18},{"not_picked":["ReplayTheSpireMod:Speed Training","Flechettes"],"picked":"Cloak And Dagger+1","floor":20},{"not_picked":["StuffTheSpire:BumpUp","Catalyst"],"picked":"Deflect+1","floor":21}],"player_experience":422604,"relics_obtained":[{"floor":1.0,"key":"LetterFromLob"},{"floor":9,"key":"DemoMod:BlueGuonStone"},{"floor":13,"key":"Omamori"}],"event_choices":[{"damage_healed":0,"gold_gain":0,"player_choice":"Ignored","damage_taken":0,"max_hp_gain":0,"max_hp_loss":0,"event_name":"Golden Wing","floor":10,"gold_loss":0},{"cards_removed":["PiercingWail"],"damage_healed":0,"gold_gain":0,"player_choice":"Take \u0026 Give","damage_taken":0,"max_hp_gain":0,"max_hp_loss":0,"event_name":"betterNote:BetterNote","floor":19,"gold_loss":0,"cards_obtained":["Noxious Fumes"]}],"is_beta":false,"boss_relics":[{"not_picked":["Snecko Heart","Snecko Eye"],"picked":"Ring of Chaos"}],"items_purged_floors":[],"is_endless":false,"potions_floor_spawned":[1,2,7,11,21],"killed_by":"theJungle:Lyon","ascension_level":0}}