{"host":"nptej036rrbiurf5","time":1609660383,"event":{"mods":["BaseMod","Colored Map","Colored Powertips","DeckTracker","Minty Spire (QoL Compilation)","StSLib","SuperFastMode"],"gold_per_floor":[112,112,130,144,144,27,27,27,106,139,139,162,174,192,192,269,269,285,146,165,184,184,184,234,23,47,47,47,47,47],"floor_reached":29,"playtime":564,"items_purged":["Strike_B","Strike_B","Strike_B+1"],"score":420,"play_id":"0434c809-97e0-4d38-8eee-2893d0810095","local_time":"20210103165303","is_ascension_mode":true,"campfire_choices":[{"data":"Darkness","floor":7.0,"key":"SMITH"},{"data":"Reinforced Body","floor":11.0,"key":"SMITH"},{"data":"Darkness","floor":15.0,"key":"SMITH"},{"floor":23,"key":"REST"},{"data":"Heatsinks","floor":28,"key":"SMITH"}],"circlet_count":0,"master_deck":["AscendersBane","Defend_B","Defend_B","Defend_B","Defend_B","Zap","Dualcast","Darkness+1","Darkness+1","Compile Driver","Defragment+1","Reinforced Body+1","Steam","Hologram","Leap","Heatsinks+1","Heatsinks+1"],"relics":["Cracked Core","Bottled Tornado","Art of War","DataDisk","Busted Crown"],"acts_visited":["Exordium","TheCity"],"potions_floor_usage":[29,29],"damage_taken":[{"damage":0.0,"enemies":"2 Louse","floor":1.0,"turns":2.0},{"damage":1.0,"enemies":"Cultist","floor":3.0,"turns":3.0},{"damage":7.0,"enemies":"Jaw Worm","floor":4.0,"turns":3.0},{"damage":25.0,"enemies":"3 Sentries","floor":10.0,"turns":8.0},{"damage":3.0,"enemies":"Red Slaver","floor":13.0,"turns":3.0},{"damage":0.0,"enemies":"Exordium Wildlife","floor":14.0,"turns":2.0},{"damage":7.0,"enemies":"The Guardian","floor":16.0,"turns":7.0},{"damage":8,"enemies":"2 Thieves","floor":18,"turns":3},{"damage":0,"enemies":"Chosen","floor":20,"turns":3},{"damage":6,"enemies":"Snecko","floor":21,"turns":3},{"damage":48,"enemies":"Gremlin Leader","floor":29,"turns":5}],"seed_played":"-4675145376255528951","potions_obtained":[{"floor":3.0,"key":"Block Potion"},{"floor":10.0,"key":"Block Potion"}],"is_trial":false,"path_per_floor":["M","?","M","M","?","$","R","?","T","E","R","T","M","M","R","B",null,"M","$","M","M","?","R","?","$","T","?","R","E"],"character_chosen":"DEFECT","items_purchased":["Reinforced Body","Heatsinks","Heatsinks"],"campfire_rested":1,"item_purchase_floors":[6,19,25],"current_hp_per_floor":[64,57,56,49,28,28,28,51,51,26,26,26,23,23,23,16,57,49,49,49,43,23,45,45,45,45,45,45,0,0],"gold":47,"neow_bonus":"THREE_CARDS","is_daily":false,"chose_seed":false,"campfire_upgraded":4,"win_rate":0.0,"timestamp":1609660383,"path_taken":["M","?","M","M","?","$","R","?","T","E","R","?","M","M","R","BOSS","M","$","M","M","?","R","?","$","T","?","R","E"],"items_purchased_type":["Card","Card","Card"],"build_version":"2020-12-22","purchased_purges":3,"victory":false,"max_hp_per_floor":[71,71,71,71,71,71,71,71,71,71,71,71,71,71,71,71,71,71,71,71,71,76,76,76,76,76,76,76,76,76],"card_choices":[{"not_picked":["Sweeping Beam","Capacitor"],"picked":"Darkness","floor":0.0},{"not_picked":["Beam Cell","Tempest"],"picked":"Darkness","floor":1.0},{"not_picked":["Capacitor","Barrage"],"picked":"Compile Driver","floor":3.0},{"not_picked":["Barrage","Rebound"],"picked":"Defragment","floor":4.0},{"not_picked":["Scrape","Stack"],"picked":"Steam","floor":10.0},{"not_picked":["Coolheaded","Rebound"],"picked":"Hologram","floor":13.0},{"not_picked":["Machine Learning","Melter","Cold Snap"],"picked":"SKIP","floor":14.0},{"not_picked":[],"picked":"Leap","floor":18},{"not_picked":["Rebound"],"picked":"SKIP","floor":20},{"not_picked":["Go for the Eyes"],"picked":"SKIP","floor":21}],"player_experience":872731,"relics_obtained":[{"floor":9.0,"key":"Bottled Tornado"},{"floor":10.0,"key":"Art of War"},{"floor":12.0,"key":"DataDisk"}],"event_choices":[{"cards_removed":["Strike_B"],"damage_healed":0.0,"max_hp_gain":0.0,"max_hp_loss":0.0,"gold_gain":0.0,"event_name":"Golden Wing","player_choice":"Card Removal","floor":2.0,"gold_loss":0.0,"damage_taken":7.0},{"damage_healed":0.0,"max_hp_gain":0.0,"max_hp_loss":0.0,"gold_gain":0.0,"event_name":"Shining Light","player_choice":"Entered Light","floor":5.0,"gold_loss":0.0,"damage_taken":21.0,"cards_upgraded":["Strike_B","Defragment"]},{"damage_healed":23.0,"max_hp_gain":0.0,"max_hp_loss":0.0,"gold_gain":0.0,"event_name":"Big Fish","player_choice":"Banana","floor":8.0,"gold_loss":0.0,"damage_taken":0.0},{"damage_healed":0,"gold_gain":0,"player_choice":"Shed Blood","damage_taken":25,"max_hp_gain":5,"max_hp_loss":0,"event_name":"Forgotten Altar","floor":22,"gold_loss":0},{"damage_healed":0,"gold_gain":50,"player_choice":"Stole From Cult","damage_taken":0,"max_hp_gain":0,"max_hp_loss":0,"event_name":"Nest","floor":24,"gold_loss":0},{"damage_healed":0,"gold_gain":0,"player_choice":"Upgraded","damage_taken":0,"max_hp_gain":0,"max_hp_loss":0,"event_name":"Upgrade Shrine","floor":27,"gold_loss":0,"cards_upgraded":["Heatsinks"]}],"is_beta":false,"boss_relics":[{"not_picked":["Tiny House","Runic Dome"],"picked":"Busted Crown"}],"items_purged_floors":[6,19,25],"is_endless":false,"potions_floor_spawned":[3,10,14,16,21],"killed_by":"Gremlin Leader","ascension_level":18}}