{"host":"1zjc08c6hob33401","time":1609686238,"event":{"mods":["AchievementEnabler","Act Like it!","Aspiration","BaseMod","Downfall","Energized Spire","Evolution","GifTheSpireLib","Hubris","Infinite Spire","Jedi Mod","Minty Spire (QoL Compilation)","Pale of the Ancients","Quick Restart","Replay The Spire","Retaliation","Shop Mod","StSLib","Stuff the Spire","The Blue Laboratory","Wandering Minibosses","vexMod"],"gold_per_floor":[110,35,49,61,13,13,39,39,39,39,39,49,49,69,69,174,174,194,294,305,320,320,320,123,135,135,135,168,168,168,181,181,279,279,295,305,27,43,63,97,97,97,166,166,176,191,206,224,224,224,238,238,238,113,113,131,131,131,131,131],"floor_reached":61,"playtime":6921,"items_purged":["Defend_B","Defend_B","hubris:Compulsion","Shame"],"score":1319,"play_id":"340dee05-94cd-4ca9-9eed-01b12f4de396","local_time":"20210103170358","is_ascension_mode":true,"campfire_choices":[{"data":"Fission","floor":6.0,"key":"SMITH"},{"data":"StuffTheSpire:Innocence","floor":10.0,"key":"SMITH"},{"data":"Self Repair","floor":23.0,"key":"SMITH"},{"data":"Electrodynamics","floor":29.0,"key":"SMITH"},{"data":"infinitespire:UltimateForm","floor":32.0,"key":"SMITH"},{"data":"Biased Cognition","floor":41.0,"key":"SMITH"},{"data":"Biased Cognition","floor":44.0,"key":"SMITH"},{"data":"ReplayRNGCard","floor":55,"key":"SMITH"},{"data":"Capacitor","floor":57,"key":"SMITH"}],"circlet_count":0,"master_deck":["Compile Driver+1","Compile Driver","Compile Driver+1","Compile Driver","Leap","Zap","Dualcast","Echo Form+1","BootSequence","Coolheaded","Fission+1","Ball Lightning","Ball Lightning","StuffTheSpire:Innocence+1","Time Bomb","Darkness","Electrodynamics+1","jedi:blockon+1","Chill+1","Cold Snap","jedi:locknload","Redo+1","Self Repair+1","infinitespire:UltimateForm+1","Capacitor+1","Rebound","Cold Snap","Time Bomb","Biased Cognition+1","Buffer","Core Surge","Buffer+1","jedi:locknload","Streamline+1","jedi:blockon","Biased Cognition+1","FTL","jedi:blockon","ReplaySort","Hello World+1","BasicCrystalCard","jedi:sharpshooter+1","jedi:hex+1","Consume+1","ReplayRNGCard+1"],"relics":["Cracked Core","EVO:Axolotl","infinitespire:BottledMercury","energizedSpire:StickyHand","hubris:EmptyBottle","MerchantsRug","jedi:crownofsimplicity","MealTicket","Ancient Tea Set","energizedSpire:NeverEndingSparkler","StuffTheSpire:ColdMirror","ReplayTheSpireMod:CursedCoin","Regal Pillow","hubris:TinFlute","paleoftheancients:Timepiece","paleoftheancients:KeyRelic","Gremlin Horn","CultistMask","paleoftheancients:SoulOfTheHexaghost","hubris:Potato"],"acts_visited":[],"potions_floor_usage":[52,52,56,60,60,60,60,60,60,60,60,60,60,60],"damage_taken":[{"damage":6.0,"enemies":"Cultist","floor":1.0,"turns":5.0},{"damage":0.0,"enemies":"Small Slimes","floor":3.0,"turns":3.0},{"damage":5.0,"enemies":"2 Louse","floor":4.0,"turns":2.0},{"damage":14.0,"enemies":"Lagavulin","floor":7.0,"turns":6.0},{"damage":4.0,"enemies":"Red Slaver","floor":12.0,"turns":2.0},{"damage":4.0,"enemies":"3 Louse","floor":14.0,"turns":2.0},{"damage":15.0,"enemies":"Fading Forest","floor":16.0,"turns":11.0},{"damage":5.0,"enemies":"2 Thieves","floor":18.0,"turns":2.0},{"damage":0.0,"enemies":"Shell Parasite","floor":20.0,"turns":2.0},{"damage":0.0,"enemies":"Sentry and Sphere","floor":21.0,"turns":3.0},{"damage":0.0,"enemies":"Chosen and Byrds","floor":25.0,"turns":4.0},{"damage":12.0,"enemies":"Replay:Snechameleon","floor":28.0,"turns":4.0},{"damage":18.0,"enemies":"Snecko","floor":31.0,"turns":3.0},{"damage":23.0,"enemies":"Champ","floor":33.0,"turns":6.0},{"damage":0.0,"enemies":"Orb Walker","floor":35.0,"turns":2.0},{"damage":9.0,"enemies":"3 Shapes","floor":36.0,"turns":4.0},{"damage":17.0,"enemies":"3 Darklings","floor":38.0,"turns":4.0},{"damage":26.0,"enemies":"4 Shapes","floor":39.0,"turns":5.0},{"damage":35.0,"enemies":"Nemesis","floor":40.0,"turns":7.0},{"damage":0.0,"enemies":"Jaw Worm Horde","floor":45.0,"turns":3.0},{"damage":0.0,"enemies":"Maw","floor":46.0,"turns":5.0},{"damage":29.0,"enemies":"Spire Growth","floor":47.0,"turns":4.0},{"damage":28.0,"enemies":"Jaw Worm Horde","floor":48.0,"turns":5.0},{"damage":0.0,"enemies":"Replay:Hell Engine","floor":50.0,"turns":8.0},{"damage":46,"enemies":"Replay:Hell Engine","floor":51,"turns":6},{"damage":28,"enemies":"Replay:Hell Engine","floor":52,"turns":2},{"damage":0,"enemies":"Replay:Hell Engine","floor":56,"turns":5},{"damage":44,"enemies":"paleoftheancients:N","floor":60,"turns":10}],"seed_played":"-2911435152776157694","potions_obtained":[{"floor":7.0,"key":"blueLaboratory:PlasmaFuel"},{"floor":14.0,"key":"blueLaboratory:RememoryPotion"},{"floor":16.0,"key":"PowerPotion"},{"floor":18.0,"key":"FocusPotion"},{"floor":21.0,"key":"PotionOfCapacity"},{"floor":33.0,"key":"jedi:coolantleak"},{"floor":38.0,"key":"Regen Potion"},{"floor":40.0,"key":"Elixir"},{"floor":47.0,"key":"EntropicBrew"},{"floor":48.0,"key":"blueLaboratory:CoolantVial"},{"floor":56,"key":"Reflective Coating"}],"is_trial":false,"path_per_floor":["M","$","M","M","$","R","E","?","T","R","$","M","?","M","R","B",null,"M","?","M","M","AVR","R","$","M","T","?","E","R","T","M","R","B",null,"M","M","$","M","M","E","R","?","T","R","M","M","M","M","R","B","M","M","?","$","R","M","R","T","?","B",null],"character_chosen":"DEFECT","items_purchased":["Ball Lightning","Capacitor","MerchantsRug","StuffTheSpire:ColdMirror","ReplayTheSpireMod:CursedCoin","Buffer"],"campfire_rested":0,"item_purchase_floors":[5,24,24,37,37,37],"current_hp_per_floor":[62,62,62,57,57,57,43,43,43,43,43,39,24,20,42,35,65,60,60,60,67,67,67,67,75,75,75,73,73,73,65,65,62,72,72,63,75,68,42,52,52,52,52,52,62,62,43,25,62,74,28,75,75,75,75,75,75,75,75,41],"gold":131,"neow_bonus":"ONE_RANDOM_RARE_CARD","is_daily":false,"chose_seed":false,"campfire_upgraded":9,"win_rate":0.0,"timestamp":1609686238,"path_taken":["M","$","M","M","$","R","E","?","T","R","$","M","?","M","R","BOSS","M","?","M","M","AVR","R","$","?","T","?","E","R","?","M","R","BOSS","M","M","$","M","M","E","R","?","T","R","M","M","M","M","R","BOSS","M","M","?","$","R","M","R","T","?","BOSS"],"items_purchased_type":["Card","Card","Relic","Relic","Relic","Card"],"build_version":"2020-12-22","purchased_purges":4,"victory":true,"max_hp_per_floor":[75,75,75,75,75,75,75,75,75,75,75,75,75,75,75,75,75,75,75,75,75,75,75,75,75,75,75,75,75,75,75,75,75,75,75,75,75,75,75,75,75,75,75,75,75,75,75,75,75,75,75,75,75,75,75,75,75,75,75,75],"card_choices":[{"not_picked":["StuffTheSpire:LoadUp","Melter"],"picked":"BootSequence","floor":1.0},{"not_picked":["Rebound","StuffTheSpire:LoadUp"],"picked":"Coolheaded","floor":3.0},{"not_picked":["Barrage","Coolheaded"],"picked":"Fission","floor":4.0},{"not_picked":["jedi:BurstLightning","Hologram"],"picked":"Ball Lightning","floor":7.0},{"not_picked":["StuffTheSpire:Brawn","StuffTheSpire:Rapture"],"picked":"StuffTheSpire:Innocence","floor":8.0},{"not_picked":["Skim","Lockon"],"picked":"Time Bomb","floor":12.0},{"not_picked":["Redo","StuffTheSpire:Plugnplay"],"picked":"Darkness","floor":14.0},{"not_picked":["Reboot","Biased Cognition"],"picked":"Electrodynamics","floor":16.0},{"not_picked":["jedi:blockon+1","Cold Snap"],"picked":"Chill+1","floor":18.0},{"not_picked":["jedi:locknload","Redo+1"],"picked":"Self Repair","floor":20.0},{"not_picked":["Stack","Gash+1","jedi:BurstFrost"],"picked":"SKIP","floor":21.0},{"not_picked":["Rebound","Cold Snap"],"picked":"Time Bomb","floor":25.0},{"not_picked":["Compile Driver","Turbo","Redo"],"picked":"SKIP","floor":28.0},{"not_picked":["StuffTheSpire:Coldhearted","Panic Button","Leap"],"picked":"SKIP","floor":31.0},{"not_picked":["Biased Cognition","Core Surge"],"picked":"Buffer","floor":33.0},{"not_picked":["jedi:blockon+1","Steam","Turbo"],"picked":"SKIP","floor":35.0},{"not_picked":["Rebound+1","StuffTheSpire:LoadUp","Compile Driver"],"picked":"SKIP","floor":36.0},{"not_picked":["Redo","ReplayGash","Gash"],"picked":"SKIP","floor":38.0},{"not_picked":["jedi:locknload","jedi:blockon"],"picked":"Streamline+1","floor":39.0},{"not_picked":["Biased Cognition","jedi:blockon"],"picked":"FTL","floor":40.0},{"not_picked":["ReplaySort","BasicCrystalCard"],"picked":"Hello World+1","floor":45.0},{"not_picked":["Leap","Coolheaded","Gash+1"],"picked":"SKIP","floor":46.0},{"not_picked":["jedi:sharpshooter+1","Consume+1"],"picked":"jedi:hex+1","floor":47.0},{"not_picked":["Rebound","Redo+1","jedi:blockon"],"picked":"SKIP","floor":48.0},{"not_picked":["Cold Snap+1","StuffTheSpire:NuclearReactor","Turbo"],"picked":"SKIP","floor":51},{"not_picked":["Cold Snap","Conserve Battery+1","Streamline+1"],"picked":"SKIP","floor":56}],"player_experience":452536,"relics_obtained":[{"floor":7.0,"key":"Vajra"},{"floor":9.0,"key":"infinitespire:BottledMercury"},{"floor":26.0,"key":"jedi:crownofsimplicity"},{"floor":28.0,"key":"MealTicket"},{"floor":30.0,"key":"Ancient Tea Set"},{"floor":40.0,"key":"Regal Pillow"},{"floor":43.0,"key":"hubris:TinFlute"},{"floor":56,"key":"paleoftheancients:SoulOfTheHexaghost"},{"floor":58,"key":"hubris:Potato"}],"event_choices":[{"damage_healed":0.0,"max_hp_gain":0.0,"max_hp_loss":0.0,"gold_gain":0.0,"event_name":"Shining Light","player_choice":"Entered Light","floor":13.0,"gold_loss":0.0,"damage_taken":15.0,"cards_upgraded":["Compile Driver","Compile Driver"]},{"damage_healed":0.0,"max_hp_gain":0.0,"max_hp_loss":0.0,"gold_gain":100.0,"event_name":"Golden Shrine","player_choice":"Pray","floor":19.0,"gold_loss":0.0,"damage_taken":0.0},{"damage_healed":0,"gold_gain":0,"cards_transformed":["Leap"],"player_choice":"Transformed","damage_taken":0,"max_hp_gain":0,"max_hp_loss":0,"event_name":"Transmorgrifier","floor":53,"gold_loss":0,"cards_obtained":["ReplayRNGCard"]}],"is_beta":false,"boss_relics":[{"not_picked":["hubris:Backtick","vexMod:EndlessSickness"],"picked":"energizedSpire:StickyHand"},{"not_picked":["Philosopher\u0027s Stone","jedi:paperlyon"],"picked":"energizedSpire:NeverEndingSparkler"}],"items_purged_floors":[2,22,37,54],"is_endless":false,"potions_floor_spawned":[7,14,16,18,21,33,38,40,47,48,56],"ascension_level":6}}