{"host":"q9718omregw4er46","time":1609698962,"event":{"mods":["BaseMod","Bestiary","Colored Powertips","Minty Spire (QoL Compilation)","Quick Restart","Relic Stats"],"gold_per_floor":[113,132,143,154,154,154,185,185,185,211,43,68,78,91,91,169,169,189,239,256,256,269,269,269],"floor_reached":23,"playtime":777,"items_purged":[],"score":451,"play_id":"95b62c79-d7a4-4d99-b1f9-abd2d2591942","local_time":"20210103233602","is_ascension_mode":true,"campfire_choices":[{"data":"Immolate","floor":6,"key":"SMITH"},{"data":"Bash","floor":8,"key":"SMITH"},{"data":"True Grit","floor":15,"key":"SMITH"}],"circlet_count":0,"master_deck":["AscendersBane","Defend_R","Defend_R","Defend_R","Defend_R","Bash+1","Immolate+1","Pommel Strike","Anger","Twin Strike","Bloodletting","True Grit+1","Dark Embrace+1","Feed","Disarm","Bite","Bite","Bite","Bite","Bite","Armaments+1"],"relics":["Burning Blood","Calipers","Champion Belt","Shovel","Orichalcum","Frozen Egg 2","Snecko Eye"],"acts_visited":["Exordium","TheCity"],"potions_floor_usage":[10,13,16,22],"damage_taken":[{"damage":0,"enemies":"2 Louse","floor":1,"turns":2},{"damage":7,"enemies":"Jaw Worm","floor":2,"turns":3},{"damage":1,"enemies":"Cultist","floor":3,"turns":3},{"damage":7,"enemies":"Looter","floor":4,"turns":3},{"damage":15,"enemies":"3 Sentries","floor":7,"turns":5},{"damage":43,"enemies":"Lagavulin","floor":10,"turns":8},{"damage":8,"enemies":"3 Sentries","floor":12,"turns":4},{"damage":2,"enemies":"Exordium Wildlife","floor":13,"turns":2},{"damage":14,"enemies":"Lots of Slimes","floor":14,"turns":3},{"damage":3,"enemies":"Slime Boss","floor":16,"turns":7},{"damage":14,"enemies":"Chosen","floor":18,"turns":4},{"damage":8,"enemies":"Spheric Guardian","floor":20,"turns":3},{"damage":13,"enemies":"3 Cultists","floor":22,"turns":3},{"damage":13,"enemies":"Gremlin Leader","floor":23,"turns":4}],"seed_played":"6578704309408723977","potions_obtained":[{"floor":3,"key":"EssenceOfSteel"},{"floor":4,"key":"PowerPotion"},{"floor":12,"key":"SpeedPotion"},{"floor":13,"key":"BlessingOfTheForge"},{"floor":20,"key":"DistilledChaos"}],"is_trial":false,"path_per_floor":["M","M","M","M","?","R","E","R","T","E","$","E","M","M","R","B",null,"M","?","M","?","M","E"],"character_chosen":"IRONCLAD","items_purchased":["Orichalcum"],"campfire_rested":0,"item_purchase_floors":[11],"current_hp_per_floor":[68,67,68,67,72,72,63,63,63,26,26,24,28,20,20,23,61,56,56,54,53,46,39,39],"gold":269,"neow_bonus":"THREE_RARE_CARDS","is_daily":false,"chose_seed":false,"campfire_upgraded":3,"win_rate":0.0,"timestamp":1609698962,"path_taken":["M","M","M","M","?","R","E","R","T","E","$","E","M","M","R","BOSS","M","?","?","?","M","E"],"items_purchased_type":["Relic"],"build_version":"2020-12-22","purchased_purges":0,"victory":false,"max_hp_per_floor":[68,68,68,68,73,73,73,73,73,73,73,73,73,73,73,73,73,76,76,76,53,53,53,53],"relic_stats":{"Shovel":0,"counters":[14,54],"Snecko Eye":[26,22,21,28],"Champion Belt":[6],"Orichalcum":[108],"obtain_stats":[{"Calipers":7,"Shovel":10,"Snecko Eye":17,"Champion Belt":9,"Orichalcum":11,"Frozen Egg 2":12,"Burning Blood":0},{"Calipers":5,"Shovel":6,"Snecko Eye":10,"Champion Belt":5,"Orichalcum":6,"Frozen Egg 2":7,"Burning Blood":0},{"Calipers":16,"Shovel":24,"Snecko Eye":40,"Champion Belt":16,"Orichalcum":24,"Frozen Egg 2":28,"Burning Blood":0}],"Burning Blood":68},"card_choices":[{"not_picked":["Juggernaut","Bludgeon"],"picked":"Immolate","floor":0},{"not_picked":["Flame Barrier","Sword Boomerang"],"picked":"Pommel Strike","floor":1},{"not_picked":["Wild Strike","Shrug It Off","Iron Wave"],"picked":"SKIP","floor":2},{"not_picked":["Havoc","Second Wind"],"picked":"Anger","floor":3},{"not_picked":["Sever Soul","Power Through","Twin Strike"],"picked":"SKIP","floor":4},{"not_picked":["Havoc","Clothesline"],"picked":"Twin Strike","floor":7},{"not_picked":["Armaments","Headbutt"],"picked":"Bloodletting","floor":10},{"not_picked":["Whirlwind","Perfected Strike"],"picked":"True Grit","floor":12},{"not_picked":["Warcry","Power Through"],"picked":"Dark Embrace+1","floor":13},{"not_picked":["Armaments","Sword Boomerang","Pommel Strike"],"picked":"SKIP","floor":14},{"not_picked":["Exhume","Bludgeon"],"picked":"Feed","floor":16},{"not_picked":["Sword Boomerang","Fire Breathing+1","Wild Strike"],"picked":"SKIP","floor":18},{"not_picked":["Thunderclap","Iron Wave"],"picked":"Disarm","floor":20},{"not_picked":["Entrench","Sword Boomerang"],"picked":"Armaments+1","floor":22}],"player_experience":1163681,"relics_obtained":[{"floor":7,"key":"Calipers"},{"floor":9,"key":"Champion Belt"},{"floor":10,"key":"Shovel"},{"floor":12,"key":"Frozen Egg 2"}],"event_choices":[{"damage_healed":0,"gold_gain":0,"player_choice":"Donut","damage_taken":0,"max_hp_gain":5,"max_hp_loss":0,"event_name":"Big Fish","floor":5,"gold_loss":0},{"damage_healed":0,"gold_gain":50,"player_choice":"Pray","damage_taken":0,"max_hp_gain":0,"max_hp_loss":0,"event_name":"Golden Shrine","floor":19,"gold_loss":0},{"damage_healed":0,"gold_gain":0,"player_choice":"Became a vampire","damage_taken":0,"max_hp_gain":0,"max_hp_loss":23,"event_name":"Vampires","floor":21,"gold_loss":0,"cards_obtained":["Bite","Bite","Bite","Bite","Bite"]}],"is_beta":false,"boss_relics":[{"not_picked":["Pandora\u0027s Box","Coffee Dripper"],"picked":"Snecko Eye"}],"items_purged_floors":[],"is_endless":false,"potions_floor_spawned":[3,4,12,13,14,20],"killed_by":"Gremlin Leader","ascension_level":20}}