{"host":"fmwbmnqnrup981we","time":1609702686,"event":{"mods":["AchievementEnabler","Act Like it!","BaseMod","Better Match","Better Note","Better Skull","Better Synergies","Better Third Choice","Better Vampires","Block Reminder","Curses Come First","Downfall","Duelist Mod","Elementarium","GungeonMod","HexUI Lib","HornydragonMod","Marked Mod","Minty Spire (QoL Compilation)","Pikachu Mod","Quick Restart","Relic Stats","SIMod","StSLib","The Bug Knight","The Death Knight","The Forsaken","The Marked","The Necromancer","The Runesmith","The Servant 0.9.4","The Wild Card","TheHero","TheVacant","TheVelvet","Transform Curses","Waifu the Spire","Yuri Mod","everything is the same but u backflip on backflip"],"gold_per_floor":[109,119,137,62,75,75,1,15,39,68,243,269,289,164,164,268,268,279,295,312,312,324,324,324],"floor_reached":23,"playtime":800,"items_purged":["Strike_R","Doubt"],"score":215,"play_id":"579c0bbb-3279-4607-b78f-f6a035dff796","local_time":"20210103193806","is_ascension_mode":true,"campfire_choices":[{"floor":6,"key":"RECALL"},{"floor":15,"key":"REST"}],"circlet_count":0,"master_deck":["Strike_R","Strike_R","Strike_R","Strike_R","Defend_R","Defend_R","Defend_R","Defend_R","Bash","Infernal Blade","Shrug It Off","Inflame","Anger","Inflame","Inflame","Infernal Blade","Metallicize","Evolve","Shrug It Off","Double Tap","CurseOfTheBell","Evolve","Rupture","Evolve","Anger"],"relics":["Burning Blood","Lantern","Centennial Puzzle","Calling Bell","MealTicket","Mummified Hand","theForsaken:Kindling","HollowMod:LifeEnderRelic"],"acts_visited":["Exordium","TheCity"],"potions_floor_usage":[16,22,22,22,23],"damage_taken":[{"damage":6,"enemies":"Cultist","floor":1,"turns":3},{"damage":3,"enemies":"2 Louse","floor":2,"turns":3},{"damage":0,"enemies":"Jaw Worm","floor":3,"turns":3},{"damage":3,"enemies":"Gremlin Gang","floor":5,"turns":5},{"damage":6,"enemies":"Exordium Thugs","floor":8,"turns":6},{"damage":8,"enemies":"Gremlin Nob","floor":10,"turns":3},{"damage":36,"enemies":"Lagavulin","floor":12,"turns":6},{"damage":15,"enemies":"Red Slaver","floor":13,"turns":2},{"damage":41,"enemies":"Hexaghost","floor":16,"turns":9},{"damage":14,"enemies":"Shell Parasite","floor":18,"turns":5},{"damage":18,"enemies":"Chosen","floor":19,"turns":5},{"damage":34,"enemies":"Sentry and Sphere","floor":20,"turns":6},{"damage":16,"enemies":"3 Cultists","floor":22,"turns":6},{"damage":27,"enemies":"Book of Stabbing","floor":23,"turns":4}],"seed_played":"-8655430789110564069","potions_obtained":[{"floor":1,"key":"Block Potion"},{"floor":8,"key":"Guardian:BlockOnCardUsePotion"},{"floor":10,"key":"LiquidBronze"},{"floor":18,"key":"LiquidMemories"},{"floor":22,"key":"AttackPotion"}],"is_trial":false,"path_per_floor":["M","M","M","$","M","R","$","M","T","E","?","E","M","$","R","B",null,"M","M","M","T","M","E"],"character_chosen":"IRONCLAD","items_purchased":["Inflame","Shrug It Off"],"campfire_rested":1,"item_purchase_floors":[7,14],"current_hp_per_floor":[80,80,80,80,80,80,80,80,80,78,78,48,39,39,63,28,80,72,60,32,32,22,0,0],"gold":324,"neow_bonus":"THREE_CARDS","is_daily":false,"chose_seed":false,"campfire_upgraded":0,"win_rate":0.0,"timestamp":1609702686,"path_taken":["M","M","?","?","M","R","?","M","T","E","?","E","?","$","R","BOSS","M","M","?","?","?","E"],"items_purchased_type":["Card","Card"],"build_version":"2020-12-22","purchased_purges":2,"victory":false,"max_hp_per_floor":[80,80,80,80,80,80,80,80,80,80,80,80,80,80,80,80,80,80,80,80,80,80,80,80],"relic_stats":{"Centennial Puzzle":[21],"counters":[14,66],"Mummified Hand":[34],"MealTicket":0,"obtain_stats":[{"Calling Bell":17,"Lantern":10,"Centennial Puzzle":12,"HollowMod:LifeEnderRelic":21,"Mummified Hand":17,"theForsaken:Kindling":17,"MealTicket":17,"DemoMod:GlassGuonStoneRelic":1,"Burning Blood":0},{"Calling Bell":9,"Lantern":6,"Centennial Puzzle":7,"HollowMod:LifeEnderRelic":12,"Mummified Hand":9,"theForsaken:Kindling":9,"MealTicket":9,"DemoMod:GlassGuonStoneRelic":1,"Burning Blood":0},{"Calling Bell":40,"Lantern":23,"Centennial Puzzle":29,"HollowMod:LifeEnderRelic":56,"Mummified Hand":40,"theForsaken:Kindling":40,"MealTicket":40,"DemoMod:GlassGuonStoneRelic":3,"Burning Blood":0}],"Burning Blood":66},"card_choices":[{"not_picked":["Ghostly Armor","Spot Weakness"],"picked":"Infernal Blade","floor":0},{"not_picked":["Wild Strike","Intimidate"],"picked":"Shrug It Off","floor":1},{"not_picked":["Iron Wave","Havoc"],"picked":"Inflame","floor":2},{"not_picked":["Warcry","Pommel Strike"],"picked":"Anger","floor":3},{"not_picked":["True Grit","Sword Boomerang"],"picked":"Inflame","floor":5},{"not_picked":["Perfected Strike","Wild Strike"],"picked":"Infernal Blade","floor":8},{"not_picked":["Combust","DemoMod:BlackBlade"],"picked":"Metallicize","floor":10},{"not_picked":["Clothesline","Rampage","Bloodletting"],"picked":"SKIP","floor":12},{"not_picked":["Cleave","Iron Wave"],"picked":"Evolve","floor":13},{"not_picked":["Brutality","Immolate"],"picked":"Double Tap","floor":16},{"not_picked":["Dropkick+1","Flame Barrier"],"picked":"Evolve","floor":18},{"not_picked":["Warcry","Wild Strike+1"],"picked":"Rupture","floor":19},{"not_picked":["Thunderclap+1","Power Through"],"picked":"Evolve","floor":20},{"not_picked":["Flex","Dual Wield"],"picked":"Anger","floor":22}],"player_experience":427853,"relics_obtained":[{"floor":10,"key":"Lantern"},{"floor":12,"key":"Centennial Puzzle"},{"floor":17,"key":"MealTicket"},{"floor":17,"key":"Mummified Hand"},{"floor":17,"key":"theForsaken:Kindling"},{"floor":21,"key":"HollowMod:LifeEnderRelic"}],"event_choices":[{"damage_healed":0,"gold_gain":175,"player_choice":"AGREE","damage_taken":68,"max_hp_gain":0,"max_hp_loss":0,"event_name":"betterThird:BetterSerpent","floor":11,"gold_loss":0}],"is_beta":false,"boss_relics":[{"not_picked":["Ectoplasm","SacredBark"],"picked":"Calling Bell"}],"items_purged_floors":[4,14],"is_endless":false,"potions_floor_spawned":[1,8,10,13,18,22],"killed_by":"Book of Stabbing","ascension_level":1}}