{"host":"5cnm2qapaqj5mmu7","time":1609672043,"event":{"mods":["BaseMod","Bestiary","Colored Map","Minty Spire (QoL Compilation)","StSLib"],"gold_per_floor":[116,156,156,174,17,70,70,127,180,27,46,80,80,95,95,219,219,232,232,243,98,98,132,149,149,172,505,516,516,516,526,526,628,628,647,657,670,670,670,702,702,719,797,797,816,816,100,114,114,114],"floor_reached":51,"playtime":2260,"items_purged":[],"score":989,"play_id":"71fe501e-98bf-4926-a557-6f9fbed2858a","local_time":"20210103120723","is_ascension_mode":true,"campfire_choices":[{"floor":7.0,"key":"REST"},{"data":"Hyperbeam","floor":13.0,"key":"SMITH"},{"data":"Eruption","floor":15.0,"key":"SMITH"},{"data":"RitualDagger","floor":25.0,"key":"SMITH"},{"data":"Wish","floor":30.0,"key":"SMITH"},{"data":"BattleHymn","floor":32.0,"key":"SMITH"},{"floor":41,"key":"REST"},{"floor":44,"key":"REST"},{"data":"Dagger Throw","floor":49,"key":"SMITH"}],"circlet_count":0,"master_deck":["Defend_P","Defend_P","Eruption+1","Vigilance","CutThroughFate","Consecrate","BattleHymn+1","Flex","Hyperbeam+1","Berserk+1","EmptyFist+1","CutThroughFate+1","Indignation+1","Dagger Throw+1","RitualDagger+1","Enlightenment+1","Hyperbeam+1","Meteor Strike","Turbo+1","Panacea+1","Dodge and Roll+1","Sanctity"],"relics":["PureWater","PrismaticShard","Pear","Vajra","Ancient Tea Set","Lee\u0027s Waffle","MealTicket","Astrolabe","DollysMirror","Blue Candle","Pen Nib","Old Coin","Empty Cage","Yang","Ornamental Fan","Lantern","Question Card","Melange"],"acts_visited":["Exordium","TheCity","TheBeyond"],"potions_floor_usage":[37,37,50,50,50],"damage_taken":[{"damage":6.0,"enemies":"Jaw Worm","floor":1.0,"turns":3.0},{"damage":7.0,"enemies":"Cultist","floor":2.0,"turns":5.0},{"damage":0.0,"enemies":"2 Louse","floor":4.0,"turns":2.0},{"damage":37.0,"enemies":"3 Sentries","floor":6.0,"turns":6.0},{"damage":22.0,"enemies":"Lagavulin","floor":8.0,"turns":7.0},{"damage":4.0,"enemies":"2 Fungi Beasts","floor":11.0,"turns":3.0},{"damage":10.0,"enemies":"Gremlin Nob","floor":12.0,"turns":3.0},{"damage":0.0,"enemies":"Lots of Slimes","floor":14.0,"turns":1.0},{"damage":0.0,"enemies":"Slime Boss","floor":16.0,"turns":4.0},{"damage":25.0,"enemies":"Shell Parasite","floor":18.0,"turns":3.0},{"damage":0.0,"enemies":"2 Thieves","floor":20.0,"turns":1.0},{"damage":13.0,"enemies":"Slavers","floor":23.0,"turns":2.0},{"damage":0.0,"enemies":"Snake Plant","floor":24.0,"turns":1.0},{"damage":40.0,"enemies":"Book of Stabbing","floor":27.0,"turns":4.0},{"damage":0.0,"enemies":"Cultist and Chosen","floor":28.0,"turns":1.0},{"damage":0.0,"enemies":"Centurion and Healer","floor":31.0,"turns":2.0},{"damage":27.0,"enemies":"Champ","floor":33.0,"turns":7.0},{"damage":0.0,"enemies":"3 Shapes","floor":35.0,"turns":1.0},{"damage":8.0,"enemies":"3 Darklings","floor":36.0,"turns":2.0},{"damage":28,"enemies":"Maw","floor":37,"turns":5},{"damage":43,"enemies":"Reptomancer","floor":40,"turns":4},{"damage":0,"enemies":"Sphere and 2 Shapes","floor":42,"turns":1},{"damage":23,"enemies":"3 Darklings","floor":45,"turns":2},{"damage":0,"enemies":"Jaw Worm Horde","floor":48,"turns":3},{"damage":40,"enemies":"Time Eater","floor":50,"turns":5}],"seed_played":"4582852895268701991","potions_obtained":[{"floor":1.0,"key":"Swift Potion"},{"floor":11.0,"key":"FearPotion"},{"floor":14.0,"key":"GamblersBrew"},{"floor":16.0,"key":"SpeedPotion"},{"floor":20.0,"key":"Dexterity Potion"},{"floor":23.0,"key":"SneckoOil"},{"floor":33.0,"key":"Block Potion"},{"floor":40,"key":"DuplicationPotion"},{"floor":45,"key":"DuplicationPotion"}],"is_trial":false,"path_per_floor":["M","M","?","M","$","E","R","E","T","$","M","E","R","M","R","B",null,"M","?","M","$","?","E","M","R","T","E","M","?","R","M","R","B",null,"M","M","M","?","?","E","R","M","T","R","M","?","$","M","R","B",null],"character_chosen":"WATCHER","items_purchased":["PrismaticShard","Lee\u0027s Waffle","DollysMirror","Lantern","CultistPotion","Sanctity","Question Card","Melange"],"campfire_rested":3,"item_purchase_floors":[5,10,21,47,47,47,47,47],"current_hp_per_floor":[45,38,38,38,38,11,35,13,13,89,85,75,75,75,75,75,89,64,58,58,73,73,60,60,60,60,20,20,49,49,49,49,22,89,89,81,53,53,53,10,36,36,36,62,39,78,78,78,78,38],"gold":114,"neow_bonus":"THREE_RARE_CARDS","is_daily":false,"chose_seed":false,"campfire_upgraded":6,"win_rate":0.0,"timestamp":1609672043,"path_taken":["M","M","?","M","$","E","R","E","T","?","M","E","R","M","R","BOSS","M","?","M","$","?","E","M","R","T","E","?","?","R","M","R","BOSS","M","M","M","?","?","E","R","M","T","R","M","?","$","M","R","BOSS"],"items_purchased_type":["Relic","Relic","Relic","Relic","Potion","Card","Relic","Relic"],"build_version":"2020-12-22","purchased_purges":0,"victory":true,"max_hp_per_floor":[72,72,72,72,72,82,82,82,82,89,89,89,89,89,89,89,89,89,89,89,89,89,89,89,89,89,89,89,89,89,89,89,89,89,89,89,89,89,89,89,89,89,89,89,89,78,78,78,78,78],"card_choices":[{"not_picked":["MasterReality","Blasphemy"],"picked":"Wish","floor":0.0},{"not_picked":["Perseverance","ThirdEye"],"picked":"CutThroughFate","floor":1.0},{"not_picked":["BowlingBash","ReachHeaven"],"picked":"Consecrate","floor":2.0},{"not_picked":["Prostrate","FlyingSleeves"],"picked":"BattleHymn","floor":4.0},{"not_picked":["Barrage","Sadistic Nature","Cleave"],"picked":"SKIP","floor":6.0},{"not_picked":["Iron Wave","Endless Agony"],"picked":"Flex","floor":8.0},{"not_picked":["Deadly Poison","Melter","Hemokinesis"],"picked":"SKIP","floor":11.0},{"not_picked":["Quick Slash","Dual Wield"],"picked":"Hyperbeam","floor":12.0},{"not_picked":["Gash","Indignation","Reflex"],"picked":"SKIP","floor":14.0},{"not_picked":["Brutality","Judgement"],"picked":"Berserk","floor":16.0},{"not_picked":["Steam Power","FollowUp"],"picked":"Dagger Throw","floor":18.0},{"not_picked":["Flex","Dramatic Entrance"],"picked":"Enlightenment+1","floor":20.0},{"not_picked":["Perseverance+1","Slice+1","Heel Hook"],"picked":"SKIP","floor":23.0},{"not_picked":["Static Discharge","Armaments","EmptyBody"],"picked":"SKIP","floor":24.0},{"not_picked":["Storm of Steel","Exhume","InnerPeace"],"picked":"SKIP","floor":27.0},{"not_picked":["Twin Strike+1","Armaments+1","Cloak And Dagger"],"picked":"SKIP","floor":28.0},{"not_picked":["CrushJoints+1","ThirdEye+1","Wild Strike+1"],"picked":"SKIP","floor":31.0},{"not_picked":["Chrysalis","Thunder Strike"],"picked":"Meteor Strike","floor":33.0},{"not_picked":["Indignation","WreathOfFlame","Madness"],"picked":"SKIP","floor":35.0},{"not_picked":["FlyingSleeves+1","Outmaneuver","Bane"],"picked":"SKIP","floor":36.0},{"not_picked":["Coolheaded","Stack+1","Deadly Poison+1"],"picked":"SKIP","floor":37},{"not_picked":["True Grit+1","Brilliance"],"picked":"Turbo+1","floor":40},{"not_picked":["FlurryOfBlows","Steam"],"picked":"Panacea+1","floor":42},{"not_picked":["Storm","Prostrate+1"],"picked":"Dodge and Roll+1","floor":45},{"not_picked":["Shrug It Off+1","Spot Weakness+1","Endless Agony+1","Static Discharge"],"picked":"SKIP","floor":48}],"player_experience":541113,"relics_obtained":[{"floor":6.0,"key":"Pear"},{"floor":8.0,"key":"Vajra"},{"floor":9.0,"key":"Ancient Tea Set"},{"floor":12.0,"key":"MealTicket"},{"floor":23.0,"key":"Blue Candle"},{"floor":26.0,"key":"Pen Nib"},{"floor":27.0,"key":"Old Coin"},{"floor":40,"key":"Yang"},{"floor":43,"key":"Ornamental Fan"}],"event_choices":[{"cards_removed":["Defend_P"],"damage_healed":0.0,"max_hp_gain":0.0,"max_hp_loss":0.0,"gold_gain":0.0,"event_name":"Purifier","player_choice":"Purged","floor":3.0,"gold_loss":0.0,"damage_taken":0.0},{"damage_healed":0.0,"max_hp_gain":0.0,"max_hp_loss":0.0,"gold_gain":0.0,"event_name":"Nest","player_choice":"Joined the Cult","floor":19.0,"gold_loss":0.0,"damage_taken":6.0,"cards_obtained":["RitualDagger"]},{"damage_healed":0.0,"max_hp_gain":0.0,"max_hp_loss":0.0,"gold_gain":0.0,"event_name":"Upgrade Shrine","player_choice":"Upgraded","floor":22.0,"gold_loss":0.0,"damage_taken":0.0,"cards_upgraded":["Berserk"]},{"damage_healed":29.0,"max_hp_gain":0.0,"max_hp_loss":0.0,"gold_gain":0.0,"event_name":"The Library","player_choice":"Heal","floor":29.0,"gold_loss":0.0,"damage_taken":0.0},{"cards_removed":["Wish"],"damage_healed":0,"gold_gain":0,"player_choice":"Removed Skill","damage_taken":0,"max_hp_gain":0,"max_hp_loss":0,"event_name":"Falling","floor":38,"gold_loss":0},{"damage_healed":0,"gold_gain":0,"player_choice":"Ignored","damage_taken":0,"max_hp_gain":0,"max_hp_loss":0,"event_name":"Tomb of Lord Red Mask","floor":39,"gold_loss":0},{"damage_healed":78,"gold_gain":0,"player_choice":"Heal","damage_taken":0,"max_hp_gain":0,"max_hp_loss":11,"event_name":"The Moai Head","floor":46,"gold_loss":0}],"is_beta":false,"boss_relics":[{"not_picked":["Ectoplasm","Velvet Choker"],"picked":"Astrolabe"},{"not_picked":["Runic Pyramid","Sozu"],"picked":"Empty Cage"}],"items_purged_floors":[],"is_endless":false,"potions_floor_spawned":[1,11,14,16,20,23,27,31,33,40,45],"ascension_level":4}}