{"host":"l60rmjjsfi0fipmi","time":1609691380,"event":{"mods":["BaseMod","Colored Map","DeckTracker","Highlight Path","Minty Spire (QoL Compilation)"],"gold_per_floor":[110,128,143,143,143,143,13,13,13,188,219,235,248,218,218,319,319,337,357,272,282,282,307,307,317,370,370,370],"floor_reached":27,"playtime":3383,"items_purged":[],"score":258,"play_id":"7a287049-2aa3-45bc-8ae2-8c418555ecc6","local_time":"20210103112940","is_ascension_mode":false,"campfire_choices":[{"data":"Neutralize","floor":6,"key":"SMITH"},{"floor":8,"key":"REST"},{"data":"Dodge and Roll","floor":15,"key":"SMITH"},{"floor":24,"key":"REST"}],"circlet_count":0,"master_deck":["Survivor","Neutralize+1","Bouncing Flask","Footwork","Well Laid Plans","Dash","Doubt","Caltrops","Backflip","Dodge and Roll+1","Dagger Spray","Die Die Die","Cloak And Dagger","Well Laid Plans","Doppelganger","Wraith Form v2","Envenom","Quick Slash","Doppelganger","Riddle With Holes","Footwork","PiercingWail","Crippling Poison","Noxious Fumes","Backflip"],"relics":["Ring of the Snake","Snake Skull","Pear","Pandora\u0027s Box","StoneCalendar","Question Card","Tiny Chest"],"acts_visited":["Exordium","TheCity"],"potions_floor_usage":[11,16,16,18,27],"damage_taken":[{"damage":0,"enemies":"Cultist","floor":1,"turns":4},{"damage":5,"enemies":"Jaw Worm","floor":2,"turns":4},{"damage":0,"enemies":"Small Slimes","floor":3,"turns":2},{"damage":8,"enemies":"3 Sentries","floor":11,"turns":10},{"damage":8,"enemies":"Exordium Wildlife","floor":12,"turns":6},{"damage":7,"enemies":"3 Louse","floor":13,"turns":4},{"damage":0,"enemies":"Looter","floor":14,"turns":4},{"damage":21,"enemies":"Hexaghost","floor":16,"turns":10},{"damage":1,"enemies":"3 Byrds","floor":18,"turns":10},{"damage":8,"enemies":"Spheric Guardian","floor":19,"turns":6},{"damage":21,"enemies":"Snake Plant","floor":21,"turns":6},{"damage":51,"enemies":"Gremlin Leader","floor":23,"turns":11},{"damage":26,"enemies":"Shelled Parasite and Fungi","floor":25,"turns":7},{"damage":8,"enemies":"Centurion and Healer","floor":27,"turns":1}],"seed_played":"6018215472286830910","potions_obtained":[{"floor":1,"key":"Block Potion"},{"floor":11,"key":"DuplicationPotion"},{"floor":12,"key":"Explosive Potion"},{"floor":13,"key":"Fire Potion"},{"floor":16,"key":"SneckoOil"},{"floor":21,"key":"FearPotion"},{"floor":23,"key":"Dexterity Potion"}],"is_trial":false,"path_per_floor":["M","M","M","?","$","R","$","R","T","?","E","M","M","M","R","B",null,"M","M","?","M","?","E","R","M","T","M"],"character_chosen":"THE_SILENT","items_purchased":["Fire Potion","Dash"],"campfire_rested":2,"item_purchase_floors":[7,7],"current_hp_per_floor":[77,72,72,65,65,65,65,77,77,77,79,71,64,64,64,43,87,86,78,78,57,57,6,32,6,6,0,0],"gold":370,"neow_bonus":"TEN_PERCENT_HP_BONUS","is_daily":false,"chose_seed":false,"campfire_upgraded":2,"win_rate":0.0,"timestamp":1609691380,"path_taken":["M","?","M","?","$","R","?","R","T","?","E","M","?","M","R","BOSS","M","M","?","M","?","E","R","M","T","M"],"items_purchased_type":["Potion","Card"],"build_version":"2020-12-22","purchased_purges":0,"victory":false,"max_hp_per_floor":[77,77,77,77,77,77,77,77,77,77,87,87,87,87,87,87,87,87,87,87,87,87,87,87,87,87,87,87],"card_choices":[{"not_picked":["Terror","Backflip"],"picked":"Bouncing Flask","floor":1},{"not_picked":["Deadly Poison","Flying Knee"],"picked":"Footwork","floor":2},{"not_picked":["Poisoned Stab","Deadly Poison"],"picked":"Well Laid Plans","floor":3},{"not_picked":["Underhanded Strike","Deadly Poison"],"picked":"Caltrops","floor":11},{"not_picked":["Adrenaline","Quick Slash"],"picked":"Backflip","floor":12},{"not_picked":["All Out Attack","Prepared"],"picked":"Dodge and Roll","floor":13},{"not_picked":["Flying Knee","Escape Plan"],"picked":"Dagger Spray","floor":14},{"not_picked":["Envenom","Adrenaline"],"picked":"Die Die Die","floor":16},{"not_picked":["Backflip","Flying Knee","Poisoned Stab+1"],"picked":"SKIP","floor":18},{"not_picked":["Choke","Dodge and Roll","Acrobatics"],"picked":"SKIP","floor":19},{"not_picked":["Predator+1","Acrobatics"],"picked":"PiercingWail","floor":21},{"not_picked":["Deflect","Flying Knee"],"picked":"Noxious Fumes","floor":23},{"not_picked":["Bane+1","Escape Plan+1","Skewer"],"picked":"Backflip","floor":25}],"player_experience":206076,"relics_obtained":[{"floor":9,"key":"Snake Skull"},{"floor":11,"key":"Pear"},{"floor":23,"key":"Question Card"},{"floor":26,"key":"Tiny Chest"}],"event_choices":[{"cards_removed":["Strike_G"],"damage_healed":0,"gold_gain":0,"player_choice":"Card Removal","damage_taken":7,"max_hp_gain":0,"max_hp_loss":0,"event_name":"Golden Wing","floor":4,"gold_loss":0},{"damage_healed":0,"gold_gain":175,"player_choice":"AGREE","damage_taken":0,"max_hp_gain":0,"max_hp_loss":0,"event_name":"Liars Game","floor":10,"gold_loss":0,"cards_obtained":["Doubt"]},{"damage_healed":0,"gold_gain":0,"player_choice":"Obtained Relic","damage_taken":0,"relics_obtained":["StoneCalendar"],"max_hp_gain":0,"max_hp_loss":0,"event_name":"Addict","floor":20,"gold_loss":85},{"damage_healed":0,"gold_gain":0,"player_choice":"Read","damage_taken":0,"max_hp_gain":0,"max_hp_loss":0,"event_name":"The Library","floor":22,"gold_loss":0,"cards_obtained":["Crippling Poison"]}],"is_beta":false,"boss_relics":[{"not_picked":["Sozu","Ring of the Serpent"],"picked":"Pandora\u0027s Box"}],"items_purged_floors":[],"is_endless":false,"potions_floor_spawned":[1,11,12,13,16,21,23],"killed_by":"Centurion and Healer","ascension_level":0}}