{"host":"i9477i93mjcyimye","time":1609679354,"event":{"mods":["Aspiration","BaseMod","Bestiary","Colored Powertips","Downfall","Ironclad Rager","Minty Spire (QoL Compilation)","Quick Restart","Relic Stats","Replay The Spire","Spicy Shops","StSLib","The Jungle","Wandering Minibosses"],"gold_per_floor":[112,112,112,127,143,170,170,185,185,196,41,41,72,92,92,190,190,210,210,190,201,116,151,151,151,205,224,241,274,274,274,274,378,378,391,446,446,446,463,463,480,480,550,560,575,575,585,32,32,32,32,32,8,39,39,39],"floor_reached":55,"playtime":5029,"items_purged":[],"score":987,"play_id":"aa63d954-9ffe-4058-a38f-e158de19cfcc","local_time":"20210104000914","is_ascension_mode":true,"campfire_choices":[{"floor":7.0,"key":"DIG"},{"floor":12.0,"key":"REST"},{"floor":15.0,"key":"DIG"},{"floor":24.0,"key":"REST"},{"floor":30.0,"key":"RECALL"},{"floor":32.0,"key":"REST"},{"floor":40.0,"key":"REST"},{"floor":49.0,"key":"DIG"},{"data":"Adrenaline","floor":52,"key":"SMITH"}],"circlet_count":0,"master_deck":["Survivor","Neutralize","ICR:VenomStrike+1","ICR:VenomStrike","ICR:VenomStrike","ICR:VenomStrike","ICR:VenomStrike+1","ICR:Dodge","ICR:Dodge","ICR:Dodge","ICR:Dodge","ICR:Dodge","Noxious Fumes+1","Outmaneuver","Adrenaline+1","Finisher","Terror+1","Deflect","Well Laid Plans","ReplayTheSpireMod:Necrosis+1","Bouncing Flask","Bane+1","ICR:Vanish+1","Cloak And Dagger","Flying Knee","Atom Bomb","Die Die Die","Choke","Crippling Poison","Madness","Madness","Noxious Fumes+1","Poisoned Stab","Crow Ritual","Poisoned Stab","Underhanded Strike","ReplayTheSpireMod:The Works","Flechettes","Cloak And Dagger","ICR:Cloudkill","Deadly Poison","PiercingWail+1"],"relics":["Ring of the Snake","Shovel","Whetstone","aspiration:FetidBarrel","aspiration:VileToxins","Ice Cream","Bag of Preparation","Ring of Chaos","War Paint","Darkstone Periapt","MutagenicStrength","Mercury Hourglass","Black Star","aspiration:AnachronicSnailShell","Bird Faced Urn","Replay:Accelerometer","BargainBundle","Membership Card","Replay:Towering Pillar of Hats","ReplayFunnel","Basket Of Snakes","Tingsha","Mummified Hand"],"acts_visited":["Exordium","TheCity","TheBeyond","TheEnding"],"potions_floor_usage":[],"damage_taken":[{"damage":11.0,"enemies":"Jaw Worm","floor":1.0,"turns":5.0},{"damage":0.0,"enemies":"Small Slimes","floor":4.0,"turns":3.0},{"damage":1.0,"enemies":"Cultist","floor":5.0,"turns":4.0},{"damage":17.0,"enemies":"Lagavulin","floor":6.0,"turns":7.0},{"damage":4.0,"enemies":"2 Fungi Beasts","floor":8.0,"turns":3.0},{"damage":0.0,"enemies":"Large Slime","floor":10.0,"turns":4.0},{"damage":6.0,"enemies":"3 Sentries","floor":13.0,"turns":5.0},{"damage":5.0,"enemies":"Exordium Thugs","floor":14.0,"turns":4.0},{"damage":6.0,"enemies":"Hexaghost","floor":16.0,"turns":8.0},{"damage":16.0,"enemies":"2 Thieves","floor":18.0,"turns":5.0},{"damage":0.0,"enemies":"Spheric Guardian","floor":21.0,"turns":3.0},{"damage":17.0,"enemies":"Book of Stabbing","floor":23.0,"turns":6.0},{"damage":13.0,"enemies":"Shelled Parasite and Fungi","floor":27.0,"turns":4.0},{"damage":0.0,"enemies":"Centurion and Healer","floor":28.0,"turns":5.0},{"damage":16.0,"enemies":"Gremlin Leader","floor":29.0,"turns":4.0},{"damage":63.0,"enemies":"Pondfish","floor":33.0,"turns":12.0},{"damage":11.0,"enemies":"Orb Walker","floor":35.0,"turns":2.0},{"damage":11.0,"enemies":"2 Orb Walkers","floor":36.0,"turns":2.0},{"damage":3.0,"enemies":"3 Shapes","floor":39.0,"turns":2.0},{"damage":24.0,"enemies":"Spire Growth","floor":41.0,"turns":4.0},{"damage":23.0,"enemies":"Jaw Worm Horde","floor":44.0,"turns":4.0},{"damage":17.0,"enemies":"4 Shapes","floor":45.0,"turns":4.0},{"damage":20.0,"enemies":"Sphere and 2 Shapes","floor":47.0,"turns":4.0},{"damage":65.0,"enemies":"Time Eater","floor":50.0,"turns":10.0},{"damage":37,"enemies":"Shield and Spear","floor":54,"turns":5},{"damage":39,"enemies":"The Heart","floor":55,"turns":3}],"seed_played":"-6414178754685583253","potions_obtained":[{"floor":1.0,"key":"LifebloodPotion"},{"floor":13.0,"key":"SpeedPotion"},{"floor":16.0,"key":"GamblersBrew"},{"floor":20.0,"key":"FairyPotion"},{"floor":28.0,"key":"Explosive Potion"},{"floor":33.0,"key":"Adrenaline Potion"},{"floor":36.0,"key":"Languid Potion"},{"floor":41.0,"key":"SkillPotion"},{"floor":47.0,"key":"Elixir"}],"is_trial":false,"path_per_floor":["M","?","?","M","M","E","R","M","T","M","$","R","E","M","R","B",null,"M","?","?","M","?","E","R","?","T","M","M","E","R","?","R","B",null,"M","?","?","T","M","R","M","?","T","M","M","?","M","$","R","B",null,"R","$","E","B"],"character_chosen":"THE_SILENT","items_purchased":["aspiration:VileToxins","BargainBundle","Membership Card","Regen Potion","Flechettes","Cloak And Dagger","ICR:Cloudkill","DuplicationPotion","Replay:Towering Pillar of Hats","Basket Of Snakes","Deadly Poison"],"campfire_rested":4,"item_purchase_floors":[11,48,48,48,48,48,48,48,48,53,53],"current_hp_per_floor":[59,59,59,59,58,41,41,37,37,37,37,58,52,47,47,41,70,54,54,54,54,54,37,58,58,58,45,45,29,29,29,50,9,70,59,48,39,39,38,59,41,41,41,26,9,70,50,50,50,6,70,70,70,35,0,0],"gold":39,"neow_bonus":"SILENT_POISONER","is_daily":false,"chose_seed":false,"campfire_upgraded":1,"win_rate":0.0,"timestamp":1609679354,"path_taken":["M","?","?","M","M","E","R","M","T","?","$","R","E","M","R","BOSS","M","?","?","?","?","E","R","?","T","?","M","E","R","?","R","BOSS","M","?","?","?","M","R","?","?","T","M","M","?","?","$","R","BOSS","R","$","E","BOSS"],"items_purchased_type":["Relic","Relic","Relic","Potion","Card","Card","Card","Potion","Relic","Relic","Card"],"build_version":"2020-12-22","purchased_purges":0,"victory":false,"max_hp_per_floor":[70,70,70,70,70,70,70,70,70,70,70,70,70,70,70,70,70,70,70,70,70,70,70,70,70,70,70,70,70,70,70,70,70,70,70,70,70,70,70,70,70,70,70,70,70,70,70,70,70,70,70,70,70,70,70,70],"relic_stats":{"Darkstone Periapt":0,"counters":[26,122],"Tingsha":[3],"Bag of Preparation":[36],"Whetstone":["ICR:VenomStrike","ICR:VenomStrike"],"War Paint":["ReplayTheSpireMod:Necrosis","Terror"],"Mercury Hourglass":[203],"Shovel":3,"Mummified Hand":[1],"Bird Faced Urn":[28],"Black Star":1,"obtain_stats":[{"aspiration:VileToxins":11,"Ice Cream":13,"Darkstone Periapt":23,"ReplayFunnel":49,"Replay:Accelerometer":43,"BargainBundle":48,"Replay:Towering Pillar of Hats":48,"aspiration:FetidBarrel":9,"Basket Of Snakes":53,"Tingsha":54,"Ring of Chaos":17,"Bag of Preparation":15,"Whetstone":7,"War Paint":22,"Mercury Hourglass":29,"Shovel":6,"Mummified Hand":54,"MutagenicStrength":25,"aspiration:AnachronicSnailShell":36,"Bird Faced Urn":38,"Black Star":34,"Membership Card":48,"Ring of the Snake":0},{"aspiration:VileToxins":6,"Ice Cream":7,"Darkstone Periapt":12,"ReplayFunnel":23,"Replay:Accelerometer":20,"BargainBundle":23,"Replay:Towering Pillar of Hats":23,"aspiration:FetidBarrel":5,"Basket Of Snakes":24,"Tingsha":25,"Ring of Chaos":9,"Bag of Preparation":8,"Whetstone":4,"War Paint":11,"Mercury Hourglass":15,"Shovel":4,"Mummified Hand":25,"MutagenicStrength":12,"aspiration:AnachronicSnailShell":18,"Bird Faced Urn":18,"Black Star":16,"Membership Card":23,"Ring of the Snake":0},{"aspiration:VileToxins":26,"Ice Cream":31,"Darkstone Periapt":57,"ReplayFunnel":104,"Replay:Accelerometer":92,"BargainBundle":104,"Replay:Towering Pillar of Hats":104,"aspiration:FetidBarrel":22,"Basket Of Snakes":114,"Tingsha":119,"Ring of Chaos":43,"Bag of Preparation":35,"Whetstone":19,"War Paint":51,"Mercury Hourglass":70,"Shovel":19,"Mummified Hand":119,"MutagenicStrength":57,"aspiration:AnachronicSnailShell":86,"Bird Faced Urn":86,"Black Star":82,"Membership Card":104,"Ring of the Snake":0}],"Ring of the Snake":[52]},"card_choices":[{"not_picked":["Infinite Blades","Backflip"],"picked":"Noxious Fumes","floor":1.0},{"not_picked":["Dagger Throw","Acrobatics"],"picked":"Concentrate","floor":4.0},{"not_picked":["PiercingWail","Dagger Throw"],"picked":"Outmaneuver","floor":5.0},{"not_picked":["Dodge and Roll","Cloak And Dagger"],"picked":"Adrenaline","floor":6.0},{"not_picked":["Sucker Punch","PiercingWail"],"picked":"Finisher","floor":8.0},{"not_picked":["Poisoned Stab","Outmaneuver"],"picked":"Terror","floor":10.0},{"not_picked":["Expertise","Calculated Gamble"],"picked":"Deflect","floor":13.0},{"not_picked":["Dagger Throw","Acrobatics"],"picked":"Well Laid Plans","floor":14.0},{"not_picked":["After Image","Bullet Time"],"picked":"ReplayTheSpireMod:Necrosis","floor":16.0},{"not_picked":["Underhanded Strike","Well Laid Plans"],"picked":"Bouncing Flask","floor":18.0},{"not_picked":["ReplayTheSpireMod:Speed Training","ReplayTheSpireMod:Tripwire+1"],"picked":"Bane+1","floor":21.0},{"not_picked":["ReplayTheSpireMod:Scrap Shanks","Deadly Poison"],"picked":"ICR:Vanish+1","floor":23.0},{"not_picked":["Prepared","Setup"],"picked":"Cloak And Dagger","floor":27.0},{"not_picked":["Well Laid Plans","Deflect"],"picked":"Flying Knee","floor":28.0},{"not_picked":["Dagger Spray","ICR:Vanish"],"picked":"Atom Bomb","floor":29.0},{"not_picked":["Corpse Explosion","Storm of Steel"],"picked":"Die Die Die","floor":33.0},{"not_picked":["PiercingWail+1","Sucker Punch+1"],"picked":"Choke","floor":35.0},{"not_picked":["Expertise+1","Backflip"],"picked":"Crippling Poison","floor":36.0},{"not_picked":["Underhanded Strike+1","Escape Plan"],"picked":"Noxious Fumes+1","floor":39.0},{"not_picked":["Hidden Blade","A Thousand Cuts"],"picked":"Poisoned Stab","floor":41.0},{"not_picked":["expansioncontent:TimeRipple","HandOfGreed"],"picked":"Crow Ritual","floor":42.0},{"not_picked":["Dodge and Roll+1","Acrobatics+1"],"picked":"Poisoned Stab","floor":44.0},{"not_picked":["Slice+1","Concentrate"],"picked":"Underhanded Strike","floor":45.0},{"not_picked":["Flechettes","Dodge and Roll"],"picked":"ReplayTheSpireMod:The Works","floor":47.0},{"not_picked":["Well Laid Plans+1","Dagger Spray"],"picked":"PiercingWail+1","floor":54}],"player_experience":238901,"relics_obtained":[{"floor":6.0,"key":"Shovel"},{"floor":7.0,"key":"Whetstone"},{"floor":9.0,"key":"aspiration:FetidBarrel"},{"floor":13.0,"key":"Ice Cream"},{"floor":15.0,"key":"Bag of Preparation"},{"floor":23.0,"key":"Darkstone Periapt"},{"floor":29.0,"key":"Mercury Hourglass"},{"floor":36.0,"key":"aspiration:AnachronicSnailShell"},{"floor":38.0,"key":"Bird Faced Urn"},{"floor":43.0,"key":"Replay:Accelerometer"},{"floor":49.0,"key":"ReplayFunnel"},{"floor":54,"key":"Tingsha"},{"floor":54,"key":"Mummified Hand"}],"event_choices":[{"damage_healed":0.0,"max_hp_gain":0.0,"max_hp_loss":0.0,"gold_gain":0.0,"event_name":"The Cleric","player_choice":"Leave","floor":2.0,"gold_loss":0.0,"damage_taken":0.0},{"damage_healed":0.0,"max_hp_gain":0.0,"max_hp_loss":0.0,"gold_gain":0.0,"event_name":"Upgrade Shrine","player_choice":"Upgraded","floor":3.0,"gold_loss":0.0,"damage_taken":0.0,"cards_upgraded":["Noxious Fumes"]},{"damage_healed":0.0,"max_hp_gain":0.0,"max_hp_loss":0.0,"gold_gain":0.0,"event_name":"Vampires","player_choice":"Ignored","floor":19.0,"gold_loss":0.0,"damage_taken":0.0},{"damage_healed":0.0,"max_hp_gain":0.0,"max_hp_loss":0.0,"gold_gain":0.0,"event_name":"The Woman in Blue","player_choice":"Bought 1 Potion","floor":20.0,"gold_loss":0.0,"damage_taken":0.0},{"damage_healed":0.0,"max_hp_gain":0.0,"max_hp_loss":0.0,"gold_gain":0.0,"event_name":"Addict","player_choice":"Obtained Relic","floor":22.0,"gold_loss":85.0,"damage_taken":0.0,"relics_obtained":["War Paint"]},{"damage_healed":0.0,"max_hp_gain":0.0,"max_hp_loss":0.0,"gold_gain":0.0,"event_name":"Drug Dealer","player_choice":"Inject Mutagens","floor":25.0,"gold_loss":0.0,"damage_taken":0.0,"relics_obtained":["MutagenicStrength"]},{"damage_healed":0.0,"max_hp_gain":0.0,"max_hp_loss":0.0,"gold_gain":0.0,"event_name":"Cursed Tome","player_choice":"Ignored","floor":31.0,"gold_loss":0.0,"damage_taken":0.0},{"damage_healed":0.0,"max_hp_gain":0.0,"max_hp_loss":0.0,"gold_gain":0.0,"event_name":"Mysterious Sphere","player_choice":"Fight","floor":36.0,"gold_loss":0.0,"damage_taken":0.0},{"damage_healed":0.0,"max_hp_gain":0.0,"max_hp_loss":0.0,"gold_gain":0.0,"event_name":"Winding Halls","player_choice":"Embrace Madness","floor":37.0,"gold_loss":0.0,"damage_taken":9.0,"cards_obtained":["Madness","Madness"]},{"damage_healed":0.0,"max_hp_gain":0.0,"max_hp_loss":0.0,"gold_gain":0.0,"event_name":"SensoryStone","player_choice":"Memory 1","floor":42.0,"gold_loss":0.0,"damage_taken":0.0},{"cards_removed":["Concentrate"],"damage_healed":61.0,"max_hp_gain":0.0,"max_hp_loss":0.0,"gold_gain":0.0,"event_name":"Bonfire Elementals","player_choice":"Offered Uncommon","floor":46.0,"gold_loss":0.0,"damage_taken":0.0}],"is_beta":false,"boss_relics":[{"not_picked":["Kintsugi","Abe\u0027s Treasure"],"picked":"Ring of Chaos"},{"not_picked":["Snecko Eye","Snecko Scales"],"picked":"Black Star"}],"items_purged_floors":[],"is_endless":false,"potions_floor_spawned":[1,13,16,28,33,36,41,47],"killed_by":"The Heart","ascension_level":1}}