{"host":"waq1ashgqt0tulkv","time":1609673813,"event":{"mods":["Aspiration","BaseMod","BetterRewards","Colored Powertips","Conspire","Downfall","Duelist Mod","Hermit","Hubris","Infinite Spire","Minty Spire (QoL Compilation)","Quick Restart","Rare Cards Sparkle","Replay The Spire","StSLib","SuperFastMode","The Animator","The Bug Knight","The Construct","The Cursed","The Disciple","The Hierophant","The Necromancer","The Runesmith","The Servant 0.9.4","egg"],"gold_per_floor":[115,131,147,147,162,191,207,172,227,227,259,29,64,64,64,163,163,177,214,224,224,224,255,275,275,275],"floor_reached":25,"playtime":695,"items_purged":[],"score":333,"play_id":"608a0bcb-25af-4ad3-86a9-3712b3be1f44","local_time":"20210103043653","is_ascension_mode":false,"campfire_choices":[{"data":"Run Through","floor":10,"key":"SMITH"}],"circlet_count":0,"master_deck":["Strike_R","Strike_R","Strike_R","Strike_R","Strike_R","Defend_R","Defend_R","Defend_R","Defend_R","Bash","Run Through+1","Cleave+1","Sword Boomerang","conspire:ExplosiveBarrier","Flex","Uppercut","Inflame","Demon Form","Thunderclap","Bloodletting"],"relics":["Burning Blood","Gambling Chip","infinitespire:Lucky Rock","PreservedInsect","Toolbox","infinitespire:PuzzleCube","construct:WeddingRing","ReplayFunnel"],"acts_visited":["Exordium","TheCity"],"potions_floor_usage":[7,13,20,23,23,24],"damage_taken":[{"damage":17,"enemies":"2 Louse","floor":1,"turns":3},{"damage":11,"enemies":"Jaw Worm","floor":2,"turns":3},{"damage":8,"enemies":"Small Slimes","floor":3,"turns":2},{"damage":14,"enemies":"Blue Slaver","floor":5,"turns":4},{"damage":18,"enemies":"Gremlin Nob","floor":6,"turns":4},{"damage":0,"enemies":"Large Slime","floor":7,"turns":4},{"damage":24,"enemies":"Lagavulin","floor":11,"turns":5},{"damage":6,"enemies":"3 Louse","floor":13,"turns":2},{"damage":56,"enemies":"The Guardian","floor":16,"turns":10},{"damage":10,"enemies":"Spheric Guardian","floor":18,"turns":3},{"damage":15,"enemies":"2 Thieves","floor":20,"turns":4},{"damage":19,"enemies":"Book of Stabbing","floor":23,"turns":3},{"damage":24,"enemies":"Snecko","floor":24,"turns":5},{"damage":30,"enemies":"Snake Plant","floor":25,"turns":2}],"seed_played":"2671880977478932974","potions_obtained":[{"floor":3,"key":"construct:ShiftPotion"},{"floor":6,"key":"ColorlessPotion"},{"floor":11,"key":"Regen Potion"},{"floor":16,"key":"LifebloodPotion"},{"floor":19,"key":"SneckoOil"},{"floor":19,"key":"Flashbang"},{"floor":19,"key":"EssenceOfSteel"},{"floor":20,"key":"hexamod:EctoCoolerPotion"}],"is_trial":false,"path_per_floor":["M","M","M","?","M","E","M","?","T","R","E","$","M","?","R","B",null,"M","?","M","?","?","E","M","M"],"character_chosen":"IRONCLAD","items_purchased":["Toolbox","Inflame"],"campfire_rested":0,"item_purchase_floors":[12,12],"current_hp_per_floor":[69,64,62,62,54,42,48,68,68,68,50,50,55,55,79,29,80,76,56,47,32,60,47,29,0,0],"gold":275,"neow_bonus":"","is_daily":false,"chose_seed":false,"campfire_upgraded":1,"win_rate":0.0,"timestamp":1609673813,"path_taken":["M","M","M","?","M","E","M","?","T","R","E","$","?","?","R","BOSS","M","?","M","?","?","E","M","M"],"items_purchased_type":["Relic","Card"],"build_version":"2020-12-13","purchased_purges":0,"victory":false,"max_hp_per_floor":[80,80,80,80,80,80,80,80,80,80,80,80,80,80,80,80,80,80,80,80,85,85,85,85,85,85],"card_choices":[{"not_picked":["Dropkick","Flame Barrier"],"picked":"Run Through","floor":1},{"not_picked":["Twin Strike","Sword Boomerang"],"picked":"Cleave","floor":2},{"not_picked":["Anger","ReplayTheSpireMod:Strike From Hell"],"picked":"Sword Boomerang","floor":3},{"not_picked":["Corruption","Anger"],"picked":"conspire:ExplosiveBarrier","floor":5},{"not_picked":["Massacre","Sword Boomerang"],"picked":"Flex","floor":6},{"not_picked":["Uppercut","Twin Strike","Flex"],"picked":"SKIP","floor":7},{"not_picked":["Twin Strike","Flex"],"picked":"Uppercut","floor":7},{"not_picked":["Cleave","Offering","Flame Barrier"],"picked":"SKIP","floor":11},{"not_picked":["Anger","Run Through","Perfected Strike"],"picked":"SKIP","floor":13},{"not_picked":["Replay:Many Hands","Corruption"],"picked":"Demon Form","floor":16},{"not_picked":["Anger","Clash+1"],"picked":"Thunderclap","floor":18},{"not_picked":["Abandon","infinitespire:OneForAll+1"],"picked":"Bloodletting","floor":19},{"not_picked":["Clothesline","Flex","Body Slam"],"picked":"SKIP","floor":20},{"not_picked":["Clothesline","Flex","Body Slam"],"picked":"SKIP","floor":20},{"not_picked":["Body Slam+1","Perfected Strike","Sever Soul"],"picked":"SKIP","floor":23},{"not_picked":["Perfected Strike","Heavy Blade","True Grit"],"picked":"SKIP","floor":24}],"player_experience":31191,"relics_obtained":[{"floor":6,"key":"Gambling Chip"},{"floor":9,"key":"infinitespire:Lucky Rock"},{"floor":11,"key":"PreservedInsect"},{"floor":14,"key":"infinitespire:PuzzleCube"},{"floor":23,"key":"ReplayFunnel"}],"event_choices":[{"damage_healed":0,"gold_gain":0,"player_choice":"Ignored","damage_taken":0,"max_hp_gain":0,"max_hp_loss":0,"event_name":"Liars Game","floor":4,"gold_loss":0},{"damage_healed":20,"gold_gain":0,"player_choice":"Healed","damage_taken":0,"max_hp_gain":0,"max_hp_loss":0,"event_name":"The Cleric","floor":8,"gold_loss":35},{"damage_healed":0,"gold_gain":0,"player_choice":"Shed Blood","damage_taken":20,"max_hp_gain":5,"max_hp_loss":0,"event_name":"Forgotten Altar","floor":21,"gold_loss":0},{"damage_healed":28,"gold_gain":0,"player_choice":"Heal","damage_taken":0,"max_hp_gain":0,"max_hp_loss":0,"event_name":"The Library","floor":22,"gold_loss":0}],"is_beta":false,"boss_relics":[{"not_picked":["construct:ClawGrip","Snecko Eye"],"picked":"construct:WeddingRing"}],"items_purged_floors":[],"is_endless":false,"potions_floor_spawned":[3,6,11,16,20],"killed_by":"Snake Plant","ascension_level":0}}