{"host":"tl8jdqk9pnwb74j1","time":1609678043,"event":{"mods":["BaseMod","BetterRewards","Custom Start","Minty Spire (QoL Compilation)","Shop Mod","StSLib","SuperFastMode"],"gold_per_floor":[113,133,144,69,87,87,37,37,92,17,29,29,60,74,74,169,169,179,179,190,190,90,90,90,104,104,135,135,135],"floor_reached":28,"playtime":689,"items_purged":["Defend_G","Strike_G"],"score":238,"play_id":"256df7f4-7580-4cab-b75a-7a7f04b2f3d2","local_time":"20210103204723","is_ascension_mode":false,"campfire_choices":[{"data":"Noxious Fumes","floor":6.0,"key":"SMITH"},{"data":"Deadly Poison","floor":8.0,"key":"SMITH"},{"data":"Outmaneuver","floor":15.0,"key":"SMITH"},{"data":"Corpse Explosion","floor":23,"key":"SMITH"}],"circlet_count":0,"master_deck":["Strike_G","Strike_G","Strike_G","Defend_G","Defend_G+1","Defend_G","Survivor","Neutralize","Die Die Die","Noxious Fumes+1","Poisoned Stab","Deadly Poison+1","Quick Slash","Noxious Fumes","Acrobatics+1","Outmaneuver+1","Corpse Explosion+1","Deflect+1","Deadly Poison","Eviscerate"],"relics":["Ring of the Snake","Bronze Scales","HoveringKite","Nloth\u0027s Gift","MealTicket","Mummified Hand","Torii"],"acts_visited":["Exordium","TheCity"],"potions_floor_usage":[],"damage_taken":[{"damage":4.0,"enemies":"Cultist","floor":1.0,"turns":4.0},{"damage":0.0,"enemies":"2 Louse","floor":2.0,"turns":2.0},{"damage":5.0,"enemies":"Small Slimes","floor":3.0,"turns":3.0},{"damage":1.0,"enemies":"Exordium Thugs","floor":5.0,"turns":4.0},{"damage":6.0,"enemies":"Exordium Wildlife","floor":11.0,"turns":3.0},{"damage":31.0,"enemies":"Lagavulin","floor":13.0,"turns":6.0},{"damage":5.0,"enemies":"Blue Slaver","floor":14.0,"turns":3.0},{"damage":10.0,"enemies":"Hexaghost","floor":16.0,"turns":7.0},{"damage":10,"enemies":"Spheric Guardian","floor":18,"turns":3},{"damage":14,"enemies":"3 Byrds","floor":20,"turns":3},{"damage":15,"enemies":"Centurion and Healer","floor":25,"turns":5},{"damage":37,"enemies":"Book of Stabbing","floor":27,"turns":5},{"damage":0,"enemies":"Cultist and Chosen","floor":28,"turns":1}],"seed_played":"-3524830796354243303","potions_obtained":[{"floor":2.0,"key":"Swift Potion"},{"floor":3.0,"key":"LiquidMemories"},{"floor":11.0,"key":"Energy Potion"}],"is_trial":false,"path_per_floor":["M","M","M","$","M","R","?","R","T","$","M","$","E","M","R","B",null,"M","?","M","T","$","R","?","M","T","E","M"],"character_chosen":"THE_SILENT","items_purchased":["Noxious Fumes"],"campfire_rested":0,"item_purchase_floors":[10],"current_hp_per_floor":[66,66,61,61,60,60,60,60,60,60,54,54,23,18,18,8,70,60,60,46,46,61,61,61,46,46,9,9,9],"gold":135,"neow_bonus":"ONE_RANDOM_RARE_CARD","is_daily":false,"chose_seed":false,"campfire_upgraded":4,"win_rate":0.0,"timestamp":1609678043,"path_taken":["M","?","?","$","M","R","?","R","T","$","M","$","E","M","R","BOSS","M","?","?","?","$","R","?","M","T","E","?"],"items_purchased_type":["Card"],"build_version":"2020-12-22","purchased_purges":2,"victory":false,"max_hp_per_floor":[70,70,70,70,70,70,70,70,70,70,70,70,70,70,70,70,70,70,70,70,70,70,70,70,70,70,70,70,70],"card_choices":[{"not_picked":["Deadly Poison","Acrobatics"],"picked":"Noxious Fumes","floor":1.0},{"not_picked":["Well Laid Plans","Flying Knee"],"picked":"Poisoned Stab","floor":2.0},{"not_picked":["Acrobatics","Poisoned Stab"],"picked":"Deadly Poison","floor":3.0},{"not_picked":["Underhanded Strike","Reflex"],"picked":"Quick Slash","floor":5.0},{"not_picked":["Flying Knee","A Thousand Cuts"],"picked":"Acrobatics","floor":11.0},{"not_picked":["Acrobatics","Well Laid Plans","Masterful Stab"],"picked":"SKIP","floor":13.0},{"not_picked":["Quick Slash","Underhanded Strike"],"picked":"Outmaneuver","floor":14.0},{"not_picked":["Phantasmal Killer","Envenom"],"picked":"Corpse Explosion","floor":16.0},{"not_picked":["Reflex+1","Slice","Expertise+1"],"picked":"SKIP","floor":18},{"not_picked":["Prepared+1","Eviscerate"],"picked":"Deflect+1","floor":20},{"not_picked":["Poisoned Stab+1","Caltrops"],"picked":"Deadly Poison","floor":25},{"not_picked":["Dagger Throw+1","Corpse Explosion"],"picked":"Eviscerate","floor":27}],"player_experience":962155,"relics_obtained":[{"floor":9.0,"key":"Bronze Scales"},{"floor":13.0,"key":"War Paint"},{"floor":21,"key":"MealTicket"},{"floor":26,"key":"Mummified Hand"},{"floor":27,"key":"Torii"}],"event_choices":[{"cards_removed":["Strike_G"],"damage_healed":0.0,"max_hp_gain":0.0,"max_hp_loss":0.0,"gold_gain":0.0,"event_name":"The Cleric","player_choice":"Card Removal","floor":7.0,"gold_loss":50.0,"damage_taken":0.0},{"damage_healed":0,"gold_gain":0,"player_choice":"Traded Relic","damage_taken":0,"relics_obtained":["Nloth\u0027s Gift"],"max_hp_gain":0,"max_hp_loss":0,"event_name":"N\u0027loth","floor":19,"relics_lost":["War Paint"],"gold_loss":0},{"cards_removed":["Defend_G"],"damage_healed":0,"gold_gain":0,"player_choice":"Offered Basic","damage_taken":0,"max_hp_gain":0,"max_hp_loss":0,"event_name":"Bonfire Elementals","floor":24,"gold_loss":0}],"is_beta":false,"boss_relics":[{"not_picked":["Calling Bell","Cursed Key"],"picked":"HoveringKite"}],"items_purged_floors":[4,22],"is_endless":false,"potions_floor_spawned":[2,3,11,16,25],"killed_by":"Cultist and Chosen","ascension_level":0}}