{"host":"9l1knhxfturzliqa","time":1609638566,"event":{"mods":["BaseMod","Colored Map","Colored Powertips","DeckTracker","Highlight Path","Keyboard Shortcuts","Minty Spire (QoL Compilation)","Random Character Button"],"gold_per_floor":[110,110,80,99,117,117,128,128,128,128,140,140,154,171,171,275,275,285,285,300,333,9,34,34,65,65,65,91,109,123,135,135,235,235,251,265,279,291,38,66,66,78,125,154,172,183,129,145,145,145],"floor_reached":51,"playtime":6141,"items_purged":["Defend_G"],"score":995,"play_id":"713bf6c7-e98b-4862-8550-66c5e497a5b3","local_time":"20210103104926","is_ascension_mode":true,"campfire_choices":[{"data":"Phantasmal Killer","floor":6.0,"key":"SMITH"},{"data":"Adrenaline","floor":15.0,"key":"SMITH"},{"data":"Envenom","floor":24.0,"key":"SMITH"},{"data":"Tactician","floor":27.0,"key":"SMITH"},{"data":"Distraction","floor":32.0,"key":"SMITH"},{"data":"Prepared","floor":41.0,"key":"SMITH"},{"floor":49,"key":"REST"}],"circlet_count":0,"master_deck":["Strike_G","Strike_G","Strike_G","Strike_G","Defend_G","Defend_G","Defend_G","Survivor","Neutralize","Phantasmal Killer+1","PiercingWail","Poisoned Stab","Well Laid Plans","Tactician+1","Malaise","Adrenaline+1","Envenom+1","Cloak And Dagger+1","Infinite Blades","Reflex","Distraction+1","Prepared+1","Backflip","Glass Knife","Sucker Punch+1","Predator+1","Dagger Spray+1","Accuracy+1","Dagger Throw+1","Acrobatics","Blade Dance","Tactician+1"],"relics":["Ring of the Snake","Ornamental Fan","Shuriken","SlaversCollar","Red Mask","Meat on the Bone","Bottled Flame","Bag of Marbles","Lizard Tail","Pocketwatch","Sozu","Singing Bowl","Tingsha","PreservedInsect","Bronze Scales","HornCleat"],"acts_visited":["Exordium","TheCity","TheBeyond"],"potions_floor_usage":[],"damage_taken":[{"damage":0.0,"enemies":"2 Louse","floor":1.0,"turns":2.0},{"damage":0.0,"enemies":"Small Slimes","floor":4.0,"turns":3.0},{"damage":1.0,"enemies":"Cultist","floor":5.0,"turns":3.0},{"damage":10.0,"enemies":"Exordium Wildlife","floor":7.0,"turns":5.0},{"damage":1.0,"enemies":"Looter","floor":11.0,"turns":4.0},{"damage":2.0,"enemies":"Exordium Thugs","floor":13.0,"turns":4.0},{"damage":0.0,"enemies":"2 Fungi Beasts","floor":14.0,"turns":3.0},{"damage":15.0,"enemies":"Hexaghost","floor":16.0,"turns":12.0},{"damage":2.0,"enemies":"Spheric Guardian","floor":18.0,"turns":6.0},{"damage":3.0,"enemies":"2 Thieves","floor":20.0,"turns":4.0},{"damage":28.0,"enemies":"Masked Bandits","floor":21.0,"turns":6.0},{"damage":0.0,"enemies":"Gremlin Leader","floor":23.0,"turns":9.0},{"damage":9.0,"enemies":"Book of Stabbing","floor":25.0,"turns":4.0},{"damage":20.0,"enemies":"Gremlin Leader","floor":28.0,"turns":7.0},{"damage":9.0,"enemies":"Snake Plant","floor":29.0,"turns":4.0},{"damage":4.0,"enemies":"Shelled Parasite and Fungi","floor":30.0,"turns":6.0},{"damage":13.0,"enemies":"Snecko","floor":31.0,"turns":4.0},{"damage":35.0,"enemies":"Champ","floor":33.0,"turns":8.0},{"damage":3.0,"enemies":"Orb Walker","floor":35.0,"turns":3.0},{"damage":33.0,"enemies":"3 Darklings","floor":36.0,"turns":5.0},{"damage":32.0,"enemies":"Transient","floor":37.0,"turns":5.0},{"damage":16.0,"enemies":"Spire Growth","floor":38.0,"turns":3.0},{"damage":18.0,"enemies":"Nemesis","floor":40.0,"turns":5.0},{"damage":23.0,"enemies":"Writhing Mass","floor":42.0,"turns":3.0},{"damage":20.0,"enemies":"Reptomancer","floor":44.0,"turns":3.0},{"damage":6,"enemies":"3 Darklings","floor":45,"turns":4},{"damage":0,"enemies":"Transient","floor":46,"turns":5},{"damage":9,"enemies":"Spire Growth","floor":48,"turns":4},{"damage":28,"enemies":"Donu and Deca","floor":50,"turns":5}],"seed_played":"3082220451063838370","potions_obtained":[{"floor":1.0,"key":"EssenceOfSteel"},{"floor":3.0,"key":"GhostInAJar"},{"floor":3.0,"key":"Weak Potion"},{"floor":12.0,"key":"Regen Potion"},{"floor":13.0,"key":"Explosive Potion"},{"floor":16.0,"key":"Block Potion"},{"floor":21.0,"key":"EssenceOfSteel"},{"floor":29.0,"key":"Poison Potion"},{"floor":30.0,"key":"Weak Potion"},{"floor":31.0,"key":"AttackPotion"}],"is_trial":false,"path_per_floor":["M","?","?","M","M","R","M","T","T","?","M","?","M","M","R","B",null,"M","?","M","?","$","E","R","E","T","R","E","M","M","M","R","B",null,"M","M","M","M","$","E","R","M","T","E","M","M","?","M","R","B",null],"character_chosen":"THE_SILENT","items_purchased":["Meat on the Bone","Singing Bowl"],"campfire_rested":1,"item_purchase_floors":[22,39],"current_hp_per_floor":[63,56,56,56,55,55,45,45,45,45,44,44,54,54,54,39,62,60,60,57,29,29,41,41,44,44,44,36,39,47,46,46,23,58,55,34,14,47,47,41,41,32,32,24,30,42,42,47,69,41],"gold":145,"neow_bonus":"ONE_RANDOM_RARE_CARD","is_daily":false,"chose_seed":false,"campfire_upgraded":6,"win_rate":0.0,"timestamp":1609638566,"path_taken":["M","?","?","M","?","R","M","?","T","?","?","?","M","M","R","BOSS","M","?","M","?","$","E","R","E","T","R","E","M","M","M","R","BOSS","M","M","M","M","$","E","R","M","T","E","M","M","?","M","R","BOSS"],"items_purchased_type":["Relic","Relic"],"build_version":"2020-12-22","purchased_purges":1,"victory":true,"max_hp_per_floor":[70,70,70,70,70,70,70,70,70,70,70,70,70,70,70,70,70,70,70,70,70,70,70,70,70,70,70,70,70,70,70,70,70,70,70,70,70,70,70,70,70,72,72,72,72,72,72,74,74,74],"card_choices":[{"not_picked":["Deflect","Sucker Punch"],"picked":"PiercingWail","floor":1.0},{"not_picked":["Crippling Poison","Underhanded Strike"],"picked":"Poisoned Stab","floor":4.0},{"not_picked":["Dodge and Roll","Catalyst"],"picked":"Well Laid Plans","floor":5.0},{"not_picked":["Setup","Blade Dance"],"picked":"Tactician","floor":7.0},{"not_picked":["Tactician","Acrobatics"],"picked":"Adrenaline","floor":11.0},{"not_picked":["Acrobatics","Dash","Catalyst"],"picked":"SKIP","floor":13.0},{"not_picked":["Sucker Punch","Bane","Flechettes"],"picked":"SKIP","floor":14.0},{"not_picked":["Night Terror","Adrenaline"],"picked":"Envenom","floor":16.0},{"not_picked":["Flechettes+1","Quick Slash"],"picked":"Cloak And Dagger+1","floor":18.0},{"not_picked":["Crippling Poison","Masterful Stab"],"picked":"Infinite Blades","floor":20.0},{"not_picked":["Dodge and Roll","Riddle With Holes","PiercingWail+1"],"picked":"SKIP","floor":23.0},{"not_picked":["Night Terror","Slice"],"picked":"Reflex","floor":25.0},{"not_picked":["Choke","Quick Slash+1"],"picked":"Distraction","floor":28.0},{"not_picked":["Outmaneuver","Bane"],"picked":"Prepared","floor":29.0},{"not_picked":["Choke","Flechettes"],"picked":"Backflip","floor":30.0},{"not_picked":["Deflect+1","Endless Agony","Outmaneuver"],"picked":"SKIP","floor":31.0},{"not_picked":["Malaise","Grand Finale"],"picked":"Glass Knife","floor":33.0},{"not_picked":["Dodge and Roll+1","Predator"],"picked":"Sucker Punch+1","floor":35.0},{"not_picked":["Escape Plan","Bouncing Flask"],"picked":"Predator+1","floor":36.0},{"not_picked":["Bane+1","Flechettes"],"picked":"Dagger Spray+1","floor":37.0},{"not_picked":["Prepared","Storm of Steel"],"picked":"Accuracy+1","floor":38.0},{"not_picked":["Prepared+1","Setup"],"picked":"Dagger Throw+1","floor":40.0},{"not_picked":["Noxious Fumes","Sucker Punch+1","Backflip+1"],"picked":"Singing Bowl","floor":42.0},{"not_picked":["PiercingWail","Backflip"],"picked":"Acrobatics","floor":44.0},{"not_picked":["Deadly Poison","Escape Plan+1"],"picked":"Blade Dance","floor":45},{"not_picked":["Outmaneuver+1","PiercingWail+1"],"picked":"Tactician+1","floor":46},{"not_picked":["Concentrate+1","Venomology","PiercingWail+1"],"picked":"Singing Bowl","floor":48}],"player_experience":309153,"relics_obtained":[{"floor":8.0,"key":"Ornamental Fan"},{"floor":9.0,"key":"Shuriken"},{"floor":21.0,"key":"Red Mask"},{"floor":23.0,"key":"Bottled Flame"},{"floor":25.0,"key":"Bag of Marbles"},{"floor":26.0,"key":"Lizard Tail"},{"floor":28.0,"key":"Pocketwatch"},{"floor":40.0,"key":"Tingsha"},{"floor":43.0,"key":"PreservedInsect"},{"floor":44.0,"key":"Bronze Scales"}],"event_choices":[{"cards_removed":["Strike_G"],"damage_healed":0.0,"max_hp_gain":0.0,"max_hp_loss":0.0,"gold_gain":0.0,"event_name":"Golden Wing","player_choice":"Card Removal","floor":2.0,"gold_loss":0.0,"damage_taken":7.0},{"damage_healed":0.0,"max_hp_gain":0.0,"max_hp_loss":0.0,"gold_gain":0.0,"event_name":"The Woman in Blue","player_choice":"Bought 2 Potions","floor":3.0,"gold_loss":0.0,"damage_taken":0.0},{"damage_healed":0.0,"max_hp_gain":0.0,"max_hp_loss":0.0,"gold_gain":0.0,"cards_transformed":["Defend_G"],"event_name":"Transmorgrifier","player_choice":"Transformed","floor":10.0,"gold_loss":0.0,"damage_taken":0.0,"cards_obtained":["Malaise"]},{"damage_healed":0.0,"max_hp_gain":0.0,"max_hp_loss":0.0,"gold_gain":0.0,"event_name":"Lab","player_choice":"Got Potions","floor":12.0,"gold_loss":0.0,"damage_taken":0.0},{"damage_healed":0.0,"max_hp_gain":0.0,"max_hp_loss":0.0,"gold_gain":0.0,"event_name":"Vampires","player_choice":"Ignored","floor":19.0,"gold_loss":0.0,"damage_taken":0.0},{"damage_healed":0.0,"max_hp_gain":0.0,"max_hp_loss":0.0,"gold_gain":0.0,"event_name":"Masked Bandits","player_choice":"Fought Bandits","floor":21.0,"gold_loss":0.0,"damage_taken":0.0},{"damage_healed":0,"gold_gain":0,"player_choice":"Paid Gold","damage_taken":0,"relics_obtained":["HornCleat"],"max_hp_gain":0,"max_hp_loss":0,"event_name":"WeMeetAgain","floor":47,"gold_loss":54}],"is_beta":false,"boss_relics":[{"not_picked":["Runic Pyramid","Tiny House"],"picked":"SlaversCollar"},{"not_picked":["Runic Dome","Black Star"],"picked":"Sozu"}],"items_purged_floors":[22],"is_endless":false,"potions_floor_spawned":[1,11,13,16,21,29,30,31,35,36,37,42],"ascension_level":6}}