{"host":"9l4mw5jqza9qz9hr","time":1609658956,"event":{"mods":["AchievementEnabler","Always Whale","BaseMod","Colored Map","Minty Spire (QoL Compilation)","StSLib","SuperFastMode"],"gold_per_floor":[115,65,85,10,10,42,56,84,84,99,174,193,193,204,204,309,309,299,299,299,310,310,338,338,350,350,378,378,391,408,164,164,164,164],"floor_reached":33,"playtime":2293,"items_purged":["Defend_R","Strike_R"],"score":465,"play_id":"6fd21847-1b53-4f68-9f72-794d299ccbf0","local_time":"20210103162916","is_ascension_mode":true,"campfire_choices":[{"data":"Demon Form","floor":13,"key":"SMITH"},{"data":"Armaments","floor":15,"key":"SMITH"},{"data":"Heavy Blade","floor":24,"key":"SMITH"},{"data":"Heavy Blade","floor":28,"key":"SMITH"},{"data":"Limit Break","floor":32,"key":"SMITH"}],"circlet_count":0,"master_deck":["Strike_R","Defend_R","Defend_R","Defend_R+1","Bash","Wild Strike+1","Demon Form+1","Whirlwind","Heavy Blade+1","Ghostly Armor","Heavy Blade+1","Battle Trance","Armaments+1","Limit Break+1","CurseOfTheBell","Inflame+1","Flex","Pummel","Evolve","Inflame+1"],"relics":["Burning Blood","Strawberry","Question Card","Self Forming Clay","Calling Bell","Bag of Marbles","Blue Candle","Du-Vu Doll","WingedGreaves","Bottled Lightning","Tiny Chest","DollysMirror"],"acts_visited":["Exordium","TheCity"],"potions_floor_usage":[6,16,29,33,33],"damage_taken":[{"damage":4,"enemies":"Small Slimes","floor":1,"turns":3},{"damage":2,"enemies":"Jaw Worm","floor":3,"turns":3},{"damage":0,"enemies":"Lagavulin","floor":6,"turns":3},{"damage":0,"enemies":"2 Louse","floor":7,"turns":2},{"damage":27,"enemies":"3 Sentries","floor":8,"turns":5},{"damage":5,"enemies":"Gremlin Gang","floor":10,"turns":2},{"damage":9,"enemies":"Red Slaver","floor":12,"turns":3},{"damage":4,"enemies":"Exordium Wildlife","floor":14,"turns":3},{"damage":0,"enemies":"Slime Boss","floor":16,"turns":6},{"damage":22,"enemies":"2 Thieves","floor":18,"turns":4},{"damage":12,"enemies":"Chosen","floor":21,"turns":4},{"damage":21,"enemies":"Slavers","floor":23,"turns":5},{"damage":16,"enemies":"3 Cultists","floor":25,"turns":4},{"damage":39,"enemies":"Book of Stabbing","floor":27,"turns":4},{"damage":23,"enemies":"Shelled Parasite and Fungi","floor":29,"turns":5},{"damage":10,"enemies":"Snecko","floor":30,"turns":4},{"damage":89,"enemies":"Automaton","floor":33,"turns":6}],"seed_played":"-2740302220076024676","potions_obtained":[{"floor":3,"key":"LiquidMemories"},{"floor":6,"key":"BloodPotion"},{"floor":8,"key":"BlessingOfTheForge"},{"floor":14,"key":"AttackPotion"},{"floor":18,"key":"Strength Potion"},{"floor":25,"key":"BloodPotion"},{"floor":29,"key":"Strength Potion"},{"floor":30,"key":"Block Potion"}],"is_trial":false,"path_per_floor":["M","?","M","$","?","E","M","E","T","M","?","M","R","M","R","B",null,"M","?","?","M","?","E","R","M","T","E","R","M","M","$","R","B"],"character_chosen":"IRONCLAD","items_purchased":["DollysMirror"],"campfire_rested":0,"item_purchase_floors":[31],"current_hp_per_floor":[72,72,72,72,58,71,77,56,56,57,46,43,43,45,45,51,72,56,56,41,35,84,69,69,59,59,26,26,25,21,21,21,0,0],"gold":164,"neow_bonus":"TRANSFORM_TWO_CARDS","is_daily":false,"chose_seed":false,"campfire_upgraded":5,"win_rate":0.0,"timestamp":1609658956,"path_taken":["M","?","M","$","?","E","M","E","T","M","?","M","R","?","R","BOSS","M","?","?","M","?","E","R","?","T","E","R","?","M","$","R","BOSS"],"items_purchased_type":["Relic"],"build_version":"2020-12-22","purchased_purges":2,"victory":false,"max_hp_per_floor":[72,72,72,72,72,79,79,79,79,79,79,79,79,79,79,79,79,79,79,84,84,84,84,84,84,84,84,84,84,84,84,84,84,84],"card_choices":[{"not_picked":["Body Slam","Shrug It Off"],"picked":"Whirlwind","floor":1},{"not_picked":["Dropkick","Shrug It Off"],"picked":"Heavy Blade","floor":3},{"not_picked":["Dropkick","Clash"],"picked":"Ghostly Armor","floor":6},{"not_picked":["Warcry","Anger"],"picked":"Heavy Blade","floor":7},{"not_picked":["Ghostly Armor","Juggernaut"],"picked":"Battle Trance","floor":8},{"not_picked":["Fire Breathing","Second Wind","Thunderclap","Iron Wave"],"picked":"SKIP","floor":10},{"not_picked":["Havoc","Second Wind","Heavy Blade"],"picked":"Burning Pact","floor":12},{"not_picked":["Iron Wave","Rage","True Grit"],"picked":"Armaments","floor":14},{"not_picked":["Immolate","Offering","Impervious"],"picked":"Limit Break","floor":16},{"not_picked":["Perfected Strike+1","Infernal Blade+1","Berserk"],"picked":"Inflame+1","floor":18},{"not_picked":["Power Through","Twin Strike","Heavy Blade+1","Pommel Strike"],"picked":"SKIP","floor":21},{"not_picked":["Battle Trance+1","Havoc+1","Headbutt"],"picked":"Pummel","floor":23},{"not_picked":["Metallicize","Iron Wave","Searing Blow","Pommel Strike+1"],"picked":"SKIP","floor":25},{"not_picked":["Hemokinesis+1","Carnage","Thunderclap","Second Wind"],"picked":"SKIP","floor":27},{"not_picked":["Flame Barrier","Rampage","Clothesline"],"picked":"Evolve","floor":29},{"not_picked":["Cleave","Juggernaut","Perfected Strike","True Grit"],"picked":"SKIP","floor":30}],"player_experience":142673,"relics_obtained":[{"floor":6,"key":"Strawberry"},{"floor":8,"key":"Question Card"},{"floor":9,"key":"Self Forming Clay"},{"floor":17,"key":"Bag of Marbles"},{"floor":17,"key":"Blue Candle"},{"floor":17,"key":"Du-Vu Doll"},{"floor":23,"key":"WingedGreaves"},{"floor":26,"key":"Bottled Lightning"},{"floor":27,"key":"Tiny Chest"}],"event_choices":[{"cards_removed":["Strike_R"],"damage_healed":0,"gold_gain":0,"player_choice":"Card Removal","damage_taken":0,"max_hp_gain":0,"max_hp_loss":0,"event_name":"The Cleric","floor":2,"gold_loss":50},{"damage_healed":0,"gold_gain":0,"player_choice":"Entered Light","damage_taken":14,"max_hp_gain":0,"max_hp_loss":0,"event_name":"Shining Light","floor":5,"gold_loss":0,"cards_upgraded":["Wild Strike","Defend_R"]},{"damage_healed":0,"gold_gain":75,"player_choice":"Gather Gold","damage_taken":11,"max_hp_gain":0,"max_hp_loss":0,"event_name":"World of Goop","floor":11,"gold_loss":0},{"damage_healed":0,"gold_gain":0,"player_choice":"Read","damage_taken":0,"max_hp_gain":0,"max_hp_loss":0,"event_name":"The Library","floor":19,"gold_loss":0,"cards_obtained":["Flex"]},{"damage_healed":0,"gold_gain":0,"player_choice":"Shed Blood","damage_taken":20,"max_hp_gain":5,"max_hp_loss":0,"event_name":"Forgotten Altar","floor":20,"gold_loss":0},{"cards_removed":["Burning Pact"],"damage_healed":49,"gold_gain":0,"player_choice":"Offered Uncommon","damage_taken":0,"max_hp_gain":0,"max_hp_loss":0,"event_name":"Bonfire Elementals","floor":22,"gold_loss":0}],"is_beta":false,"boss_relics":[{"not_picked":["Ectoplasm","SacredBark"],"picked":"Calling Bell"}],"items_purged_floors":[4,31],"is_endless":false,"potions_floor_spawned":[3,6,8,14,18,25,29,30],"killed_by":"Automaton","ascension_level":5}}