{"host":"v1sr5h8q0mijnzs9","time":1609691691,"event":{"mods":["AchievementEnabler","Arknights The Spire","BaseMod","Bestiary","Better Altar","Better Match","Better Note","Better Sensory Stone","Better Skull","Better Third Choice","BetterRewards","Colored Map","Colored Powertips","Downfall","Duelist Mod","Evolution","Friendly Minions","GifTheSpireLib","Googly Eyes","Hero for Fun","Highlight Path","Hubris","Infinite Spire","Jorbs\u0027s Wanderer Trilogy","Marisa????????","Minty Spire (QoL Compilation)","READ ME - Snecko Mod","Replay The Spire","Shop Mod","StSLib","SuperFastMode","The Animator","The Bug Knight","The Construct","The Cursed","The Death Knight","The Disciple","The Forsaken","The Jungle","The Necromancer","The Saiyan","The Servant 0.9.4","[IsaacMod]????"],"gold_per_floor":[115,127,53,53,53,53,53,71,71,83,83,83,103,113,19,19,19,121,121,138,138,138,157,173,173,208,208,233,233,233,233,0,15,15,15,15],"floor_reached":35,"playtime":4944,"items_purged":[],"score":290,"play_id":"66c74d00-0432-420a-bc5c-54edeea162c6","local_time":"20210103173451","is_ascension_mode":false,"campfire_choices":[{"data":"DoctorFetus","floor":6,"key":"SMITH"},{"floor":17,"key":"REST"},{"floor":25,"key":"REST"},{"data":"HollowMod:ElderbugsWisdom","floor":27,"key":"SMITH"},{"floor":29,"key":"REST"},{"data":"HollowMod:BaldurShell","floor":34,"key":"SMITH"}],"circlet_count":0,"master_deck":["HollowMod:NailStrikeStart","HollowMod:NailStrikeStart","HollowMod:NailStrikeStart","HollowMod:QuickDashStart","HollowMod:QuickDashStart","HollowMod:QuickDashStart","HollowMod:FocusHealStart","HollowMod:PogoStrike","DoctorFetus+1","HollowMod:DoubleDash","HollowMod:SoulEater","HollowMod:CloakDash","HollowMod:CornifersMapStart","HollowMod:QuirrelsAssistance","HollowMod:DungDefenderAura","HollowMod:Grubsong+1","HollowMod:SharpenedNail","HollowMod:theNailsmith+1","HollowMod:SiblingsSouls+1","HollowMod:PureNailStrike+1","HollowMod:DashSlash+1","HollowMod:ElderbugsWisdom+1","RitualDagger","HollowMod:ShapeofUnn+1","HollowMod:HuntersJournal+1","HollowMod:DoubleDash+1","hubris:Fate","HollowMod:MothsMistake","ReplayTheSpireMod:IOU","HollowMod:CycloneSlash","HollowMod:CycloneSlash","HollowMod:DesolateDive","HollowMod:BaldurShell+1"],"relics":["HollowMod:VesselMask","EVO:Axolotl","HushsDoor","D6","Replay:Rubber Ducky","NlothsMask","hubris:ScarierMask","Kunai","Replay:Wax Seal","Astrolabe","Ancient Tea Set","Strange Spoon"],"acts_visited":["Exordium","TheCity"],"potions_floor_usage":[14,35],"damage_taken":[{"damage":1,"enemies":"Cultist","floor":1,"turns":4},{"damage":14,"enemies":"2 Louse","floor":2,"turns":4},{"damage":0,"enemies":"Small Slimes","floor":8,"turns":4},{"damage":1,"enemies":"Exordium Wildlife","floor":10,"turns":5},{"damage":0,"enemies":"2 Fungi Beasts","floor":13,"turns":4},{"damage":1,"enemies":"Gremlin Gang","floor":14,"turns":4},{"damage":56,"enemies":"Hexaghost","floor":18,"turns":10},{"damage":5,"enemies":"Chosen","floor":20,"turns":6},{"damage":11,"enemies":"Shell Parasite","floor":23,"turns":7},{"damage":11,"enemies":"Centurion and Healer","floor":24,"turns":5},{"damage":0,"enemies":"theDuelist:KaibaA2","floor":26,"turns":7},{"damage":0,"enemies":"Chosen and Byrds","floor":33,"turns":3},{"damage":105,"enemies":"Collector","floor":35,"turns":6}],"seed_played":"-280491235208326582","potions_obtained":[{"floor":13,"key":"Flashbang"},{"floor":18,"key":"PowerPotion"},{"floor":23,"key":"infinitespire:BlackPotion"},{"floor":26,"key":"Guardian:BlockOnCardUsePotion"}],"is_trial":false,"path_per_floor":["M","M","$","?","T","R","?","M","T","M","PTL","PTL","M","M","$","?","R","B",null,"M","?","?","M","M","R","E","R","T","R","?","AVR","$","M","R","B"],"character_chosen":"THE_BUGKNIGHT","items_purchased":["HollowMod:SoulEater","HollowMod:Grubsong","HollowMod:SharpenedNail","HollowMod:MothsMistake","Strange Spoon","HollowMod:CycloneSlash","HollowMod:DesolateDive"],"campfire_rested":3,"item_purchase_floors":[3,15,15,32,32,32,32],"current_hp_per_floor":[81,67,67,67,67,67,67,73,73,78,78,78,78,81,81,66,82,32,82,77,77,53,48,37,61,61,61,61,82,76,76,76,76,76,0,0],"gold":15,"neow_bonus":"TEN_PERCENT_HP_BONUS","is_daily":false,"chose_seed":false,"campfire_upgraded":3,"win_rate":0.0,"timestamp":1609691691,"path_taken":["M","?","$","?","?","R","?","M","T","M","PTL","PTL","M","M","?","?","R","BOSS","M","?","?","M","M","R","E","R","T","R","?","AVR","?","?","R","BOSS"],"items_purchased_type":["Card","Card","Card","Card","Relic","Card","Card"],"build_version":"2020-12-22","purchased_purges":0,"victory":false,"max_hp_per_floor":[82,82,82,82,82,82,82,82,82,82,82,82,82,82,82,82,82,82,82,82,82,82,82,82,82,82,82,82,82,82,82,82,82,82,82,82],"card_choices":[{"not_picked":[],"picked":"DoctorFetus","floor":0},{"not_picked":["HollowMod:DesolateDive","HollowMod:NewLittleFool"],"picked":"HollowMod:SharpenedShadows","floor":1},{"not_picked":["HollowMod:SharpenedShadows","HollowMod:InfectedAttack"],"picked":"HollowMod:DoubleDash","floor":2},{"not_picked":["HollowMod:NewInfectedGuardian","HollowMod:HuntersJournal"],"picked":"HollowMod:CloakDash","floor":8},{"not_picked":["Bomb","HollowMod:SharpenedShadows"],"picked":"HollowMod:CornifersMapStart","floor":10},{"not_picked":["HollowMod:CoiledNail","HollowMod:SiblingsSouls"],"picked":"HollowMod:QuirrelsAssistance","floor":13},{"not_picked":["HollowMod:SoulEater","HollowMod:CloakDash"],"picked":"HollowMod:DungDefenderAura","floor":14},{"not_picked":["HollowMod:ElderbugsWisdom","HollowMod:LifebloodCore"],"picked":"HollowMod:theNailsmith","floor":18},{"not_picked":["HollowMod:PureNailStrike","HollowMod:NewLittleFool"],"picked":"HollowMod:SiblingsSouls","floor":20},{"not_picked":["HollowMod:SoulStrike","HollowMod:ShadowDash"],"picked":"HollowMod:PureNailStrike+1","floor":23},{"not_picked":["HollowMod:CrystalDash+1","HollowMod:SharpenedShadows"],"picked":"HollowMod:DashSlash+1","floor":24},{"not_picked":["HollowMod:GrimmsGift","HollowMod:SharpenedShadows"],"picked":"HollowMod:ElderbugsWisdom","floor":26},{"not_picked":["HollowMod:CoiledNail","HollowMod:SoulSplash"],"picked":"HollowMod:BaldurShell","floor":33}],"player_experience":107551,"relics_obtained":[{"floor":5,"key":"Replay:Rubber Ducky"},{"floor":26,"key":"Kunai"},{"floor":28,"key":"Replay:Wax Seal"}],"event_choices":[{"damage_healed":0,"gold_gain":0,"player_choice":"Trade","damage_taken":0,"relics_obtained":["NlothsMask"],"max_hp_gain":0,"max_hp_loss":0,"event_name":"FaceTrader","floor":7,"gold_loss":0},{"cards_removed":["DoctorFetus"],"damage_healed":0,"gold_gain":0,"player_choice":"Give","damage_taken":0,"max_hp_gain":0,"max_hp_loss":0,"event_name":"betterNote:BetterNote","floor":21,"gold_loss":0,"cards_obtained":["None"]},{"damage_healed":0,"gold_gain":0,"player_choice":"Dagger","damage_taken":6,"max_hp_gain":0,"max_hp_loss":0,"event_name":"betterThird:BetterNest","floor":30,"gold_loss":0,"cards_obtained":["RitualDagger"]}],"is_beta":false,"boss_relics":[{"not_picked":["ReplayTheSpireMod:DimensionalGlitch","infinitespire:Cupcake"],"picked":"hubris:ScarierMask"},{"not_picked":[]}],"items_purged_floors":[],"is_endless":false,"potions_floor_spawned":[13,18,23,26],"killed_by":"Collector","ascension_level":0}}