{"host":"873t0y8ybyo38pfq","time":1609690723,"event":{"mods":["BaseMod","Bestiary","Colored Map","Colored Powertips","Highlight Path","Minty Spire (QoL Compilation)","Quick Restart","RNG Fix","Rare Cards Sparkle","Relic Stats","StSLib"],"gold_per_floor":[214,226,226,276,289,289,303,303,303,314,327,64,64,80,80,80,80],"floor_reached":16,"playtime":366,"items_purged":[],"score":188,"play_id":"19ca0c34-8cc5-4154-9654-62d8c8a5891a","local_time":"20210103111843","is_ascension_mode":true,"campfire_choices":[{"data":"Dualcast","floor":6,"key":"SMITH"},{"data":"Conserve Battery","floor":8,"key":"SMITH"},{"floor":13,"key":"REST"},{"data":"Genetic Algorithm","floor":15,"key":"SMITH"}],"circlet_count":0,"master_deck":["AscendersBane","Strike_B","Strike_B","Strike_B","Strike_B","Defend_B","Defend_B","Defend_B+1","Defend_B","Zap+1","Dualcast+1","Ball Lightning","Skim","All For One","Conserve Battery+1","Glacier","Genetic Algorithm+1","Coolheaded","Doom and Gloom"],"relics":["Cracked Core","Question Card","Runic Capacitor"],"acts_visited":["Exordium"],"potions_floor_usage":[10,10,10,13,14],"damage_taken":[{"damage":1,"enemies":"Cultist","floor":1,"turns":3},{"damage":1,"enemies":"2 Louse","floor":2,"turns":2},{"damage":2,"enemies":"Jaw Worm","floor":5,"turns":3},{"damage":1,"enemies":"Looter","floor":7,"turns":2},{"damage":22,"enemies":"Lots of Slimes","floor":10,"turns":4},{"damage":3,"enemies":"3 Louse","floor":11,"turns":2},{"damage":7,"enemies":"Exordium Thugs","floor":14,"turns":3},{"damage":27,"enemies":"Hexaghost","floor":16,"turns":9}],"seed_played":"3722668883386149368","potions_obtained":[{"floor":5,"key":"EntropicBrew"},{"floor":7,"key":"PotionOfCapacity"},{"floor":10,"key":"Energy Potion"},{"floor":11,"key":"Fruit Juice"}],"is_trial":false,"path_per_floor":["M","M","?","?","M","R","M","R","T","M","M","$","R","M","R","B"],"character_chosen":"DEFECT","items_purchased":["Runic Capacitor","Coolheaded","Doom and Gloom"],"campfire_rested":1,"item_purchase_floors":[12,12,12],"current_hp_per_floor":[63,62,41,34,32,32,31,31,31,9,6,6,33,26,26,0,0],"gold":80,"neow_bonus":"HUNDRED_GOLD","is_daily":false,"chose_seed":false,"campfire_upgraded":3,"win_rate":0.0,"timestamp":1609690723,"path_taken":["M","?","?","?","M","R","M","R","T","M","M","$","R","M","R","BOSS"],"items_purchased_type":["Relic","Card","Card"],"build_version":"2020-12-22","purchased_purges":0,"victory":false,"max_hp_per_floor":[71,71,71,71,71,71,71,71,71,71,71,71,76,76,76,76,76],"relic_stats":{"counters":[8,28],"Question Card":3,"obtain_stats":[{"Runic Capacitor":12,"Cracked Core":0,"Question Card":9},{"Runic Capacitor":6,"Cracked Core":0,"Question Card":4},{"Runic Capacitor":16,"Cracked Core":0,"Question Card":10}]},"card_choices":[{"not_picked":["Turbo","Beam Cell"],"picked":"Ball Lightning","floor":1},{"not_picked":["Steam","Heatsinks"],"picked":"Skim","floor":2},{"not_picked":["Go for the Eyes","Cold Snap"],"picked":"All For One","floor":5},{"not_picked":["Reprogram","Leap"],"picked":"Conserve Battery","floor":7},{"not_picked":["Conserve Battery","Ball Lightning","Steam"],"picked":"Glacier","floor":10},{"not_picked":["Blizzard","Redo","Leap"],"picked":"Genetic Algorithm","floor":11},{"not_picked":["Blizzard","Amplify","Coolheaded","Steam Power"],"picked":"SKIP","floor":14}],"player_experience":1488712,"relics_obtained":[{"floor":9,"key":"Question Card"}],"event_choices":[{"damage_healed":0,"gold_gain":0,"player_choice":"Entered Light","damage_taken":21,"max_hp_gain":0,"max_hp_loss":0,"event_name":"Shining Light","floor":3,"gold_loss":0,"cards_upgraded":["Defend_B","Zap"]},{"damage_healed":0,"gold_gain":50,"player_choice":"Touch","damage_taken":7,"max_hp_gain":0,"max_hp_loss":0,"event_name":"FaceTrader","floor":4,"gold_loss":0}],"is_beta":false,"boss_relics":[],"items_purged_floors":[],"is_endless":false,"potions_floor_spawned":[5,7,10,11],"killed_by":"Hexaghost","ascension_level":20}}