{"host":"g1wmg2w41xhsnw8g","time":1609699211,"event":{"mods":["2.2 Compatiblity","Act Like it!","BaseMod","Better Altar","Better Match","Better Note","Better Sensory Stone","Better Skull","Better Third Choice","BetterRewards","Booster Modes","CapriCore","Colored Map","Colored Powertips","Curses Come First","Defuse TimeMaze Blight","Displayed Cursed Tome","Evolution","Friendly Minions","GifTheSpireLib","Googly Eyes","Gremlin Mod","Hermit","Hubris","Infinite Spire","Minty Spire (QoL Compilation)","Red Circlet Mod","Relic Sorter","SCP261 Mod","Shop Mod","Spicy Shops","StSLib","The Sage","Transform Curses","Wandering Minibosses","????"],"gold_per_floor":[118,118,141,91,91,91,91,91],"floor_reached":7,"playtime":350,"items_purged":[],"score":66,"play_id":"37443406-538e-491d-89f6-12a1f38e0dbd","local_time":"20210103134011","daily_mods":["SealedDeck","Specialized","Heirloom","Elite Swarm"],"is_ascension_mode":true,"campfire_choices":[{"floor":6,"key":"REST"}],"circlet_count":0,"master_deck":["hermit:Shortfuse","hermit:Shortfuse","hermit:Shortfuse","hermit:Shortfuse","hermit:Shortfuse","hermit:Manifest","hermit:Snipe","hermit:Vantage","hermit:HighCaliber","hermit:Quickdraw","hermit:WideOpen","hermit:Feint","hermit:Scavenge","hermit:Brawl","hermit:RoundhouseKick","hermit:Dive"],"relics":["hermit:Momento","EVO:Axolotl","sagemod:Creepy_Carousel","hubris:EvacipatedBox","hubris:FruitBowl","Membership Card","infinitespire:Lychee Nut"],"acts_visited":["Exordium"],"potions_floor_usage":[3,7],"damage_taken":[{"damage":1,"enemies":"Cultist","floor":1,"turns":5},{"damage":4,"enemies":"infinitespire:Voidling","floor":3,"turns":4},{"damage":55,"enemies":"Gremlin Nob","floor":7,"turns":5}],"seed_played":"-8612095361702542546","potions_obtained":[{"floor":1,"key":"Dexterity Potion"},{"floor":3,"key":"Strength Potion"}],"is_trial":true,"path_per_floor":["M","$","M","?","$","R","E"],"character_chosen":"HERMIT","items_purchased":["hubris:EvacipatedBox","hubris:FruitBowl","Membership Card","infinitespire:Lychee Nut"],"campfire_rested":1,"item_purchase_floors":[2,2,2,2],"current_hp_per_floor":[74,5,11,11,11,25,0,0],"gold":91,"neow_bonus":"","is_daily":false,"chose_seed":false,"campfire_upgraded":0,"win_rate":0.0,"timestamp":1609699211,"path_taken":["M","?","M","?","?","R","E"],"items_purchased_type":["Relic","Relic","Relic","Relic"],"build_version":"2020-12-22","purchased_purges":0,"victory":false,"max_hp_per_floor":[75,47,47,47,47,47,47,47],"card_choices":[{"not_picked":["hermit:Headshot","hermit:Roulette"],"picked":"hermit:Dive","floor":1},{"not_picked":["hermit:Roulette","hermit:BigShot","hermit:Feint"],"picked":"SKIP","floor":3}],"player_experience":1270708,"relics_obtained":[],"event_choices":[{"damage_healed":0,"gold_gain":0,"player_choice":"Left","damage_taken":0,"max_hp_gain":0,"max_hp_loss":0,"event_name":"betterThird:BetterGoop","floor":4,"gold_loss":50}],"is_beta":false,"boss_relics":[],"items_purged_floors":[],"is_endless":false,"potions_floor_spawned":[1,3],"killed_by":"Gremlin Nob","ascension_level":1}}