{"host":"mytek2nu1hrzdnew","time":1609697029,"event":{"mods":["Aspiration","BaseMod","Conspire","Evolution","GifTheSpireLib","Gold Saver","Hubris","Minty Spire (QoL Compilation)","Replay The Spire","StSLib","Stuff the Spire","Uncapped"],"gold_per_floor":[391,407,419,419,419,123,151,170,170,190,190,190,201,229,229,324,324,324,324],"floor_reached":18,"playtime":756,"items_purged":["Strike_G"],"score":198,"play_id":"8aa3f4c8-4316-4ae6-b6b6-95d97d189bb9","local_time":"20210103130349","is_ascension_mode":true,"campfire_choices":[{"floor":12,"key":"REST"},{"floor":15,"key":"REST"}],"circlet_count":0,"master_deck":["Strike_G","Strike_G","Defend_G","Defend_G","Defend_G","Defend_G+1","Survivor","Neutralize+1","A Thousand Cuts","Accuracy+1","Noxious Fumes","Slice","StuffTheSpire:Incantation","conspire:DoublingDagger"],"relics":["Ring of the Snake","EVO:Axolotl","Bronze Scales","Mercury Hourglass","StuffTheSpire:EmeraldSignet","Pet Ghost","Replay:Drink Me"],"acts_visited":["Exordium","TheCity"],"potions_floor_usage":[14],"damage_taken":[{"damage":11,"enemies":"Small Slimes","floor":1,"turns":3},{"damage":3,"enemies":"Jaw Worm","floor":2,"turns":5},{"damage":11,"enemies":"Cultist","floor":3,"turns":5},{"damage":21,"enemies":"Lagavulin","floor":7,"turns":8},{"damage":6,"enemies":"Exordium Wildlife","floor":8,"turns":4},{"damage":0,"enemies":"Large Slime","floor":10,"turns":5},{"damage":4,"enemies":"Blue Slaver","floor":13,"turns":3},{"damage":12,"enemies":"3 Sentries","floor":14,"turns":5},{"damage":13,"enemies":"Slime Boss","floor":16,"turns":9},{"damage":0,"enemies":"2 Thieves","floor":18,"turns":1}],"seed_played":"-5882168239388965284","potions_obtained":[{"floor":13,"key":"Adrenaline Potion"}],"is_trial":false,"path_per_floor":["M","M","M","?","?","$","E","M","T","M","?","R","M","E","R","B",null,"M"],"character_chosen":"THE_SILENT","items_purchased":["Bronze Scales","Noxious Fumes"],"campfire_rested":2,"item_purchase_floors":[6,6],"current_hp_per_floor":[59,56,45,45,31,31,10,4,4,8,23,44,42,30,51,42,53,53,53],"gold":324,"neow_bonus":"ONE_RANDOM_RARE_CARD","is_daily":false,"chose_seed":false,"campfire_upgraded":0,"win_rate":0.0,"timestamp":1609697029,"path_taken":["M","M","M","?","?","$","E","M","T","M","?","R","?","E","R","BOSS","M"],"items_purchased_type":["Relic","Card"],"build_version":"2020-12-22","purchased_purges":1,"victory":false,"max_hp_per_floor":[70,70,70,70,70,70,70,70,70,70,70,70,70,70,70,70,53,53,53],"card_choices":[{"not_picked":["StuffTheSpire:ReptileScales","Draining Mist"],"picked":"Accuracy","floor":1},{"not_picked":["Reflex","StuffTheSpire:BumpUp","Riddle With Holes"],"picked":"SKIP","floor":2},{"not_picked":["Masterful Stab","Underhanded Strike","Deadly Poison"],"picked":"SKIP","floor":3},{"not_picked":["StuffTheSpire:BumpUp","StuffTheSpire:ClusterCrunch"],"picked":"Slice","floor":7},{"not_picked":["StuffTheSpire:ClusterCrunch","Sucker Punch"],"picked":"StuffTheSpire:Incantation","floor":8},{"not_picked":["StuffTheSpire:Python","Expertise","Deadly Poison"],"picked":"SKIP","floor":10},{"not_picked":["Accuracy","Dagger Throw"],"picked":"conspire:DoublingDagger","floor":13},{"not_picked":["Sucker Punch","StuffTheSpire:BumpUp","Reflex"],"picked":"SKIP","floor":14}],"player_experience":1010439,"relics_obtained":[{"floor":7,"key":"Mercury Hourglass"},{"floor":9,"key":"StuffTheSpire:EmeraldSignet"},{"floor":14,"key":"Pet Ghost"}],"event_choices":[{"damage_healed":0,"gold_gain":0,"player_choice":"Entered Light","damage_taken":14,"max_hp_gain":0,"max_hp_loss":0,"event_name":"Shining Light","floor":5,"gold_loss":0,"cards_upgraded":["Defend_G","Accuracy"]}],"is_beta":false,"boss_relics":[{"not_picked":["hubris:GrandSneckoEye","hubris:CrackedHourglass"],"picked":"Replay:Drink Me"}],"items_purged_floors":[6],"is_endless":false,"potions_floor_spawned":[1,13,16],"killed_by":"2 Thieves","ascension_level":3}}