{"host":"6ld56ls1xbe0aj21","time":1609674716,"event":{"mods":["AchievementEnabler","BaseMod","Colored Powertips","Minty Spire (QoL Compilation)","Quick Restart","Rare Cards Sparkle","StSLib","SuperFastMode","everything is the same but u backflip on backflip","slay the spire mod where everything is the same but ironclad has a cowboy hat"],"gold_per_floor":[113,128,146,146,159,188,188,222,245,255,290,305,86,86,86,182,182,200,299,299,311,321,346,346,271,271,301,301,330,0,28,28,28,28],"floor_reached":33,"playtime":1352,"items_purged":["Strike_R"],"score":534,"play_id":"ce08b54f-3459-4ae2-befc-528a066617f6","local_time":"20210103225156","is_ascension_mode":true,"campfire_choices":[{"floor":7.0,"key":"REST"},{"floor":15.0,"key":"REST"},{"floor":24.0,"key":"REST"},{"floor":28.0,"key":"REST"},{"floor":32,"key":"DIG"}],"circlet_count":0,"master_deck":["Strike_R","Strike_R","Strike_R","Defend_R","Defend_R","Defend_R","Defend_R","Bash","Disarm","Ghostly Armor","Inflame+1","Flame Barrier","Fiend Fire","Power Through","Anger","Cleave","Metallicize","Corruption","Inflame","Infernal Blade+1","Second Wind+1","Pommel Strike+1","Shockwave"],"relics":["Burning Blood","Turnip","WingedGreaves","Red Skull","Strawberry","Dream Catcher","Bronze Scales","Black Star","Lantern","Centennial Puzzle","Shovel","Anchor","Ancient Tea Set","Blood Vial","Unceasing Top","Eternal Feather","Boot","Shuriken","InkBottle"],"acts_visited":["Exordium","TheCity"],"potions_floor_usage":[],"damage_taken":[{"damage":3.0,"enemies":"Jaw Worm","floor":1.0,"turns":5.0},{"damage":4.0,"enemies":"Cultist","floor":2.0,"turns":3.0},{"damage":4.0,"enemies":"2 Louse","floor":3.0,"turns":2.0},{"damage":12.0,"enemies":"2 Fungi Beasts","floor":5.0,"turns":6.0},{"damage":47.0,"enemies":"3 Sentries","floor":6.0,"turns":10.0},{"damage":31.0,"enemies":"Gremlin Nob","floor":8.0,"turns":5.0},{"damage":4.0,"enemies":"Blue Slaver","floor":10.0,"turns":3.0},{"damage":5.0,"enemies":"3 Sentries","floor":11.0,"turns":9.0},{"damage":12.0,"enemies":"Exordium Thugs","floor":12.0,"turns":3.0},{"damage":8.0,"enemies":"Hexaghost","floor":16.0,"turns":10.0},{"damage":22.0,"enemies":"2 Thieves","floor":18.0,"turns":4.0},{"damage":0.0,"enemies":"Shell Parasite","floor":21.0,"turns":6.0},{"damage":17.0,"enemies":"Shelled Parasite and Fungi","floor":22.0,"turns":6.0},{"damage":48.0,"enemies":"Slavers","floor":23.0,"turns":6.0},{"damage":29.0,"enemies":"Book of Stabbing","floor":27.0,"turns":5.0},{"damage":0.0,"enemies":"Gremlin Leader","floor":29.0,"turns":5.0},{"damage":9,"enemies":"Slavers","floor":31,"turns":4},{"damage":71,"enemies":"Collector","floor":33,"turns":8}],"seed_played":"3562914870790248554","potions_obtained":[{"floor":1.0,"key":"PowerPotion"},{"floor":5.0,"key":"Swift Potion"},{"floor":6.0,"key":"Energy Potion"},{"floor":11.0,"key":"FearPotion"},{"floor":16.0,"key":"EssenceOfSteel"},{"floor":27.0,"key":"HeartOfIron"},{"floor":31,"key":"SteroidPotion"}],"is_trial":false,"path_per_floor":["M","M","M","?","M","E","R","E","T","M","E","M","$","T","R","B",null,"M","?","?","M","M","E","R","?","T","E","R","E","$","E","R","B"],"character_chosen":"IRONCLAD","items_purchased":["Bronze Scales","Eternal Feather","Shockwave"],"campfire_rested":4,"item_purchase_floors":[13,30,30],"current_hp_per_floor":[72,72,72,72,66,25,46,21,28,30,31,25,25,25,48,46,71,55,55,55,61,50,8,31,31,31,8,31,37,37,36,48,0,0],"gold":28,"neow_bonus":"ONE_RARE_RELIC","is_daily":false,"chose_seed":false,"campfire_upgraded":0,"win_rate":0.0,"timestamp":1609674716,"path_taken":["M","M","M","?","?","E","R","E","T","M","E","M","$","?","R","BOSS","M","?","?","M","M","E","R","?","T","E","R","E","$","E","R","BOSS"],"items_purchased_type":["Relic","Relic","Card"],"build_version":"2020-12-22","purchased_purges":1,"victory":false,"max_hp_per_floor":[72,72,72,72,72,72,72,72,79,79,79,79,79,79,79,79,79,79,79,79,79,79,79,79,79,79,79,79,79,79,79,79,79,79],"card_choices":[{"not_picked":["Rupture","Clash"],"picked":"Disarm","floor":1.0},{"not_picked":["Bloodletting","Warcry"],"picked":"Ghostly Armor","floor":2.0},{"not_picked":["Body Slam","Headbutt"],"picked":"Inflame","floor":3.0},{"not_picked":["Spot Weakness","Pommel Strike"],"picked":"Flame Barrier","floor":5.0},{"not_picked":["Clash","Wild Strike","Twin Strike"],"picked":"SKIP","floor":6.0},{"not_picked":["Wild Strike","Perfected Strike"],"picked":"Fiend Fire","floor":8.0},{"not_picked":["Seeing Red","Thunderclap"],"picked":"Power Through","floor":10.0},{"not_picked":["Dark Embrace","Sentinel"],"picked":"Anger","floor":11.0},{"not_picked":["Havoc","Iron Wave"],"picked":"Cleave","floor":12.0},{"not_picked":["Thunderclap","True Grit"],"picked":"Metallicize","floor":15.0},{"not_picked":["Offering","Fiend Fire"],"picked":"Corruption","floor":16.0},{"not_picked":["Warcry","Bloodletting"],"picked":"Inflame","floor":18.0},{"not_picked":["Havoc","Twin Strike","Anger"],"picked":"SKIP","floor":21.0},{"not_picked":["Disarm","Thunderclap"],"picked":"Infernal Blade+1","floor":22.0},{"not_picked":["Thunderclap","Anger","Wild Strike"],"picked":"SKIP","floor":23.0},{"not_picked":["Cleave","Headbutt"],"picked":"Second Wind+1","floor":24.0},{"not_picked":["Wild Strike+1","Searing Blow"],"picked":"Pommel Strike+1","floor":27.0},{"not_picked":["Bludgeon","Rupture+1","Clash"],"picked":"SKIP","floor":29.0},{"not_picked":["Disarm","True Grit","Dual Wield"],"picked":"SKIP","floor":31}],"player_experience":280762,"relics_obtained":[{"floor":6.0,"key":"WingedGreaves"},{"floor":8.0,"key":"Red Skull"},{"floor":9.0,"key":"Strawberry"},{"floor":11.0,"key":"Dream Catcher"},{"floor":23.0,"key":"Lantern"},{"floor":23.0,"key":"Centennial Puzzle"},{"floor":26.0,"key":"Shovel"},{"floor":27.0,"key":"Anchor"},{"floor":27.0,"key":"Ancient Tea Set"},{"floor":29.0,"key":"Blood Vial"},{"floor":29.0,"key":"Unceasing Top"},{"floor":31,"key":"Boot"},{"floor":31,"key":"Shuriken"},{"floor":32,"key":"InkBottle"}],"event_choices":[{"damage_healed":0.0,"max_hp_gain":0.0,"max_hp_loss":0.0,"gold_gain":0.0,"event_name":"Upgrade Shrine","player_choice":"Upgraded","floor":4.0,"gold_loss":0.0,"damage_taken":0.0,"cards_upgraded":["Inflame"]},{"damage_healed":0.0,"max_hp_gain":0.0,"max_hp_loss":0.0,"gold_gain":99.0,"event_name":"Nest","player_choice":"Stole From Cult","floor":19.0,"gold_loss":0.0,"damage_taken":0.0},{"damage_healed":0.0,"max_hp_gain":0.0,"max_hp_loss":0.0,"gold_gain":0.0,"event_name":"Vampires","player_choice":"Ignored","floor":20.0,"gold_loss":0.0,"damage_taken":0.0},{"cards_removed":["Strike_R"],"damage_healed":0.0,"max_hp_gain":0.0,"max_hp_loss":0.0,"gold_gain":0.0,"event_name":"Beggar","player_choice":"Gave Gold","floor":25.0,"gold_loss":75.0,"damage_taken":0.0}],"is_beta":false,"boss_relics":[{"not_picked":["Busted Crown","Cursed Key"],"picked":"Black Star"}],"items_purged_floors":[13],"is_endless":false,"potions_floor_spawned":[1,5,6,11,16,27,31],"killed_by":"Collector","ascension_level":9}}