{"host":"j0vzbnzm6n2ctevn","time":1609661583,"event":{"mods":["AchievementEnabler","BaseMod","Minty Spire (QoL Compilation)","Quick Restart","Shop Mod","Spicy Shops","StSLib"],"gold_per_floor":[113,131,147,42,61,89,89,103,127,145,145,178,188,188,188,188,188],"floor_reached":16,"playtime":591,"items_purged":[],"score":114,"play_id":"54657498-4396-46b1-815c-53ef42fdbce9","local_time":"20210103161303","is_ascension_mode":false,"campfire_choices":[{"floor":7,"key":"RECALL"},{"data":"Flex","floor":11,"key":"SMITH"},{"floor":15,"key":"REST"}],"circlet_count":0,"master_deck":["Strike_R","Strike_R","Strike_R","Strike_R","Defend_R","Defend_R","Defend_R","Defend_R","Bash","True Grit","Hemokinesis","Pummel","Flex+1","Flex","Seeing Red","Barricade","Sword Boomerang"],"relics":["Burning Blood","Incense Burner","Champion Belt","Anchor","Golden Idol"],"acts_visited":["Exordium"],"potions_floor_usage":[6,16],"damage_taken":[{"damage":0,"enemies":"Cultist","floor":1,"turns":3},{"damage":5,"enemies":"Jaw Worm","floor":2,"turns":4},{"damage":3,"enemies":"2 Louse","floor":3,"turns":3},{"damage":13,"enemies":"Exordium Thugs","floor":5,"turns":5},{"damage":20,"enemies":"3 Sentries","floor":6,"turns":5},{"damage":0,"enemies":"Looter","floor":8,"turns":2},{"damage":7,"enemies":"2 Fungi Beasts","floor":10,"turns":4},{"damage":43,"enemies":"Lagavulin","floor":12,"turns":7},{"damage":11,"enemies":"Exordium Thugs","floor":13,"turns":5},{"damage":28,"enemies":"The Guardian","floor":16,"turns":4}],"seed_played":"672676250539883743","potions_obtained":[{"floor":5,"key":"BlessingOfTheForge"},{"floor":6,"key":"SpeedPotion"},{"floor":12,"key":"CultistPotion"}],"is_trial":false,"path_per_floor":["M","M","M","$","M","E","R","M","T","M","R","E","M","?","R","B"],"character_chosen":"IRONCLAD","items_purchased":["Flex","Incense Burner"],"campfire_rested":1,"item_purchase_floors":[4,4],"current_hp_per_floor":[80,80,80,80,73,59,59,65,65,64,64,27,22,2,26,0,0],"gold":188,"neow_bonus":"TRANSFORM_CARD","is_daily":false,"chose_seed":false,"campfire_upgraded":1,"win_rate":0.0,"timestamp":1609661583,"path_taken":["M","?","M","$","M","E","R","M","T","?","R","E","M","?","R","BOSS"],"items_purchased_type":["Card","Relic"],"build_version":"2020-12-22","purchased_purges":0,"victory":false,"max_hp_per_floor":[80,80,80,80,80,80,80,80,80,80,80,80,80,80,80,80,80],"card_choices":[{"not_picked":["Havoc","Headbutt"],"picked":"Hemokinesis","floor":1},{"not_picked":["Flex","Clothesline"],"picked":"Pummel","floor":2},{"not_picked":["Blood for Blood","Thunderclap"],"picked":"Flex","floor":3},{"not_picked":["Shrug It Off","Heavy Blade"],"picked":"Seeing Red","floor":5},{"not_picked":["Headbutt","Clothesline"],"picked":"Barricade","floor":6},{"not_picked":["Body Slam","Perfected Strike","Evolve"],"picked":"SKIP","floor":8},{"not_picked":["Clash","Clothesline","Corruption"],"picked":"SKIP","floor":10},{"not_picked":["Shockwave","Flex"],"picked":"Sword Boomerang","floor":12},{"not_picked":["Dropkick","Disarm","Whirlwind"],"picked":"SKIP","floor":13}],"player_experience":104066,"relics_obtained":[{"floor":6,"key":"Champion Belt"},{"floor":12,"key":"Anchor"}],"event_choices":[{"damage_healed":0,"gold_gain":0,"player_choice":"Take Damage","damage_taken":20,"relics_obtained":["Golden Idol"],"max_hp_gain":0,"max_hp_loss":0,"event_name":"Golden Idol","floor":14,"gold_loss":0}],"is_beta":false,"boss_relics":[],"items_purged_floors":[],"is_endless":false,"potions_floor_spawned":[5,6,12,13],"killed_by":"The Guardian","ascension_level":0}}