{"host":"bczg3e1yq3rp3pkk","time":1609669693,"event":{"mods":["BaseMod","Hermit","Marisa£®ÏF”Í°°ƒß¿Ì…≥£©","Minty Spire (QoL Compilation)","Quick Restart","Replay The Spire","StSLib","The Cursed","The Runesmith","The Servant 0.9.4","vexMod"],"gold_per_floor":[112,131,146,165,217,252,64,64,88,102,121,121,40,52,52,148,148,162,8,25,43,43,78,78,89,113,146,166,166,186,213,213,309,309,324,25,38,38,54,54,82,96,96,96,111,123,123,143,143,143],"floor_reached":51,"playtime":5849,"items_purged":["TheCursedMod:Strike_TheCursed","TheCursedMod:Strike_TheCursed"],"score":620,"play_id":"f0990fe1-3d71-4580-94e9-fa7c7cda23ca","local_time":"20210103182813","is_ascension_mode":false,"campfire_choices":[{"data":"TheCursedMod:CursedWand","floor":8.0,"key":"SMITH"},{"data":"TheCursedMod:HellsGateOpen","floor":12.0,"key":"SMITH"},{"data":"TheCursedMod:ReleasedStrength","floor":15.0,"key":"SMITH"},{"data":"TheCursedMod:DemonSword","floor":24.0,"key":"SMITH"},{"floor":40,"key":"REST"},{"data":"TheCursedMod:SpitefulPlan","floor":49,"key":"SMITH"}],"circlet_count":0,"master_deck":["TheCursedMod:Strike_TheCursed","TheCursedMod:Strike_TheCursed","TheCursedMod:Defend_TheCursed","TheCursedMod:Defend_TheCursed","TheCursedMod:Defend_TheCursed","TheCursedMod:Defend_TheCursed","TheCursedMod:CursedWand+1","TheCursedMod:CleanUpWorkshop","TheCursedMod:Dregs","TheCursedMod:WearCloak+1","TheCursedMod:CursedBlade+1","TheCursedMod:ReleasedKnowledge","TheCursedMod:CircleOfFlame","TheCursedMod:CursedAmulet","TheCursedMod:CursedShiv","TheCursedMod:SoulReap","TheCursedMod:HellsGateOpen+1","TheCursedMod:LuckyCharm+1","TheCursedMod:ReleasedStrength+1","TheCursedMod:DarkBarrier+1","TheCursedMod:CursedMace+1","TheCursedMod:HellfireBreathing+1","TheCursedMod:Obscuration","TheCursedMod:DemonSword+1","Pot Of Greed","Pot Of Greed","Pot Of Greed","TheCursedMod:Stretching+1","Writhe","TheCursedMod:CursedRelics+1","TheCursedMod:SpitefulPlan+1","Wraith","CommonCold","TheCursedMod:CursedSpellbook+1"],"relics":["TheCursedMod:BlackMagic101","Happy Flower","Lantern","Runesmith:AutoHammer","Philosopher\u0027s Stone","Nilry\u0027s Codex","Grinning Jar","vexMod:FocusSash","Toy Ornithopter","TheCursedMod:BloodyHarpoon","ReplayFunnel","Replay:Grab Bag","Cursed Key","Sozu","TheCursedMod:FourLeafCloverCharm","vexMod:ImprovementManual","Replay:Towering Pillar of Hats","Dream Catcher","vexMod:BarristanHead"],"acts_visited":["Exordium","TheCity","TheBeyond"],"potions_floor_usage":[35,50],"damage_taken":[{"damage":5.0,"enemies":"Jaw Worm","floor":1.0,"turns":5.0},{"damage":0.0,"enemies":"2 Louse","floor":2.0,"turns":2.0},{"damage":0.0,"enemies":"Cultist","floor":3.0,"turns":4.0},{"damage":1.0,"enemies":"2 Fungi Beasts","floor":4.0,"turns":3.0},{"damage":14.0,"enemies":"Gremlin Nob","floor":6.0,"turns":5.0},{"damage":3.0,"enemies":"Exordium Thugs","floor":10.0,"turns":3.0},{"damage":0.0,"enemies":"3 Louse","floor":11.0,"turns":2.0},{"damage":0.0,"enemies":"Looter","floor":14.0,"turns":3.0},{"damage":0.0,"enemies":"Fading Forest","floor":16.0,"turns":11.0},{"damage":0.0,"enemies":"Spheric Guardian","floor":18.0,"turns":4.0},{"damage":11.0,"enemies":"Chosen","floor":20.0,"turns":5.0},{"damage":7.0,"enemies":"Centurion and Healer","floor":21.0,"turns":6.0},{"damage":21.0,"enemies":"Gremlin Leader","floor":23.0,"turns":5.0},{"damage":12.0,"enemies":"3 Cultists","floor":25.0,"turns":5.0},{"damage":32.0,"enemies":"Replay:Snechameleon","floor":27.0,"turns":6.0},{"damage":33.0,"enemies":"Snake Plant","floor":28.0,"turns":5.0},{"damage":0.0,"enemies":"Cultist and Chosen","floor":30.0,"turns":6.0},{"damage":3.0,"enemies":"Book of Stabbing","floor":31.0,"turns":6.0},{"damage":6.0,"enemies":"Collector","floor":33.0,"turns":8.0},{"damage":0,"enemies":"3 Darklings","floor":35,"turns":3},{"damage":26,"enemies":"3 Shapes","floor":37,"turns":3},{"damage":28,"enemies":"Writhing Mass","floor":39,"turns":5},{"damage":2,"enemies":"R_Hoarder","floor":41,"turns":8},{"damage":0,"enemies":"4 Shapes","floor":42,"turns":3},{"damage":10,"enemies":"Jaw Worm Horde","floor":45,"turns":3},{"damage":0,"enemies":"Sphere and 2 Shapes","floor":46,"turns":4},{"damage":5,"enemies":"Maw","floor":48,"turns":5},{"damage":26,"enemies":"Replay:Hell Engine","floor":50,"turns":6}],"seed_played":"-5009158724881088859","potions_obtained":[{"floor":3.0,"key":"Flashbang"},{"floor":4.0,"key":"EssenceOfSteel"},{"floor":5.0,"key":"PowerPotion"},{"floor":5.0,"key":"SneckoOil"},{"floor":6.0,"key":"Reflective Coating"},{"floor":10.0,"key":"ColorlessPotion"},{"floor":14.0,"key":"Venom Potion"},{"floor":20.0,"key":"LiquidMemories"},{"floor":21.0,"key":"Reflective Coating"},{"floor":25.0,"key":"Regen Potion"},{"floor":28.0,"key":"SkillPotion"},{"floor":33.0,"key":"Ancient Potion"}],"is_trial":false,"path_per_floor":["M","M","M","M","?","E","$","R","T","M","M","R","$","M","R","B",null,"M","$","M","M","?","E","R","M","T","E","M","?","M","E","R","B",null,"M","$","M","?","M","R","E","M","T","$","M","M","?","M","R","B",null],"character_chosen":"THE_CURSED","items_purchased":["TheCursedMod:SoulReap","TheCursedMod:HellsGateOpen","TheCursedMod:LuckyCharm","TheCursedMod:HellfireBreathing+1","Replay:Towering Pillar of Hats"],"campfire_rested":1,"item_purchase_floors":[7,7,13,19,36],"current_hp_per_floor":[70,70,70,69,69,55,55,55,55,57,57,57,57,57,57,67,75,75,75,66,70,54,42,42,43,43,26,1,1,14,16,38,37,75,75,75,49,49,21,43,52,64,64,64,54,54,54,57,57,49],"gold":143,"neow_bonus":"RANDOM_COMMON_RELIC","is_daily":false,"chose_seed":false,"campfire_upgraded":5,"win_rate":0.0,"timestamp":1609669693,"path_taken":["M","M","M","M","?","E","$","R","T","M","M","R","$","M","R","BOSS","M","$","M","M","?","E","R","M","T","E","M","?","M","E","R","BOSS","M","$","M","?","M","R","E","M","T","?","?","M","?","M","R","BOSS"],"items_purchased_type":["Card","Card","Card","Card","Relic"],"build_version":"2020-12-22","purchased_purges":2,"victory":true,"max_hp_per_floor":[75,75,75,75,75,75,75,75,75,75,75,75,75,75,75,75,75,75,75,75,75,75,75,75,75,75,75,75,75,75,75,75,75,75,75,75,75,75,75,75,75,75,75,75,75,75,75,75,75,75],"card_choices":[{"not_picked":["TheCursedMod:Stretching","TheCursedMod:Obscuration"],"picked":"TheCursedMod:WearCloak","floor":1.0},{"not_picked":["TheCursedMod:CursedStaff","TheCursedMod:Evocation"],"picked":"TheCursedMod:CursedBlade","floor":2.0},{"not_picked":["TheCursedMod:Stretching","TheCursedMod:PrepareRite"],"picked":"TheCursedMod:ReleasedKnowledge","floor":3.0},{"not_picked":["TheCursedMod:OutForBlood","TheCursedMod:RavingStaff"],"picked":"TheCursedMod:CircleOfFlame","floor":4.0},{"not_picked":["TheCursedMod:Stigma","TheCursedMod:TacticalStrike"],"picked":"TheCursedMod:CursedAmulet","floor":5.0},{"not_picked":["TheCursedMod:Stretching","TheCursedMod:CursedAmulet"],"picked":"TheCursedMod:CursedShiv","floor":6.0},{"not_picked":["TheCursedMod:CursedMace","TheCursedMod:HellsGateOpen","TheCursedMod:CircleOfFocus"],"picked":"SKIP","floor":10.0},{"not_picked":["TheCursedMod:TacticalStrike","TheCursedMod:CursedBlade","TheCursedMod:Mangle"],"picked":"SKIP","floor":11.0},{"not_picked":["TheCursedMod:ReleasedKnowledge","TheCursedMod:OutForBlood"],"picked":"TheCursedMod:ReleasedStrength","floor":14.0},{"not_picked":["TheCursedMod:OutForBlood","TheCursedMod:StunningStrike"],"picked":"TheCursedMod:DarkBarrier","floor":16.0},{"not_picked":["TheCursedMod:RavingStaff","TheCursedMod:VitalStrike"],"picked":"TheCursedMod:CursedMace+1","floor":18.0},{"not_picked":["TheCursedMod:SmokeScreen","TheCursedMod:Stretching"],"picked":"TheCursedMod:Obscuration","floor":20.0},{"not_picked":["TheCursedMod:SpitefulPray","TheCursedMod:SoulReap"],"picked":"TheCursedMod:DemonSword","floor":21.0},{"not_picked":["TheCursedMod:Obscuration+1","TheCursedMod:DoubleShield","TheCursedMod:CursedBlade"],"picked":"SKIP","floor":23.0},{"not_picked":["TheCursedMod:VitalStrike+1","TheCursedMod:CursedAmulet"],"picked":"TheCursedMod:Stretching+1","floor":25.0},{"not_picked":["TheCursedMod:Mangle+1","TheCursedMod:SmokeScreen"],"picked":"TheCursedMod:ManaCirculation","floor":27.0},{"not_picked":["TheCursedMod:Obscuration","TheCursedMod:ReleasedStrength","TheCursedMod:SoulCrush"],"picked":"SKIP","floor":28.0},{"not_picked":["TheCursedMod:TacticalStrike+1","TheCursedMod:SmokeScreen","TheCursedMod:CircleOfFlame"],"picked":"SKIP","floor":30.0},{"not_picked":["TheCursedMod:EmpowerCircles+1","TheCursedMod:CursedBlade","TheCursedMod:DoubleShield"],"picked":"SKIP","floor":31.0},{"not_picked":["TheCursedMod:DemonicPact","TheCursedMod:ForbiddenAlchemy"],"picked":"TheCursedMod:CursedRelics","floor":33.0},{"not_picked":["TheCursedMod:CircleOfBlood","TheCursedMod:FleshFromBone+1"],"picked":"TheCursedMod:SpitefulPlan","floor":35},{"not_picked":["TheCursedMod:Wield+1","TheCursedMod:SmokeScreen","TheCursedMod:ReleasedKnowledge+1"],"picked":"SKIP","floor":37},{"not_picked":["TheCursedMod:Stigma+1","TheCursedMod:CursedBlade+1","TheCursedMod:TroublousMinions+1"],"picked":"SKIP","floor":39},{"not_picked":["TheCursedMod:SoulReap+1","TheCursedMod:WearCloak","TheCursedMod:ManaCirculation"],"picked":"SKIP","floor":41},{"not_picked":["TheCursedMod:ManaBullet+1","TheCursedMod:TacticalStrike","TheCursedMod:Wield"],"picked":"SKIP","floor":42},{"not_picked":["TheCursedMod:CursedBlade","TheCursedMod:RapidMovement"],"picked":"TheCursedMod:CursedSpellbook+1","floor":45},{"not_picked":["TheCursedMod:FleshFromBone","TheCursedMod:VitalStrike","TheCursedMod:TacticalStrike"],"picked":"SKIP","floor":46},{"not_picked":["TheCursedMod:SpreadPlague","TheCursedMod:TroublousMinions","TheCursedMod:CircleOfFlame+1"],"picked":"SKIP","floor":48}],"player_experience":335131,"relics_obtained":[{"floor":6.0,"key":"Lantern"},{"floor":9.0,"key":"Runesmith:AutoHammer"},{"floor":22.0,"key":"Nilry\u0027s Codex"},{"floor":23.0,"key":"Grinning Jar"},{"floor":26.0,"key":"vexMod:FocusSash"},{"floor":27.0,"key":"Toy Ornithopter"},{"floor":31.0,"key":"ReplayFunnel"},{"floor":41,"key":"Dream Catcher"},{"floor":43,"key":"vexMod:BarristanHead"}],"event_choices":[{"damage_healed":0.0,"max_hp_gain":0.0,"max_hp_loss":0.0,"gold_gain":0.0,"event_name":"Cursed Tome","player_choice":"Obtained Book","floor":22.0,"gold_loss":0.0,"damage_taken":16.0},{"damage_healed":0.0,"max_hp_gain":0.0,"max_hp_loss":0.0,"gold_gain":0.0,"event_name":"The Mausoleum","player_choice":"Opened","floor":29.0,"gold_loss":0.0,"damage_taken":0.0,"relics_obtained":["TheCursedMod:BloodyHarpoon"],"cards_obtained":["Writhe"]},{"damage_healed":0,"gold_gain":0,"player_choice":"Ignored","damage_taken":0,"max_hp_gain":0,"max_hp_loss":0,"event_name":"OrinTheCat","floor":38,"gold_loss":0},{"cards_removed":["TheCursedMod:ManaCirculation"],"damage_healed":0,"gold_gain":0,"player_choice":"Removed Power","damage_taken":0,"max_hp_gain":0,"max_hp_loss":0,"event_name":"Falling","floor":47,"gold_loss":0}],"is_beta":false,"boss_relics":[{"not_picked":["Busted Crown","vexMod:MysteryBossChallenge"],"picked":"Philosopher\u0027s Stone"},{"not_picked":["Tiny House","Runesmith:UraniumAnvil"],"picked":"Replay:Grab Bag"},{"not_picked":["ChewingGum","Runic Dome"],"picked":"Cursed Key"},{"not_picked":["Fusion Hammer","vexMod:TanglingVine"],"picked":"Sozu"},{"not_picked":["Empty Cage","Kintsugi"],"picked":"TheCursedMod:FourLeafCloverCharm"},{"not_picked":["Black Star","vexMod:BigBerry"],"picked":"vexMod:ImprovementManual"}],"items_purged_floors":[7,19],"is_endless":false,"potions_floor_spawned":[3,4,6,10,14,20,21,25,28,33,35,41,46],"ascension_level":0}}