{"host":"n2cffu8lp3cvc20r","time":1609647925,"event":{"mods":["Aspiration","BaseMod","Colored Map","Colored Powertips","DeckTracker","Highlight Path","Hubris","Infinite Spire","Minty Spire (QoL Compilation)","Quick Restart","Random Character Button","Relic Sorter","Replay The Spire","StSLib","SuperFastMode","Synergy Search","The Cursed","The Disciple","The Jungle","The Runesmith"],"gold_per_floor":[109,122,122,47,60,92,102,2,27,27,27,27,27,60,60,155,155,175,175,47,67,67,80,113,113,139,139,154,168,168,202,202,299,299,311,361,361,375,393,427,427,427,473,473,500,520,520,533,533,533,533],"floor_reached":50,"playtime":3732,"items_purged":["Strike_B","Defend_B"],"score":748,"play_id":"d367bfcb-3ff2-4dc3-8358-39255afe30cf","local_time":"20210103042525","is_ascension_mode":false,"campfire_choices":[{"floor":10,"key":"REST"},{"data":"FIFO Queue","floor":12,"key":"SMITH"},{"data":"Zap","floor":15,"key":"SMITH"},{"floor":30,"key":"REST"},{"floor":32,"key":"REST"},{"floor":42,"key":"REST"},{"floor":49,"key":"REST"}],"circlet_count":0,"master_deck":["Strike_B","Strike_B","Strike_B","Defend_B","Defend_B","Defend_B","Zap+1","Dualcast","ReplayGash+1","Chill","Blind","Blizzard+1","FIFO Queue+1","Ball Lightning","Auto Shields","Consume+1","SwitchThreat","Ball Lightning","Chaos","Chill","Fusion","Decay","Turbo","All For One","ReplayTheSpireMod:Chaos Vortex","hubris:Ukulele","Gash","FIFO Queue","Ball Lightning+1","Coolheaded","Creative AI+1","Gash+1","Coolheaded+1","Ball Lightning+1","Thunder Strike","Darkness+1","infinitespire:Oblivion","Languid","Double Energy","Gash+1","Storm"],"relics":["FrozenCore","hubris:SphereOfDissonance","Ancient Tea Set","Pen Nib","hubris:PeanutButter","hubris:Backtick","Runic Capacitor","Prayer Wheel","Sundial","infinitespire:Freezer","infinitespire:Joker Card","Whetstone","Oddly Smooth Stone","TungstenRod","aspiration:HiddenCompartment","Replay:Ringing Soul","infinitespire:Beetle Shell","Ring of Panic","infinitespire:WardingShard"],"acts_visited":["Exordium","TheCity","TheBeyond"],"potions_floor_usage":[6,16,16,21,31,33,36,46,50],"damage_taken":[{"damage":1,"enemies":"Cultist","floor":1,"turns":3},{"damage":2,"enemies":"2 Louse","floor":2,"turns":3},{"damage":4,"enemies":"Jaw Worm","floor":5,"turns":3},{"damage":24,"enemies":"3 Sentries","floor":6,"turns":14},{"damage":13,"enemies":"Large Slime","floor":7,"turns":7},{"damage":15,"enemies":"Lagavulin","floor":14,"turns":6},{"damage":0,"enemies":"Slime Boss","floor":16,"turns":7},{"damage":11,"enemies":"Shell Parasite","floor":18,"turns":7},{"damage":18,"enemies":"2 Thieves","floor":21,"turns":4},{"damage":13,"enemies":"Centurion and Healer","floor":23,"turns":7},{"damage":9,"enemies":"Nightmare","floor":24,"turns":7},{"damage":0,"enemies":"Snecko","floor":28,"turns":4},{"damage":0,"enemies":"Cultist and Chosen","floor":29,"turns":5},{"damage":22,"enemies":"Slavers","floor":31,"turns":5},{"damage":0,"enemies":"Collector","floor":33,"turns":8},{"damage":18,"enemies":"3 Shapes","floor":35,"turns":4},{"damage":7,"enemies":"Mind Bloom Boss Battle","floor":36,"turns":9},{"damage":0,"enemies":"3 Darklings","floor":38,"turns":5},{"damage":12,"enemies":"Jaw Worm Horde","floor":39,"turns":7},{"damage":13,"enemies":"Nightmare","floor":40,"turns":11},{"damage":0,"enemies":"Nemesis","floor":45,"turns":7},{"damage":21,"enemies":"Writhing Mass","floor":46,"turns":4},{"damage":8,"enemies":"Maw","floor":48,"turns":6},{"damage":76,"enemies":"LordOfAnnihilation","floor":50,"turns":7}],"seed_played":"-9119786659717058113","potions_obtained":[{"floor":2,"key":"Adrenaline Potion"},{"floor":7,"key":"SteroidPotion"},{"floor":14,"key":"CultistPotion"},{"floor":18,"key":"SkillPotion"},{"floor":28,"key":"Weak Potion"},{"floor":31,"key":"Block Potion"},{"floor":33,"key":"SkillPotion"},{"floor":35,"key":"SkillPotion"},{"floor":45,"key":"ColorlessPotion"},{"floor":48,"key":"Strength Potion"}],"is_trial":false,"path_per_floor":["M","M","?","$","M","E","M","$","T","R","T","R","?","E","R","B",null,"M","?","$","M","?","M","NM","T","T","?","M","M","R","E","R","B",null,"M","?","?","M","M","NM","AVR","R","T","?","E","M","?","M","R","B"],"character_chosen":"DEFECT","items_purchased":["Ball Lightning","Chaos"],"campfire_rested":5,"item_purchase_floors":[20,20],"current_hp_per_floor":[81,79,79,79,75,51,38,38,38,62,62,62,62,47,47,47,82,71,71,71,53,53,40,31,31,31,31,31,31,55,33,57,57,82,64,57,57,57,45,32,35,60,60,63,66,48,48,43,72,0,0],"gold":533,"neow_bonus":"TEN_PERCENT_HP_BONUS","is_daily":false,"chose_seed":false,"campfire_upgraded":2,"win_rate":0.0,"timestamp":1609647925,"path_taken":["M","M","?","$","?","E","M","$","T","R","?","R","?","E","R","BOSS","M","?","$","M","?","?","NM","?","T","?","M","M","R","E","R","BOSS","M","?","?","?","M","NM","AVR","R","T","?","E","M","?","M","R","BOSS"],"items_purchased_type":["Card","Card"],"build_version":"2020-12-22","purchased_purges":2,"victory":false,"max_hp_per_floor":[82,82,82,82,82,82,82,82,82,82,82,82,82,82,82,82,82,82,82,82,82,82,82,82,82,82,82,82,82,82,82,82,82,82,82,82,82,82,82,82,85,85,85,88,91,94,94,97,97,97,97],"card_choices":[{"not_picked":["Static Discharge","Coolheaded"],"picked":"ReplayGash","floor":1},{"not_picked":["Streamline","Turbo"],"picked":"Chill","floor":2},{"not_picked":["Stack","Streamline"],"picked":"Blizzard","floor":5},{"not_picked":["Buffer","ReplayTheSpireMod:System Scan"],"picked":"FIFO Queue","floor":6},{"not_picked":["Streamline","Barrage"],"picked":"Ball Lightning","floor":7},{"not_picked":["Darkness","BasicCrystalCard"],"picked":"Auto Shields","floor":14},{"not_picked":["Mirror Shield","Echo Form"],"picked":"ReplayTheSpireMod:Fabricate Wheel","floor":16},{"not_picked":["Beam Cell","Barrage"],"picked":"Consume+1","floor":18},{"not_picked":["Steam","Conserve Battery","Rip and Tear+1"],"picked":"SKIP","floor":18},{"not_picked":["FTL","Ball Lightning"],"picked":"Chill","floor":21},{"not_picked":["Beam Cell","Reinforced Body"],"picked":"Fusion","floor":21},{"not_picked":["Gash","Sweeping Beam+1"],"picked":"Turbo","floor":23},{"not_picked":["Coolheaded+1","Beam Cell"],"picked":"All For One","floor":23},{"not_picked":["infinitespire:FinalStrike","infinitespire:Execution"],"picked":"ReplayTheSpireMod:Chaos Vortex","floor":24},{"not_picked":["Reprogram","hubris:Prefetch","Recycle"],"picked":"SKIP","floor":24},{"not_picked":["Stack","Recycle"],"picked":"hubris:Ukulele","floor":28},{"not_picked":["Beam Cell","Fusion"],"picked":"Gash","floor":28},{"not_picked":["Panic Button","Turbo"],"picked":"FIFO Queue","floor":29},{"not_picked":["BasicCrystalCard","Cold Snap"],"picked":"Ball Lightning+1","floor":29},{"not_picked":["Leap","Steam"],"picked":"Coolheaded","floor":31},{"not_picked":["Mirror Shield","hubris:DoWhile"],"picked":"Creative AI","floor":33},{"not_picked":["Rebound","BasicCrystalCard+1"],"picked":"Gash+1","floor":35},{"not_picked":["Turbo+1","Coolheaded+1","Hologram"],"picked":"SKIP","floor":35},{"not_picked":["Turbo+1","Hologram"],"picked":"Coolheaded+1","floor":35},{"not_picked":["Compile Driver+1","FTL"],"picked":"Ball Lightning+1","floor":36},{"not_picked":["Barrage","ReplayTheSpireMod:Repulse+1"],"picked":"Thunder Strike","floor":38},{"not_picked":["Barrage","ReplayTheSpireMod:Reroute Power"],"picked":"Darkness+1","floor":38},{"not_picked":["Static Discharge+1","Doom and Gloom+1","Scrape"],"picked":"SKIP","floor":39},{"not_picked":["Redo","Reinforced Body","Sunder"],"picked":"SKIP","floor":39},{"not_picked":["FTL+1","Rebound","ReplayTheSpireMod:Reroute Power+1"],"picked":"SKIP","floor":40},{"not_picked":["Beam Cell","Heatsinks+1"],"picked":"Double Energy","floor":45},{"not_picked":["Hologram","Amplify"],"picked":"Gash+1","floor":46},{"not_picked":["Sweeping Beam","Compile Driver","Barrage"],"picked":"SKIP","floor":46},{"not_picked":["hubris:Ukulele","hubris:PowerSurge+1"],"picked":"Storm","floor":48},{"not_picked":["ReplayGash+1","BasicCrystalCard","Blizzard+1"],"picked":"SKIP","floor":48}],"player_experience":303926,"relics_obtained":[{"floor":6,"key":"hubris:SphereOfDissonance"},{"floor":9,"key":"Ancient Tea Set"},{"floor":11,"key":"Pen Nib"},{"floor":14,"key":"hubris:PeanutButter"},{"floor":24,"key":"infinitespire:Freezer"},{"floor":25,"key":"infinitespire:Joker Card"},{"floor":26,"key":"Whetstone"},{"floor":31,"key":"Oddly Smooth Stone"},{"floor":36,"key":"TungstenRod"},{"floor":40,"key":"aspiration:HiddenCompartment"},{"floor":43,"key":"infinitespire:Beetle Shell"},{"floor":44,"key":"Ring of Panic"},{"floor":45,"key":"infinitespire:WardingShard"}],"event_choices":[{"damage_healed":0,"gold_gain":0,"player_choice":"1 cards matched","damage_taken":0,"max_hp_gain":0,"max_hp_loss":0,"event_name":"Match and Keep!","floor":3,"gold_loss":0,"cards_obtained":["Blind"]},{"damage_healed":0,"gold_gain":0,"player_choice":"Ignored","damage_taken":0,"max_hp_gain":0,"max_hp_loss":0,"event_name":"Liars Game","floor":13,"gold_loss":0},{"damage_healed":0,"gold_gain":0,"player_choice":"Cursed","damage_taken":0,"max_hp_gain":0,"max_hp_loss":0,"event_name":"Wheel of Change","floor":22,"gold_loss":0,"cards_obtained":["Decay"]},{"damage_healed":0,"gold_gain":0,"player_choice":"Fight","damage_taken":0,"max_hp_gain":0,"max_hp_loss":0,"event_name":"MindBloom","floor":36,"gold_loss":0},{"damage_healed":0,"gold_gain":0,"player_choice":"Upgraded","damage_taken":0,"max_hp_gain":0,"max_hp_loss":0,"event_name":"Upgrade Shrine","floor":37,"gold_loss":0,"cards_upgraded":["Creative AI"]},{"damage_healed":0,"gold_gain":0,"player_choice":"Ignored","damage_taken":0,"max_hp_gain":0,"max_hp_loss":0,"event_name":"Mysterious Sphere","floor":47,"gold_loss":0}],"is_beta":false,"boss_relics":[{"not_picked":["aspiration:RitualDagger","Runic Pyramid"],"picked":"hubris:Backtick"},{"not_picked":["aspiration:BursterCore","hubris:CrackedHourglass"],"picked":"FrozenCore"}],"items_purged_floors":[4,8],"is_endless":true,"potions_floor_spawned":[2,7,14,18,28,31,33,35,45,48],"killed_by":"LordOfAnnihilation","ascension_level":0}}