{"host":"5fasz840ryq7obdf","time":1609713012,"event":{"mods":["2.2 Compatiblity","AchievementEnabler","BaseMod","Bestiary","Better Altar","Better Skull","Better Third Choice","BetterRewards","Block Reminder","Colored Powertips","Curses Come First","Downfall","Minty Spire (QoL Compilation)","Quick Restart","Relic Sorter","Relic Stats","Shop Mod","Spicy Shops","StSLib","SuperFastMode","ojb\u0027s Better Paths Mod","ojb\u0027s Info Mod"],"gold_per_floor":[99,99,99,99,99,128,155,155,181,106,125,141,37,63,75,175,175,175,194,52,152,166,166,166,166,184,196,14,14,14,42,56,153,153,78,97,147,12,31,31,31,31,31,61,141,24,73,16,28,28],"floor_reached":51,"playtime":6290,"items_purged":[],"score":807,"play_id":"d1b7c057-949c-44c6-8cda-ac2f93b543c8","local_time":"20210103223012","is_ascension_mode":false,"campfire_choices":[{"data":"champ:Taunt","floor":1,"key":"SMITH"},{"data":"champ:StanceDance","floor":8,"key":"SMITH"},{"data":"champ:Backstep","floor":10,"key":"SMITH"},{"floor":18,"key":"RECALL"},{"data":"champ:DancingMaster","floor":35,"key":"SMITH"},{"data":"champ:IgnorePain","floor":40,"key":"SMITH"},{"data":"champ:FocusedBerserking","floor":42,"key":"SMITH"}],"circlet_count":0,"master_deck":["champ:Execute","champ:Taunt+1","champ:StanceDance+1","champ:RisingSlash","champ:GutPunch","champ:ShieldThrow","champ:Backstep+1","champ:StanceDance","champ:Backstep","champ:Encircle","champ:Duel","champ:SteelEdge","champ:DeathBlow","champ:Devastate","champ:VampiricStrike","champ:StanceDance","champ:Backstep","champ:StrikeOfGenius","champ:BerserkerStyle","champ:CheapShot","champ:MurderStrike","champ:DefensiveShout","champ:BerserkerStyle","champ:GutPunch","champ:Lariat+1","champ:Lariat","champ:DefensiveShout","champ:IronFortress","champ:EndlessRage","champ:TornadoPunch+1","champ:BerserkersShout","champ:DancingMaster+1","champ:DeathBlow+1","champ:CrookedStrike+1","champ:GutPunch+1","champ:EndlessRage","champ:IgnorePain+1","champ:FocusedBerserking+1","Pain","champ:EndlessRage+1","Pain","champ:FocusedDefense+1","champ:FightOn"],"relics":["champ:ChampionCrown","downfall:HeartsMalice","Anchor","Vajra","Boot","downfall:HeartBlessingGreen","Letter Opener","Pandora\u0027s Box","champ:BlackKnightHelmet","The Courier","Molten Egg 2","Pen Nib","Bloody Idol","OrangePellets","Art of War","Cursed Key","downfall:HeartBlessingRed","Calipers","Torii","Smiling Mask","Gremlin Horn","Lantern","Du-Vu Doll","Bronze Scales"],"acts_visited":["Exordium","TheCity","TheBeyond"],"potions_floor_usage":[14],"damage_taken":[{"damage":0,"enemies":"2 Louse","floor":2,"turns":1},{"damage":0,"enemies":"Jaw Worm","floor":4,"turns":1},{"damage":0,"enemies":"Small Slimes","floor":5,"turns":1},{"damage":34,"enemies":"Gremlin Nob","floor":6,"turns":4},{"damage":22,"enemies":"Lagavulin","floor":9,"turns":4},{"damage":6,"enemies":"2 Fungi Beasts","floor":11,"turns":2},{"damage":8,"enemies":"3 Louse","floor":12,"turns":2},{"damage":19,"enemies":"downfall:FleeingMerchant","floor":13,"turns":4},{"damage":18,"enemies":"3 Sentries","floor":14,"turns":5},{"damage":10,"enemies":"Exordium Wildlife","floor":15,"turns":2},{"damage":40,"enemies":"downfall:Watcher","floor":16,"turns":6},{"damage":44,"enemies":"3 Byrds","floor":19,"turns":5},{"damage":43,"enemies":"downfall:FleeingMerchant","floor":20,"turns":5},{"damage":74,"enemies":"downfall:FleeingMerchant","floor":21,"turns":7},{"damage":33,"enemies":"Snake Plant","floor":22,"turns":4},{"damage":30,"enemies":"3 Cultists","floor":26,"turns":5},{"damage":38,"enemies":"Centurion and Healer","floor":27,"turns":4},{"damage":12,"enemies":"downfall:FleeingMerchant","floor":28,"turns":5},{"damage":32,"enemies":"Book of Stabbing","floor":31,"turns":3},{"damage":19,"enemies":"Snecko","floor":32,"turns":5},{"damage":46,"enemies":"downfall:Silent","floor":33,"turns":6},{"damage":38,"enemies":"3 Darklings","floor":36,"turns":4},{"damage":83,"enemies":"Mind Bloom Boss Battle","floor":37,"turns":7},{"damage":24,"enemies":"downfall:FleeingMerchant","floor":38,"turns":2},{"damage":4,"enemies":"Orb Walker","floor":39,"turns":2},{"damage":47,"enemies":"Giant Head","floor":44,"turns":5},{"damage":74,"enemies":"2 Orb Walkers","floor":47,"turns":5},{"damage":46,"enemies":"Writhing Mass","floor":49,"turns":5},{"damage":59,"enemies":"downfall:Defect","floor":50,"turns":6}],"seed_played":"801780761633347570","potions_obtained":[{"floor":6,"key":"LiquidBronze"},{"floor":9,"key":"PowerPotion"},{"floor":12,"key":"champ:CounterPotion"},{"floor":14,"key":"DistilledChaos"},{"floor":15,"key":"EntropicBrew"},{"floor":21,"key":"Fire Potion"},{"floor":22,"key":"FairyPotion"},{"floor":31,"key":"Dexterity Potion"},{"floor":36,"key":"FearPotion"}],"is_trial":false,"path_per_floor":["R","M","?","M","M","E","T","R","E","R","M","M","$","E","M","B",null,"R","M","$","?","M","?","T","?","M","M","$","?","?","E","M","B",null,"R","M","?","$","M","R","T","R","?","E","?","$","?","$","M","B",null],"character_chosen":"THE_CHAMP","items_purchased":["champ:Duel","champ:BerserkerStyle","champ:GutPunch","champ:TornadoPunch+1","OrangePellets","Torii","champ:EndlessRage","champ:IgnorePain","champ:FocusedBerserking","Lantern","Bronze Scales"],"campfire_rested":0,"item_purchase_floors":[13,20,20,28,28,38,38,38,38,46,48],"current_hp_per_floor":[90,90,90,90,90,78,78,78,72,72,72,72,72,72,72,68,90,90,75,74,86,83,83,83,35,56,71,71,71,71,76,83,78,95,95,91,94,95,95,95,95,95,95,95,95,95,58,58,57,46],"gold":28,"neow_bonus":"THREE_ENEMY_KILL","is_daily":false,"chose_seed":false,"campfire_upgraded":6,"win_rate":0.0,"timestamp":1609713012,"path_taken":["R","M","?","M","M","E","T","R","E","R","M","M","$","E","M","BOSS","R","M","$","?","M","?","T","?","M","M","$","?","?","E","M","BOSS","R","M","?","$","M","R","T","R","?","E","?","?","?","$","M","BOSS"],"items_purchased_type":["Card","Card","Card","Card","Relic","Relic","Card","Card","Card","Relic","Relic"],"build_version":"2020-12-22","purchased_purges":0,"victory":true,"max_hp_per_floor":[90,90,90,90,90,90,90,90,90,90,90,90,90,90,90,90,90,90,90,90,95,95,95,95,95,95,95,95,95,95,95,95,95,95,95,95,95,95,95,95,95,95,95,95,95,95,95,95,95,95],"relic_stats":{"Torii":2,"Gremlin Horn":[1,1],"counters":[29,114],"Pen Nib":[12],"Letter Opener":[94],"Boot":[31],"Cursed Key":2,"Smiling Mask":0,"OrangePellets":[16],"Bloody Idol":50,"Bronze Scales":[36],"Pandora\u0027s Box":["champ:VampiricStrike","champ:StanceDance","champ:Backstep","champ:StrikeOfGenius","champ:BerserkerStyle","champ:CheapShot","champ:MurderStrike"],"Art of War":[4],"obtain_stats":[{"champ:BlackKnightHelmet":21,"Lantern":46,"Calipers":37,"downfall:HeartBlessingRed":35,"Torii":38,"Gremlin Horn":45,"Vajra":7,"champ:ChampionCrown":0,"downfall:HeartsMalice":0,"downfall:HeartBlessingGreen":10,"The Courier":21,"Pen Nib":24,"Letter Opener":14,"Boot":9,"Cursed Key":34,"Smiling Mask":44,"Du-Vu Doll":47,"OrangePellets":28,"Anchor":6,"Bloody Idol":25,"Bronze Scales":48,"Pandora\u0027s Box":17,"Molten Egg 2":23,"Art of War":31},{"champ:BlackKnightHelmet":14,"Lantern":26,"Calipers":23,"downfall:HeartBlessingRed":21,"Torii":24,"Gremlin Horn":26,"Vajra":4,"champ:ChampionCrown":0,"downfall:HeartsMalice":0,"downfall:HeartBlessingGreen":5,"The Courier":14,"Pen Nib":15,"Letter Opener":9,"Boot":5,"Cursed Key":21,"Smiling Mask":26,"Du-Vu Doll":27,"OrangePellets":18,"Anchor":4,"Bloody Idol":15,"Bronze Scales":27,"Pandora\u0027s Box":11,"Molten Egg 2":15,"Art of War":19},{"champ:BlackKnightHelmet":46,"Lantern":98,"Calipers":89,"downfall:HeartBlessingRed":78,"Torii":91,"Gremlin Horn":98,"Vajra":4,"champ:ChampionCrown":0,"downfall:HeartsMalice":0,"downfall:HeartBlessingGreen":8,"The Courier":46,"Pen Nib":50,"Letter Opener":21,"Boot":8,"Cursed Key":78,"Smiling Mask":98,"Du-Vu Doll":103,"OrangePellets":64,"Anchor":4,"Bloody Idol":50,"Bronze Scales":103,"Pandora\u0027s Box":29,"Molten Egg 2":50,"Art of War":67}]},"card_choices":[{"not_picked":["champ:BladeFlurry","champ:PerfectedStrike"],"picked":"champ:StanceDance","floor":2},{"not_picked":["champ:RapidStrikes","champ:FocusedDefense"],"picked":"champ:RisingSlash","floor":4},{"not_picked":["champ:BringItOn","champ:DefensiveShout"],"picked":"champ:GutPunch","floor":5},{"not_picked":["champ:GutPunch","champ:FocusedDefense"],"picked":"champ:ShieldThrow","floor":6},{"not_picked":["champ:GladiatorStyle","champ:RapidStrikes"],"picked":"champ:Backstep","floor":9},{"not_picked":["champ:Shatter","champ:Backstep"],"picked":"champ:StanceDance","floor":11},{"not_picked":["champ:FanOfKnives","champ:StanceDance"],"picked":"champ:Backstep","floor":12},{"not_picked":["champ:GladiatorStyle","champ:FlashCut"],"picked":"champ:Encircle","floor":13},{"not_picked":["champ:CrookedStrike","champ:BladeFlurry"],"picked":"champ:SteelEdge","floor":14},{"not_picked":["champ:BladeFlurry","champ:FanOfKnives"],"picked":"champ:DeathBlow","floor":15},{"not_picked":["champ:ShieldSlam","champ:SwordThrow"],"picked":"champ:Devastate","floor":16},{"not_picked":["champ:DefensiveShout","champ:CrookedStrike"],"picked":"champ:FightOn","floor":19},{"not_picked":["champ:Haymaker","champ:FanOfKnives+1"],"picked":"champ:DefensiveShout","floor":20},{"not_picked":["champ:Circumvent","champ:StanceDance+1"],"picked":"champ:Lariat+1","floor":21},{"not_picked":["champ:ShieldSlam","champ:DefensiveStyle+1"],"picked":"champ:Lariat","floor":22},{"not_picked":["champ:Circumvent+1","champ:Lariat"],"picked":"champ:DefensiveShout","floor":26},{"not_picked":["champ:GutPunch+1","champ:ArenaPreparation"],"picked":"champ:IronFortress","floor":27},{"not_picked":["champ:GladiatorStyle+1","champ:StrikeOfGenius"],"picked":"champ:EndlessRage","floor":28},{"not_picked":["champ:Haymaker+1","champ:Circumvent","champ:PreciseThrust+1"],"picked":"SKIP","floor":31},{"not_picked":["champ:Backstep","champ:TornadoPunch+1"],"picked":"champ:BerserkersShout","floor":32},{"not_picked":["champ:Devastate+1","champ:HoldFirm"],"picked":"champ:DancingMaster","floor":33},{"not_picked":["champ:ViciousMockery+1","champ:GutPunch+1"],"picked":"champ:DeathBlow+1","floor":36},{"not_picked":["champ:PerfectedStrike+1","champ:AdrenalArmor"],"picked":"champ:CrookedStrike+1","floor":37},{"not_picked":["champ:FanOfKnives+1","champ:Circumvent"],"picked":"champ:GutPunch+1","floor":38},{"not_picked":["champ:DefensiveShout","champ:BladeFlurry+1","champ:CrookedStrike+1"],"picked":"SKIP","floor":39},{"not_picked":["champ:GladiatorsShout","champ:StanceDance"],"picked":"champ:EndlessRage+1","floor":44},{"not_picked":["champ:TornadoPunch+1","champ:BladeFlurry+1"],"picked":"champ:FocusedDefense+1","floor":47},{"not_picked":["champ:FocusedBerserking+1","champ:PerfectedStrike+1"],"picked":"champ:FightOn","floor":49}],"player_experience":1453370,"relics_obtained":[{"floor":6,"key":"Anchor"},{"floor":7,"key":"Vajra"},{"floor":9,"key":"Boot"},{"floor":14,"key":"Letter Opener"},{"floor":21,"key":"champ:BlackKnightHelmet"},{"floor":21,"key":"The Courier"},{"floor":24,"key":"Pen Nib"},{"floor":31,"key":"Art of War"},{"floor":37,"key":"Calipers"},{"floor":44,"key":"Smiling Mask"},{"floor":45,"key":"Gremlin Horn"},{"floor":47,"key":"Du-Vu Doll"}],"event_choices":[{"damage_healed":0,"gold_gain":0,"player_choice":"Stole Relic","damage_taken":0,"relics_obtained":["Molten Egg 2"],"max_hp_gain":0,"max_hp_loss":0,"event_name":"Addict","floor":23,"gold_loss":0,"cards_obtained":["Shame"]},{"damage_healed":0,"gold_gain":0,"player_choice":" Idol ","damage_taken":48,"relics_obtained":["Bloody Idol"],"max_hp_gain":83,"max_hp_loss":35,"event_name":"betterAltar:BetterAltar","floor":25,"potions_obtained":[],"relics_lost":[],"gold_loss":0},{"damage_healed":0,"gold_gain":0,"player_choice":"Fight","damage_taken":0,"max_hp_gain":0,"max_hp_loss":0,"event_name":"Mysterious Sphere","floor":47,"gold_loss":0}],"is_beta":false,"boss_relics":[{"not_picked":["downfall:Hecktoplasm","Fusion Hammer"],"picked":"Pandora\u0027s Box"},{"not_picked":["Runic Pyramid","Philosopher\u0027s Stone"],"picked":"Cursed Key"}],"items_purged_floors":[],"is_endless":false,"potions_floor_spawned":[6,9,12,14,15,21,22,27,31,36,44,49],"ascension_level":0}}