{"host":"i0avyit1s6jb1siw","time":1609641489,"event":{"mods":["BaseMod","DeckTracker","Dota2Spire","Highlight Path","Minty Spire (QoL Compilation)","Quick Restart","StSLib","SuperFastMode"],"gold_per_floor":[113,113,113,26,50,91,103,153,219,251,277,171,171,194,194,194,194],"floor_reached":16,"playtime":458,"items_purged":["Strike_R"],"score":220,"play_id":"28033d4d-6fe5-4f95-af47-4cdb81707538","local_time":"20210103033809","is_ascension_mode":true,"campfire_choices":[{"floor":7,"key":"REST"},{"floor":13,"key":"REST"},{"data":"Blood for Blood","floor":15,"key":"SMITH"}],"circlet_count":0,"master_deck":["AscendersBane","Strike_R","Strike_R","Strike_R","Defend_R","Defend_R","Defend_R","Defend_R","Bash+1","Blood for Blood+1","Armaments","Carnage","Dropkick","Uppercut","Second Wind","Disarm","Whirlwind"],"relics":["Burning Blood","Golden Idol","MawBank","Bag of Preparation","Strawberry"],"acts_visited":["Exordium"],"potions_floor_usage":[8,16],"damage_taken":[{"damage":6,"enemies":"Small Slimes","floor":1,"turns":4},{"damage":7,"enemies":"2 Louse","floor":5,"turns":3},{"damage":56,"enemies":"3 Sentries","floor":6,"turns":17},{"damage":32,"enemies":"Gremlin Nob","floor":8,"turns":4},{"damage":7,"enemies":"Jaw Worm","floor":10,"turns":3},{"damage":8,"enemies":"2 Fungi Beasts","floor":11,"turns":4},{"damage":13,"enemies":"3 Louse","floor":14,"turns":4},{"damage":36,"enemies":"Hexaghost","floor":16,"turns":10}],"seed_played":"-2636392770102577977","potions_obtained":[{"floor":5,"key":"BloodPotion"},{"floor":6,"key":"SmokeBomb"},{"floor":8,"key":"Strength Potion"}],"is_trial":false,"path_per_floor":["M","?","?","$","M","E","R","E","T","M","M","$","R","M","R","B"],"character_chosen":"IRONCLAD","items_purchased":["Blood for Blood","Disarm"],"campfire_rested":2,"item_purchase_floors":[4,12],"current_hp_per_floor":[68,68,61,61,60,10,30,17,24,23,21,21,43,36,36,0,0],"gold":194,"neow_bonus":"UPGRADE_CARD","is_daily":false,"chose_seed":false,"campfire_upgraded":1,"win_rate":0.0,"timestamp":1609641489,"path_taken":["M","?","?","$","M","E","R","E","T","M","M","$","R","M","R","BOSS"],"items_purchased_type":["Card","Card"],"build_version":"2020-12-22","purchased_purges":1,"victory":false,"max_hp_per_floor":[75,68,68,68,68,68,68,68,75,75,75,75,75,75,75,75,75],"card_choices":[{"not_picked":["Thunderclap","Searing Blow","Clothesline"],"picked":"SKIP","floor":1},{"not_picked":["Sword Boomerang","Thunderclap"],"picked":"Armaments","floor":5},{"not_picked":["Perfected Strike","Heavy Blade"],"picked":"Carnage","floor":6},{"not_picked":["True Grit","Bloodletting"],"picked":"Dropkick","floor":8},{"not_picked":["Pommel Strike","Body Slam"],"picked":"Uppercut","floor":10},{"not_picked":["Clash","Thunderclap"],"picked":"Second Wind","floor":11},{"not_picked":["Whirlwind","Iron Wave","Cleave"],"picked":"SKIP","floor":14},{"not_picked":["Iron Wave","Cleave"],"picked":"Whirlwind","floor":14}],"player_experience":2168201,"relics_obtained":[{"floor":6,"key":"MawBank"},{"floor":8,"key":"Bag of Preparation"},{"floor":9,"key":"Strawberry"}],"event_choices":[{"damage_healed":0,"gold_gain":0,"player_choice":"Lose Max HP","damage_taken":0,"relics_obtained":["Golden Idol"],"max_hp_gain":0,"max_hp_loss":7,"event_name":"Golden Idol","floor":2,"gold_loss":0},{"cards_removed":["Strike_R"],"damage_healed":0,"gold_gain":0,"player_choice":"Card Removal","damage_taken":7,"max_hp_gain":0,"max_hp_loss":0,"event_name":"Golden Wing","floor":3,"gold_loss":0}],"is_beta":false,"boss_relics":[],"items_purged_floors":[12],"is_endless":false,"potions_floor_spawned":[5,6,8],"killed_by":"Hexaghost","ascension_level":20}}