{"host":"2js2pxuugveqjuf7","time":1609666903,"event":{"mods":["BaseMod","Downfall","Minty Spire (QoL Compilation)","Relic Stats","StSLib"],"gold_per_floor":[99,99,199,20,20,53,53,87,12,12,25,60,72,87,99,196,196,196,209,1,17,36,36,36,36],"floor_reached":23,"playtime":2866,"items_purged":["Slimebound:Strike_Slimebound"],"score":284,"play_id":"873f480f-b9ca-4f1c-b00c-dd7d24186f04","local_time":"20210103034143","is_ascension_mode":false,"campfire_choices":[{"data":"Slimebound:CorrosiveSpit","floor":1,"key":"SMITH"},{"floor":9,"key":"RECALL"},{"data":"Slimebound:Equalize","floor":10,"key":"SMITH"},{"data":"Slimebound:MassFeed","floor":18,"key":"SMITH"}],"circlet_count":0,"master_deck":["Slimebound:Tackle","Slimebound:Defend_Slimebound","Slimebound:Defend_Slimebound","Slimebound:Defend_Slimebound","Slimebound:Defend_Slimebound","Slimebound:Split","Slimebound:CorrosiveSpit+1","Slimebound:FlameTackle","Slimebound:GoopSpray","Slimebound:RainOfGoop+1","Slimebound:ViciousTackle","Slimebound:AcidTongue","Slimebound:Equalize+1","Slimebound:SplitMire","Slimebound:Replication","Slimebound:ViciousTackle","Slimebound:LeechingTouch","Slimebound:LeechEnergy","Slimebound:MassFeed+1","Slimebound:MegaLick","Slimebound:SplitMire","Slimebound:GoopSpray","Slimebound:GoopSpray"],"relics":["Slimebound:AbsorbEndCombat","downfall:HeartsMalice","Blood Vial","Slimebound:MaxSlimesRelic","WingedGreaves","downfall:HeartBlessingGreen","Letter Opener","Empty Cage","Membership Card"],"acts_visited":["Exordium","TheCity"],"potions_floor_usage":[15,16,22],"damage_taken":[{"damage":0,"enemies":"2 Louse","floor":2,"turns":1},{"damage":0,"enemies":"downfall:FleeingMerchant","floor":4,"turns":1},{"damage":0,"enemies":"Gremlin Nob","floor":6,"turns":1},{"damage":24,"enemies":"3 Sentries","floor":8,"turns":6},{"damage":4,"enemies":"Cultist","floor":11,"turns":2},{"damage":23,"enemies":"Gremlin Nob","floor":12,"turns":3},{"damage":23,"enemies":"Jaw Worm","floor":13,"turns":3},{"damage":17,"enemies":"Exordium Wildlife","floor":14,"turns":3},{"damage":22,"enemies":"2 Fungi Beasts","floor":15,"turns":3},{"damage":53,"enemies":"downfall:Defect","floor":16,"turns":5},{"damage":24,"enemies":"Spheric Guardian","floor":19,"turns":6},{"damage":12,"enemies":"downfall:FleeingMerchant","floor":20,"turns":4},{"damage":45,"enemies":"3 Cultists","floor":21,"turns":6},{"damage":38,"enemies":"Cultist and Chosen","floor":22,"turns":5},{"damage":65,"enemies":"Book of Stabbing","floor":23,"turns":5}],"seed_played":"6817779003220453245","potions_obtained":[{"floor":12,"key":"Fruit Juice"},{"floor":14,"key":"Fire Potion"},{"floor":15,"key":"LiquidMemories"},{"floor":16,"key":"Fire Potion"},{"floor":22,"key":"SmokeBomb"}],"is_trial":false,"path_per_floor":["R","M","?","$","?","E","T","E","R","R","M","E","M","M","M","B",null,"R","M","$","M","M","E"],"character_chosen":"SLIMEBOUND","items_purchased":["Slimebound:RainOfGoop","Slimebound:ViciousTackle","Slimebound:SlimedPotion","Membership Card"],"campfire_rested":0,"item_purchase_floors":[4,4,4,20],"current_hp_per_floor":[60,60,60,60,60,60,60,50,50,50,56,47,46,57,59,34,65,65,59,69,48,44,0,0,0],"gold":36,"neow_bonus":"THREE_ENEMY_KILL","is_daily":false,"chose_seed":false,"campfire_upgraded":3,"win_rate":0.0,"timestamp":1609666903,"path_taken":["R","M","?","$","?","E","T","E","R","R","M","E","M","M","M","BOSS","R","M","$","M","M","E"],"items_purchased_type":["Card","Card","Potion","Relic"],"build_version":"2020-12-22","purchased_purges":1,"victory":false,"max_hp_per_floor":[60,60,60,60,60,60,60,60,60,60,60,60,60,60,65,65,65,65,69,69,73,77,77,77,77],"relic_stats":{"Blood Vial":18,"counters":[15,51],"Letter Opener":[65],"obtain_stats":[{"Blood Vial":6,"Slimebound:MaxSlimesRelic":7,"downfall:HeartsMalice":0,"downfall:HeartBlessingGreen":9,"WingedGreaves":8,"Slimebound:AbsorbEndCombat":0,"Letter Opener":12,"Membership Card":20,"Empty Cage":17},{"Blood Vial":3,"Slimebound:MaxSlimesRelic":3,"downfall:HeartsMalice":0,"downfall:HeartBlessingGreen":4,"WingedGreaves":4,"Slimebound:AbsorbEndCombat":0,"Letter Opener":6,"Membership Card":12,"Empty Cage":10},{"Blood Vial":0,"Slimebound:MaxSlimesRelic":0,"downfall:HeartsMalice":0,"downfall:HeartBlessingGreen":6,"WingedGreaves":6,"Slimebound:AbsorbEndCombat":0,"Letter Opener":11,"Membership Card":35,"Empty Cage":25}]},"card_choices":[{"not_picked":["Slimebound:SplitLeeching","Slimebound:FinishingTackle"],"picked":"Slimebound:FlameTackle","floor":2},{"not_picked":["Slimebound:ProtectTheBoss","Slimebound:Grow"],"picked":"Slimebound:GoopSpray","floor":4},{"not_picked":["Slimebound:SlimeTap","Slimebound:Repurpose"],"picked":"Slimebound:AcidTongue","floor":6},{"not_picked":["Slimebound:RollThrough","Slimebound:LeechingTouch"],"picked":"Slimebound:Equalize","floor":8},{"not_picked":["Slimebound:GoopSpray","Slimebound:MegaLick"],"picked":"Slimebound:SplitMire","floor":11},{"not_picked":["Slimebound:SplitAcid","Slimebound:DuplicatedForm"],"picked":"Slimebound:Replication","floor":12},{"not_picked":["Slimebound:Gluttony","Slimebound:Repurpose"],"picked":"Slimebound:ViciousTackle","floor":13},{"not_picked":["Slimebound:PressTheAttack","Slimebound:GrowthPunch"],"picked":"Slimebound:LeechingTouch","floor":14},{"not_picked":["Slimebound:GrowthPunch","Slimebound:ViciousTackle"],"picked":"Slimebound:LeechEnergy","floor":15},{"not_picked":["Slimebound:RallyTheTroops","Slimebound:LeechLife"],"picked":"Slimebound:MassFeed","floor":16},{"not_picked":["Slimebound:FormOfPuddle","Slimebound:Prepare"],"picked":"Slimebound:MegaLick","floor":19},{"not_picked":["Slimebound:SplitLeeching+1","Slimebound:ViciousTackle"],"picked":"Slimebound:SplitMire","floor":20},{"not_picked":["Slimebound:RollThrough","Slimebound:SplitLeeching"],"picked":"Slimebound:GoopSpray","floor":21},{"not_picked":["Slimebound:ViciousTackle","Slimebound:ComboTackle"],"picked":"Slimebound:GoopSpray","floor":22}],"player_experience":249838,"relics_obtained":[{"floor":6,"key":"Blood Vial"},{"floor":7,"key":"Slimebound:MaxSlimesRelic"},{"floor":8,"key":"WingedGreaves"},{"floor":12,"key":"Letter Opener"}],"event_choices":[{"damage_healed":0,"gold_gain":0,"player_choice":"Upgraded","damage_taken":0,"max_hp_gain":0,"max_hp_loss":0,"event_name":"Upgrade Shrine","floor":5,"gold_loss":0,"cards_upgraded":["Slimebound:RainOfGoop"]}],"is_beta":false,"boss_relics":[{"not_picked":["Cursed Key","Black Star"],"picked":"Empty Cage"}],"items_purged_floors":[20],"is_endless":false,"potions_floor_spawned":[12,14,15,16,21,22],"killed_by":"Book of Stabbing","ascension_level":0}}