{"host":"df48i9djcn92c5sx","time":1609689704,"event":{"mods":["BaseMod","Downfall","Marisa£®ÏF”Í°°ƒß¿Ì…≥£©","Minty Spire (QoL Compilation)","READ ME - Guardian Mod","READ ME - Snecko Mod","Reimu£®≤©¿ˆ¡È√Œ£©","Remilia£®¿Ÿ√◊¿Ú—«£©","Replay The Spire","Shop Mod","StSLib","The Jungle","The Servant 0.9.4"],"gold_per_floor":[99,99,99,99,199,199,199,234,315,315,315,4,20,39,53,53,53],"floor_reached":16,"playtime":729,"items_purged":[],"score":157,"play_id":"f1f11b64-2075-4e1d-a229-c61163800720","local_time":"20210104000144","is_ascension_mode":true,"campfire_choices":[{"data":"KidneyShot","floor":1,"key":"SMITH"},{"data":"DancingSilver","floor":6,"key":"SMITH"},{"data":"Ricochet","floor":11,"key":"SMITH"}],"circlet_count":0,"master_deck":["Strike_S","Strike_S","Strike_S","Defend_S","Defend_S","Defend_S","Defend_S","KidneyShot+1","Exchange","DancingSilver+1","Sabotage","Sunlight+1","Ricochet+1","Deadline"],"relics":["Uniform","downfall:HeartsMalice","Boot","CaptainsWheel","Smiling Mask","Guardian:PocketSentry","Chemical X"],"acts_visited":["Exordium"],"potions_floor_usage":[16],"damage_taken":[{"damage":0,"enemies":"Jaw Worm","floor":2,"turns":1},{"damage":0,"enemies":"2 Louse","floor":3,"turns":1},{"damage":0,"enemies":"Gremlin Nob","floor":8,"turns":1},{"damage":0,"enemies":"downfall:FleeingMerchant","floor":12,"turns":4},{"damage":0,"enemies":"Small Slimes","floor":13,"turns":3},{"damage":4,"enemies":"2 Fungi Beasts","floor":14,"turns":2},{"damage":6,"enemies":"Lots of Slimes","floor":15,"turns":3},{"damage":51,"enemies":"downfall:Silent","floor":16,"turns":7}],"seed_played":"-8394852233154552890","potions_obtained":[{"floor":8,"key":"Dexterity Potion"},{"floor":14,"key":"Explosive Potion"}],"is_trial":false,"path_per_floor":["R","M","M","?","?","R","T","E","?","?","R","$","M","M","M","B"],"character_chosen":"THE_SERVANT","items_purchased":["Guardian:PocketSentry","Chemical X"],"campfire_rested":0,"item_purchase_floors":[12,12],"current_hp_per_floor":[59,59,59,59,59,59,59,59,59,59,59,59,59,55,49,0,0],"gold":53,"neow_bonus":"THREE_ENEMY_KILL","is_daily":false,"chose_seed":false,"campfire_upgraded":3,"win_rate":0.0,"timestamp":1609689704,"path_taken":["R","M","M","?","?","R","T","E","?","?","R","$","M","?","M","BOSS"],"items_purchased_type":["Relic","Relic"],"build_version":"2020-12-22","purchased_purges":0,"victory":false,"max_hp_per_floor":[65,65,65,65,65,65,65,65,65,65,65,65,65,65,65,65,65],"card_choices":[{"not_picked":["MoonPhase","Reset","Defy"],"picked":"SKIP","floor":2},{"not_picked":["ShatteredReality","Revamp"],"picked":"DancingSilver","floor":3},{"not_picked":["WasteNot","Spin"],"picked":"Sabotage","floor":8},{"not_picked":["DoubleEdge","Snipe"],"picked":"Sunlight","floor":9},{"not_picked":["Rewind","TimeTheft"],"picked":"Ricochet","floor":9},{"not_picked":["Alleviate","Replace","Unruled"],"picked":"SKIP","floor":12},{"not_picked":["Defy","Unruled"],"picked":"Deadline","floor":14},{"not_picked":["ReturningBlade","Replace","Unruled"],"picked":"SKIP","floor":15}],"player_experience":1397649,"relics_obtained":[{"floor":7,"key":"Boot"},{"floor":8,"key":"CaptainsWheel"},{"floor":9,"key":"Smiling Mask"}],"event_choices":[{"damage_healed":0,"gold_gain":0,"player_choice":"Upgraded","damage_taken":0,"max_hp_gain":0,"max_hp_loss":0,"event_name":"Upgrade Shrine","floor":10,"gold_loss":0,"cards_upgraded":["Sunlight"]}],"is_beta":false,"boss_relics":[],"items_purged_floors":[],"is_endless":false,"potions_floor_spawned":[8,14],"killed_by":"downfall:Silent","ascension_level":6}}