{"host":"873t0y8ybyo38pfq","time":1609681548,"event":{"mods":["BaseMod","Bestiary","Colored Map","Colored Powertips","Highlight Path","Minty Spire (QoL Compilation)","Quick Restart","RNG Fix","Rare Cards Sparkle","Relic Stats","StSLib"],"gold_per_floor":[114,29,46,65,82,113,113,37,64,74,85,85,85,96,96,96,96],"floor_reached":16,"playtime":577,"items_purged":[],"score":208,"play_id":"670094cd-b6ef-4fe4-bd10-e8125a6a33bd","local_time":"20210103084548","is_ascension_mode":true,"campfire_choices":[{"data":"Capacitor","floor":7,"key":"SMITH"},{"floor":15,"key":"REST"}],"circlet_count":0,"master_deck":["AscendersBane","Strike_B","Strike_B","Strike_B","Defend_B","Defend_B","Defend_B","Zap","Dualcast","Chill","FTL","Capacitor+1","Cold Snap","Ball Lightning","Blizzard","Echo Form","Genetic Algorithm"],"relics":["Cracked Core","Gremlin Horn","Cables"],"acts_visited":["Exordium"],"potions_floor_usage":[6,14,16,16],"damage_taken":[{"damage":2,"enemies":"Jaw Worm","floor":1,"turns":4},{"damage":0,"enemies":"2 Louse","floor":3,"turns":2},{"damage":4,"enemies":"Cultist","floor":4,"turns":3},{"damage":15,"enemies":"Gremlin Gang","floor":5,"turns":6},{"damage":6,"enemies":"3 Sentries","floor":6,"turns":11},{"damage":14,"enemies":"Large Slime","floor":10,"turns":6},{"damage":11,"enemies":"Looter","floor":11,"turns":3},{"damage":1,"enemies":"Exordium Wildlife","floor":14,"turns":4},{"damage":42,"enemies":"Slime Boss","floor":16,"turns":6}],"seed_played":"-9105100347303854916","potions_obtained":[{"floor":1,"key":"Ancient Potion"},{"floor":5,"key":"EssenceOfSteel"},{"floor":12,"key":"Fire Potion"},{"floor":12,"key":"GamblersBrew"},{"floor":14,"key":"EssenceOfSteel"}],"is_trial":false,"path_per_floor":["M","$","M","M","M","E","R","$","T","M","M","?","T","M","R","B"],"character_chosen":"DEFECT","items_purchased":["FTL","Blizzard"],"campfire_rested":1,"item_purchase_floors":[2,8],"current_hp_per_floor":[62,62,62,58,43,37,37,37,37,23,12,12,12,11,30,0,0],"gold":96,"neow_bonus":"REMOVE_TWO","is_daily":false,"chose_seed":false,"campfire_upgraded":1,"win_rate":0.0,"timestamp":1609681548,"path_taken":["M","?","M","M","M","E","R","?","T","M","?","?","?","M","R","BOSS"],"items_purchased_type":["Card","Card"],"build_version":"2020-12-22","purchased_purges":0,"victory":false,"max_hp_per_floor":[64,64,64,64,64,64,64,64,64,64,64,64,64,64,64,64,64],"relic_stats":{"Gremlin Horn":[2,2],"counters":[9,45],"obtain_stats":[{"Gremlin Horn":6,"Cracked Core":0,"Cables":13},{"Gremlin Horn":5,"Cracked Core":0,"Cables":7},{"Gremlin Horn":26,"Cracked Core":0,"Cables":35}],"Cables":[9,6,3,0,0]},"card_choices":[{"not_picked":["Double Energy","Go for the Eyes"],"picked":"Chill","floor":1},{"not_picked":["Steam","Redo"],"picked":"Capacitor","floor":3},{"not_picked":["Fusion","Hologram"],"picked":"Cold Snap","floor":4},{"not_picked":["Leap","Stack","Hologram"],"picked":"SKIP","floor":5},{"not_picked":["Redo","Self Repair"],"picked":"Ball Lightning","floor":6},{"not_picked":["Go for the Eyes","Compile Driver"],"picked":"Echo Form","floor":10},{"not_picked":["Conserve Battery","Barrage"],"picked":"Genetic Algorithm","floor":11},{"not_picked":["Scrape","Barrage","Heatsinks"],"picked":"SKIP","floor":14}],"player_experience":1486730,"relics_obtained":[{"floor":6,"key":"Gremlin Horn"},{"floor":13,"key":"Cables"}],"event_choices":[{"damage_healed":0,"gold_gain":0,"player_choice":"Got Potions","damage_taken":0,"max_hp_gain":0,"max_hp_loss":0,"event_name":"Lab","floor":12,"gold_loss":0}],"is_beta":false,"boss_relics":[],"items_purged_floors":[],"is_endless":false,"potions_floor_spawned":[1,5,14],"killed_by":"Slime Boss","ascension_level":20}}