{"host":"g01l53quoe6lrer0","time":1609704932,"event":{"mods":["2.2 Compatiblity","AchievementEnabler","BaseMod","Colored Map","Highlight Path","Keyboard Shortcuts","Minty Spire (QoL Compilation)","Permanent Neow","Quick Restart","StSLib","SuperFastMode","everything is the same but u backflip on backflip"],"gold_per_floor":[118,19,32,47,59,89,89,118,118,135,153,172,172,204,204,308,308,319,54,54,69,69,69,15,49,49,49,72,72,86,103,103,200,200,212,257,257,27,37,68,0,0,0,0,0,0,11,30,30,30],"floor_reached":51,"playtime":2001,"items_purged":["Strike_B","Strike_B"],"score":905,"play_id":"3efeb0de-8d5b-41fe-9156-c63ca185f956","local_time":"20210104051532","is_ascension_mode":true,"campfire_choices":[{"data":"Hyperbeam","floor":7.0,"key":"SMITH"},{"data":"Fusion","floor":13.0,"key":"SMITH"},{"floor":15.0,"key":"REST"},{"data":"Reprogram","floor":23.0,"key":"SMITH"},{"data":"Recycle","floor":27.0,"key":"SMITH"},{"data":"Sunder","floor":29.0,"key":"SMITH"},{"data":"Stack","floor":32.0,"key":"SMITH"},{"data":"Reboot","floor":42,"key":"SMITH"},{"data":"Beam Cell","floor":44,"key":"SMITH"},{"data":"Beam Cell","floor":49,"key":"SMITH"}],"circlet_count":0,"master_deck":["Strike_B","Defend_B","Defend_B","Defend_B","Defend_B","Dualcast","Hyperbeam+1","Beam Cell+1","Sunder+1","Reprogram+1","Gash","Recycle+1","Sweeping Beam","Fusion+1","Reinforced Body","Beam Cell+1","Stack+1","Meteor Strike","Impatience","Skim+1","Gash","Turbo+1","Steam+1","Reboot+1","Blind","FTL","Meteor Strike"],"relics":["Cracked Core","Shuriken","Mango","Ginger","Unceasing Top","Empty Cage","Pen Nib","Darkstone Periapt","PreservedInsect","Sozu","Bird Faced Urn","Lee\u0027s Waffle","Eternal Feather","Red Mask","Sundial"],"acts_visited":["Exordium","TheCity","TheBeyond"],"potions_floor_usage":[50,50],"damage_taken":[{"damage":1.0,"enemies":"Jaw Worm","floor":1.0,"turns":3.0},{"damage":0.0,"enemies":"Cultist","floor":3.0,"turns":2.0},{"damage":2.0,"enemies":"Small Slimes","floor":4.0,"turns":2.0},{"damage":0.0,"enemies":"Exordium Wildlife","floor":5.0,"turns":1.0},{"damage":6.0,"enemies":"Gremlin Nob","floor":6.0,"turns":3.0},{"damage":21.0,"enemies":"Lagavulin","floor":8.0,"turns":4.0},{"damage":0.0,"enemies":"2 Fungi Beasts","floor":10.0,"turns":3.0},{"damage":0.0,"enemies":"Looter","floor":11.0,"turns":1.0},{"damage":10.0,"enemies":"Large Slime","floor":12.0,"turns":2.0},{"damage":0.0,"enemies":"Gremlin Nob","floor":14.0,"turns":2.0},{"damage":38.0,"enemies":"Hexaghost","floor":16.0,"turns":9.0},{"damage":14.0,"enemies":"2 Thieves","floor":18.0,"turns":4.0},{"damage":10.0,"enemies":"Chosen","floor":21.0,"turns":4.0},{"damage":10.0,"enemies":"Gremlin Leader","floor":25.0,"turns":6.0},{"damage":0.0,"enemies":"Snake Plant","floor":30.0,"turns":2.0},{"damage":0.0,"enemies":"Sentry and Sphere","floor":31.0,"turns":3.0},{"damage":0.0,"enemies":"Automaton","floor":33.0,"turns":5.0},{"damage":0.0,"enemies":"3 Shapes","floor":35.0,"turns":2.0},{"damage":59.0,"enemies":"2 Orb Walkers","floor":36.0,"turns":6.0},{"damage":5,"enemies":"Orb Walker","floor":39,"turns":3},{"damage":0,"enemies":"Giant Head","floor":40,"turns":5},{"damage":2,"enemies":"Transient","floor":47,"turns":5},{"damage":17,"enemies":"4 Shapes","floor":48,"turns":4},{"damage":97,"enemies":"Time Eater","floor":50,"turns":11}],"seed_played":"785799820863338551","potions_obtained":[{"floor":4.0,"key":"DuplicationPotion"},{"floor":5.0,"key":"PowerPotion"},{"floor":8.0,"key":"DistilledChaos"},{"floor":14.0,"key":"Fruit Juice"},{"floor":16.0,"key":"AttackPotion"},{"floor":21.0,"key":"LiquidMemories"},{"floor":25.0,"key":"BlessingOfTheForge"}],"is_trial":false,"path_per_floor":["M","$","M","M","M","E","R","E","T","M","M","M","R","E","R","B",null,"M","$","?","M","$","R","$","E","T","R","T","R","M","M","R","B",null,"M","?","?","$","M","E","?","R","T","R","$","?","M","M","R","B",null],"character_chosen":"DEFECT","items_purchased":["Beam Cell","Meteor Strike","Impatience","Gash","FTL","Lee\u0027s Waffle"],"campfire_rested":1,"item_purchase_floors":[2,19,19,24,38,38],"current_hp_per_floor":[53,53,53,51,51,45,45,38,38,38,38,28,28,28,61,23,94,80,80,80,70,70,70,70,60,60,60,60,60,60,60,60,60,94,94,35,35,101,96,96,96,101,101,101,101,101,99,82,97,28],"gold":30,"neow_bonus":"THREE_RARE_CARDS","is_daily":false,"chose_seed":false,"campfire_upgraded":9,"win_rate":0.0,"timestamp":1609704932,"path_taken":["M","$","M","M","M","E","R","E","T","M","M","M","R","E","R","BOSS","M","$","?","?","?","R","$","E","T","R","?","R","M","M","R","BOSS","M","?","?","$","M","E","?","R","T","R","?","?","M","M","R","BOSS"],"items_purchased_type":["Card","Card","Card","Card","Card","Relic"],"build_version":"2020-12-22","purchased_purges":2,"victory":true,"max_hp_per_floor":[75,75,75,75,75,75,75,89,89,89,89,89,89,89,94,94,94,94,94,94,94,94,94,94,94,94,94,94,94,94,94,94,94,94,94,94,94,101,101,101,101,101,101,101,101,101,101,101,101,101],"card_choices":[{"not_picked":["Echo Form","Creative AI"],"picked":"Hyperbeam","floor":0.0},{"not_picked":["Stack","Streamline"],"picked":"Beam Cell","floor":1.0},{"not_picked":["Barrage","Conserve Battery"],"picked":"Sunder","floor":3.0},{"not_picked":["Loop","Ball Lightning"],"picked":"Turbo","floor":4.0},{"not_picked":["Defragment","Steam"],"picked":"Reprogram","floor":5.0},{"not_picked":["Leap","Skim"],"picked":"Gash","floor":6.0},{"not_picked":["Amplify","Gash"],"picked":"Recycle","floor":8.0},{"not_picked":["Sunder","Streamline"],"picked":"Sweeping Beam","floor":10.0},{"not_picked":["Rebound","Ball Lightning"],"picked":"Fusion","floor":11.0},{"not_picked":["Coolheaded","Doom and Gloom"],"picked":"Reinforced Body","floor":12.0},{"not_picked":["Skim","Defragment"],"picked":"Beam Cell","floor":14.0},{"not_picked":["Hologram","Redo"],"picked":"Stack","floor":18.0},{"not_picked":["Glacier+1","Cold Snap+1"],"picked":"Skim+1","floor":21.0},{"not_picked":["Auto Shields","Static Discharge","Rebound"],"picked":"SKIP","floor":25.0},{"not_picked":["Rebound+1","Doom and Gloom"],"picked":"Turbo+1","floor":30.0},{"not_picked":["Coolheaded+1","Amplify"],"picked":"Steam+1","floor":31.0},{"not_picked":["Fission","Electrodynamics"],"picked":"Reboot","floor":33.0},{"not_picked":["Barrage","Conserve Battery+1","Capacitor"],"picked":"SKIP","floor":35.0},{"not_picked":["Deep Breath","Enlightenment"],"picked":"Blind","floor":37},{"not_picked":["Skim","Darkness+1","Auto Shields"],"picked":"SKIP","floor":39},{"not_picked":["Conserve Battery","Beam Cell"],"picked":"Meteor Strike","floor":40},{"not_picked":["Turbo+1","Ball Lightning","Doom and Gloom+1"],"picked":"SKIP","floor":47},{"not_picked":["Chaos+1","Self Repair","Leap+1"],"picked":"SKIP","floor":48}],"player_experience":50982,"relics_obtained":[{"floor":6.0,"key":"Shuriken"},{"floor":8.0,"key":"Mango"},{"floor":9.0,"key":"Ginger"},{"floor":14.0,"key":"Unceasing Top"},{"floor":25.0,"key":"Pen Nib"},{"floor":26.0,"key":"Darkstone Periapt"},{"floor":28.0,"key":"PreservedInsect"},{"floor":36,"key":"Bird Faced Urn"},{"floor":40,"key":"Eternal Feather"},{"floor":43,"key":"Sundial"}],"event_choices":[{"cards_removed":["Zap"],"damage_healed":0.0,"max_hp_gain":0.0,"max_hp_loss":0.0,"gold_gain":0.0,"event_name":"Bonfire Elementals","player_choice":"Offered Basic","floor":20.0,"gold_loss":0.0,"damage_taken":0.0},{"damage_healed":0.0,"max_hp_gain":0.0,"max_hp_loss":0.0,"gold_gain":0.0,"event_name":"Mysterious Sphere","player_choice":"Fight","floor":36.0,"gold_loss":0.0,"damage_taken":0.0},{"damage_healed":0,"gold_gain":0,"player_choice":"Memory 1","damage_taken":0,"max_hp_gain":0,"max_hp_loss":0,"event_name":"SensoryStone","floor":37,"gold_loss":0},{"damage_healed":0,"gold_gain":0,"player_choice":"Paid","damage_taken":0,"relics_obtained":["Red Mask"],"max_hp_gain":0,"max_hp_loss":0,"event_name":"Tomb of Lord Red Mask","floor":41,"gold_loss":68},{"cards_removed":["Beam Cell"],"damage_healed":0,"gold_gain":0,"player_choice":"Removed Attack","damage_taken":0,"max_hp_gain":0,"max_hp_loss":0,"event_name":"Falling","floor":46,"gold_loss":0}],"is_beta":false,"boss_relics":[{"not_picked":["Black Star","Pandora\u0027s Box"],"picked":"Empty Cage"},{"not_picked":["FrozenCore","Tiny House"],"picked":"Sozu"}],"items_purged_floors":[2,19],"is_endless":false,"potions_floor_spawned":[4,5,8,11,14,16,21,25,30,31,40,47],"ascension_level":1}}