{"host":"g5zc4ej6zn2at89o","time":1609681718,"event":{"mods":["2.2 Compatiblity","AchievementEnabler","BaseMod","Colored Map","DeckTracker","Highlight Path","KOR Keyword Fix","Keyboard Shortcuts","Minty Spire (QoL Compilation)","Permanent Neow","Quick Restart","Say the Spire","StSLib","SuperFastMode","everything is the same but u backflip on backflip"],"gold_per_floor":[112,86,103,115,115,141,141,158,158,176,176,176,176,193,193,297,297,311,93,53,66,66,82,82,82,82,82,7,7,24,24,24,123,123,136,136,96,116,71,71,81,100,125,175,189,15,0,15,15,15,15,15,15,46,46],"floor_reached":56,"playtime":3432,"items_purged":["Defend_R"],"score":1197,"play_id":"ffd539d2-1c56-4a57-b73f-f23ecd22bfd6","local_time":"20210103224838","is_ascension_mode":false,"campfire_choices":[{"floor":7.0,"key":"REST"},{"data":"Demon Form","floor":11.0,"key":"SMITH"},{"floor":15.0,"key":"REST"},{"data":"Heavy Blade","floor":24,"key":"SMITH"},{"data":"Shockwave","floor":27,"key":"SMITH"},{"floor":32,"key":"REST"},{"data":"Heavy Blade","floor":40,"key":"SMITH"},{"floor":49,"key":"RECALL"},{"data":"Double Tap","floor":52,"key":"SMITH"}],"circlet_count":0,"master_deck":["Strike_R","Defend_R","Defend_R","Bash","Demon Form+1","Pommel Strike+1","Heavy Blade+1","Flex","Spot Weakness","Bloodletting","Pummel","Offering","Dropkick+1","Anger","Double Tap+1","Sword Boomerang","Power Through","Shockwave+1","Impervious","Madness","Madness","Heavy Blade+1","Ghostly Armor","Seeing Red+1","Seeing Red+1","Apotheosis","Evolve+1","Burning Pact"],"relics":["Black Blood","CaptainsWheel","Happy Flower","Matryoshka","Pear","Toy Ornithopter","Enchiridion","SacredBark","Dream Catcher","Boot","Magic Flower","Red Mask","Shuriken"],"acts_visited":["Exordium","TheCity","TheBeyond","TheEnding"],"potions_floor_usage":[18,21,30,30,33,38,42,45,45,45,45,50,50],"damage_taken":[{"damage":8.0,"enemies":"Jaw Worm","floor":1.0,"turns":3.0},{"damage":0.0,"enemies":"Cultist","floor":3.0,"turns":2.0},{"damage":1.0,"enemies":"2 Louse","floor":4.0,"turns":2.0},{"damage":61.0,"enemies":"3 Sentries","floor":6.0,"turns":6.0},{"damage":4.0,"enemies":"Gremlin Gang","floor":8.0,"turns":7.0},{"damage":9.0,"enemies":"Blue Slaver","floor":10.0,"turns":3.0},{"damage":24.0,"enemies":"Lots of Slimes","floor":14.0,"turns":3.0},{"damage":6.0,"enemies":"Slime Boss","floor":16.0,"turns":4.0},{"damage":10,"enemies":"Chosen","floor":18,"turns":4},{"damage":26,"enemies":"2 Thieves","floor":21,"turns":3},{"damage":35,"enemies":"Centurion and Healer","floor":23,"turns":6},{"damage":27,"enemies":"Snake Plant","floor":30,"turns":2},{"damage":44,"enemies":"Automaton","floor":33,"turns":5},{"damage":36,"enemies":"3 Shapes","floor":35,"turns":4},{"damage":7,"enemies":"3 Darklings","floor":38,"turns":3},{"damage":13,"enemies":"Writhing Mass","floor":41,"turns":6},{"damage":24,"enemies":"Spire Growth","floor":42,"turns":5},{"damage":6,"enemies":"Mind Bloom Boss Battle","floor":44,"turns":3},{"damage":32,"enemies":"Sphere and 2 Shapes","floor":45,"turns":6},{"damage":19,"enemies":"Maw","floor":48,"turns":5},{"damage":56,"enemies":"Time Eater","floor":50,"turns":9},{"damage":54,"enemies":"Shield and Spear","floor":54,"turns":6},{"damage":35,"enemies":"The Heart","floor":55,"turns":5}],"seed_played":"4697513234616866809","potions_obtained":[{"floor":3.0,"key":"PowerPotion"},{"floor":10.0,"key":"ColorlessPotion"},{"floor":14.0,"key":"FearPotion"},{"floor":16.0,"key":"Strength Potion"},{"floor":18,"key":"DuplicationPotion"},{"floor":30,"key":"DistilledChaos"},{"floor":33,"key":"Ancient Potion"},{"floor":37,"key":"EntropicBrew"},{"floor":37,"key":"DistilledChaos"},{"floor":41,"key":"ColorlessPotion"},{"floor":42,"key":"Energy Potion"},{"floor":45,"key":"Fruit Juice"}],"is_trial":false,"path_per_floor":["M","$","M","M","?","E","R","M","T","M","R","?","?","M","R","B",null,"M","$","?","M","$","M","R","?","T","R","?","$","M","?","R","B",null,"M","?","?","M","$","R","M","M","T","?","M","$","?","M","R","B",null,"R","$","E","B",null],"character_chosen":"IRONCLAD","items_purchased":["Flex","Happy Flower","Heavy Blade","Apotheosis"],"campfire_rested":3,"item_purchase_floors":[2,19,39,46],"current_hp_per_floor":[70,70,72,72,72,17,38,40,40,37,37,37,37,19,40,40,72,72,72,72,58,58,35,35,35,45,45,45,45,40,24,48,21,82,58,48,48,58,58,58,57,50,50,56,81,81,81,80,80,58,92,92,92,56,39],"gold":46,"neow_bonus":"TRANSFORM_TWO_CARDS","is_daily":false,"chose_seed":false,"campfire_upgraded":5,"win_rate":0.0,"timestamp":1609681718,"path_taken":["M","$","M","M","?","E","R","?","T","M","R","?","?","?","R","BOSS","M","$","?","?","$","M","R","?","T","R","?","?","M","?","R","BOSS","M","?","?","?","?","R","M","M","T","?","M","$","?","M","R","BOSS","R","$","E","BOSS"],"items_purchased_type":["Card","Relic","Card","Card"],"build_version":"2020-12-22","purchased_purges":1,"victory":true,"max_hp_per_floor":[72,72,72,72,72,72,72,72,72,72,72,72,72,72,72,72,72,72,72,72,72,72,72,72,72,82,82,82,82,82,82,82,82,82,82,82,82,82,82,82,82,82,82,82,92,92,92,92,92,92,92,92,92,92,92],"card_choices":[{"not_picked":["Clash","Combust"],"picked":"Heavy Blade","floor":1.0},{"not_picked":["Sword Boomerang","Reckless Charge"],"picked":"Spot Weakness","floor":3.0},{"not_picked":["Perfected Strike","Warcry"],"picked":"Bloodletting","floor":4.0},{"not_picked":["Disarm","Bloodletting","Clothesline"],"picked":"SKIP","floor":6.0},{"not_picked":["Clothesline","Warcry"],"picked":"Pummel","floor":8.0},{"not_picked":["Perfected Strike","Clothesline"],"picked":"Offering","floor":10.0},{"not_picked":["Clash","Clothesline"],"picked":"Anger","floor":14.0},{"not_picked":["Bludgeon","Reaper"],"picked":"Double Tap","floor":16.0},{"not_picked":["Headbutt","Iron Wave"],"picked":"Sword Boomerang","floor":18},{"not_picked":["Spot Weakness","Thunderclap+1"],"picked":"Power Through","floor":21},{"not_picked":["Battle Trance+1","Flex"],"picked":"Shockwave","floor":23},{"not_picked":["Intimidate","Cleave","Inflame"],"picked":"SKIP","floor":30},{"not_picked":["Berserk","Double Tap"],"picked":"Impervious","floor":33},{"not_picked":["Pummel+1","Perfected Strike+1","Blood for Blood+1"],"picked":"SKIP","floor":35},{"not_picked":["Reckless Charge+1","Pommel Strike+1","Dual Wield+1"],"picked":"SKIP","floor":38},{"not_picked":["Perfected Strike","Cleave+1"],"picked":"Ghostly Armor","floor":41},{"not_picked":["Perfected Strike","Shrug It Off+1"],"picked":"Seeing Red+1","floor":42},{"not_picked":["Warcry","Armaments"],"picked":"Seeing Red+1","floor":45},{"not_picked":["Clothesline+1","Flex"],"picked":"Evolve+1","floor":48},{"not_picked":["Clothesline","Combust+1"],"picked":"Burning Pact","floor":54}],"player_experience":128758,"relics_obtained":[{"floor":6.0,"key":"CaptainsWheel"},{"floor":26,"key":"Pear"},{"floor":26,"key":"Toy Ornithopter"},{"floor":31,"key":"Enchiridion"},{"floor":43,"key":"Dream Catcher"},{"floor":43,"key":"Boot"},{"floor":44,"key":"Magic Flower"},{"floor":54,"key":"Shuriken"}],"event_choices":[{"cards_removed":["Strike_R"],"damage_healed":0.0,"max_hp_gain":0.0,"max_hp_loss":0.0,"gold_gain":0.0,"event_name":"Purifier","player_choice":"Purged","floor":5.0,"gold_loss":0.0,"damage_taken":0.0},{"damage_healed":0.0,"max_hp_gain":0.0,"max_hp_loss":0.0,"gold_gain":0.0,"cards_transformed":["Strike_R"],"event_name":"Living Wall","player_choice":"Change","floor":12.0,"gold_loss":0.0,"damage_taken":0.0,"cards_obtained":["Dropkick"]},{"damage_healed":0.0,"max_hp_gain":0.0,"max_hp_loss":0.0,"gold_gain":0.0,"event_name":"NoteForYourself","player_choice":"Ignored","floor":13.0,"gold_loss":0.0,"damage_taken":0.0},{"damage_healed":0,"gold_gain":0,"player_choice":"Upgraded Two","damage_taken":0,"max_hp_gain":0,"max_hp_loss":0,"event_name":"Designer","floor":20,"gold_loss":40,"cards_upgraded":["Dropkick","Pommel Strike"]},{"damage_healed":0,"gold_gain":0,"player_choice":"Opened","damage_taken":0,"relics_obtained":["Matryoshka"],"max_hp_gain":0,"max_hp_loss":0,"event_name":"The Mausoleum","floor":25,"gold_loss":0},{"cards_removed":["Strike_R"],"damage_healed":0,"gold_gain":0,"player_choice":"Gave Gold","damage_taken":0,"max_hp_gain":0,"max_hp_loss":0,"event_name":"Beggar","floor":28,"gold_loss":75},{"damage_healed":0,"gold_gain":0,"player_choice":"Obtained Book","damage_taken":16,"max_hp_gain":0,"max_hp_loss":0,"event_name":"Cursed Tome","floor":31,"gold_loss":0},{"damage_healed":0,"gold_gain":0,"player_choice":"Embrace Madness","damage_taken":10,"max_hp_gain":0,"max_hp_loss":0,"event_name":"Winding Halls","floor":36,"gold_loss":0,"cards_obtained":["Madness","Madness"]},{"damage_healed":0,"gold_gain":0,"player_choice":"Bought 3 Potions","damage_taken":0,"max_hp_gain":0,"max_hp_loss":0,"event_name":"The Woman in Blue","floor":37,"gold_loss":0},{"damage_healed":0,"gold_gain":0,"player_choice":"Fight","damage_taken":0,"max_hp_gain":0,"max_hp_loss":0,"event_name":"MindBloom","floor":44,"gold_loss":0},{"damage_healed":0,"gold_gain":0,"player_choice":"Paid","damage_taken":0,"relics_obtained":["Red Mask"],"max_hp_gain":0,"max_hp_loss":0,"event_name":"Tomb of Lord Red Mask","floor":47,"gold_loss":15}],"is_beta":false,"boss_relics":[{"not_picked":["Runic Pyramid","Sozu"],"picked":"Black Blood"},{"not_picked":["Empty Cage","Tiny House"],"picked":"SacredBark"}],"items_purged_floors":[19],"is_endless":false,"potions_floor_spawned":[3,10,14,16,18,30,33,41,42,45],"ascension_level":0}}