{"host":"h7b7nh0hjuoqte6b","time":1609661441,"event":{"mods":["AlwaysNeverKeys","BaseMod","Colored Map","Colored Powertips","Custom Start","Grow up Mod","Highlight Path","Minty Spire (QoL Compilation)","Remove Card Discount Mod","Replay The Spire","StSLib","The Bladedancer","The Necromancer","The Servant 0.9.4"],"gold_per_floor":[117,117,127,147,158,192,192,117,117,117,135,121,121,131,131,230,230,220,230,145,163,163,192,192,192,216,57,57,91,101,118,118,223,223,243,243,169,221,231,261,261,279,279,279,308,328,405,424,424,424,424,424,376,406,406],"floor_reached":56,"playtime":8607,"items_purged":["Defend_W","Defend_W","Defend_W","Strike_W","Strike_W","Strike_W","Strike_W"],"score":1297,"play_id":"956e7d60-a741-4a60-9e7b-8985aee8e9d8","local_time":"20210103001041","is_ascension_mode":false,"campfire_choices":[{"data":"Bones_to_Steel","floor":7,"key":"SMITH"},{"data":"Bone_Armory","floor":10,"key":"SMITH"},{"data":"Bone_Armor","floor":13,"key":"SMITH"},{"data":"Finger_Of_Death","floor":15,"key":"SMITH"},{"data":"Summon_Vampire_Lady","floor":24,"key":"SMITH"},{"data":"Summon_Undead_Army","floor":28,"key":"SMITH"},{"data":"Summon_Lich","floor":32,"key":"SMITH"},{"data":"Spectral_Walk","floor":41,"key":"SMITH"},{"data":"Bone_Armory","floor":44,"key":"SMITH"},{"data":"Shade_Step","floor":49,"key":"SMITH"},{"data":"Summon_Undead_Army","floor":52,"key":"SMITH"}],"circlet_count":0,"master_deck":["Negative_Energy_Arrows+1","Bone_Wall+1","Spectral_Walk+1","Blood_Curse","Bones_to_Steel+1","Negative_Energy_Shield","Bone_Armor+1","Bone_Armory+1","Finger_Of_Death+1","Summon_Vampire_Lady+1","Necrotic_Claws+1","Bone_Prison+1","Spectral_Walk+1","Spectral_Armor","Summon_Undead_Army+1","Summon_Lich+1","Bone_Armor","Detonate_Bones","Bone_Bullets","Bone_Armory+1","Bone_Bullets+1","Bone_Armory+1","Summon_Undead_Army+1","Life_Tap","Shade_Step+1","Bone_Shift"],"relics":["Vampire_Amulet","White Beast Statue","Chameleon Ring","SlaversCollar","Centennial Puzzle","StrikeDummy","Bronze Scales","Replay:Wax Seal","Singing Bowl","Coffee Dripper","Torii","Pet Ghost","Potion Belt","Replay:Bottled Steam","War Paint","Whetstone"],"acts_visited":["Exordium","TheCity","TheBeyond","TheEnding"],"potions_floor_usage":[18],"damage_taken":[{"damage":11,"enemies":"Small Slimes","floor":1,"turns":5},{"damage":0,"enemies":"Cultist","floor":3,"turns":4},{"damage":0,"enemies":"Jaw Worm","floor":4,"turns":4},{"damage":1,"enemies":"Looter","floor":5,"turns":4},{"damage":48,"enemies":"Gremlin Nob","floor":6,"turns":7},{"damage":4,"enemies":"Blue Slaver","floor":11,"turns":12},{"damage":0,"enemies":"Exordium Wildlife","floor":14,"turns":8},{"damage":31,"enemies":"Hexaghost","floor":16,"turns":39},{"damage":16,"enemies":"2 Thieves","floor":18,"turns":4},{"damage":4,"enemies":"Spheric Guardian","floor":19,"turns":8},{"damage":27,"enemies":"Shelled Parasite and Fungi","floor":21,"turns":10},{"damage":31,"enemies":"Slavers","floor":23,"turns":12},{"damage":8,"enemies":"Book of Stabbing","floor":29,"turns":7},{"damage":7,"enemies":"Snake Plant","floor":30,"turns":5},{"damage":12,"enemies":"Centurion and Healer","floor":31,"turns":7},{"damage":0,"enemies":"Automaton","floor":33,"turns":14},{"damage":16,"enemies":"3 Shapes","floor":35,"turns":3},{"damage":72,"enemies":"2 Orb Walkers","floor":38,"turns":9},{"damage":0,"enemies":"Orb Walker","floor":39,"turns":4},{"damage":13,"enemies":"Nemesis","floor":40,"turns":9},{"damage":26,"enemies":"Maw","floor":42,"turns":10},{"damage":6,"enemies":"Giant Head","floor":45,"turns":10},{"damage":28,"enemies":"Spire Growth","floor":46,"turns":7},{"damage":34,"enemies":"4 Shapes","floor":48,"turns":6},{"damage":22,"enemies":"Time Eater","floor":50,"turns":11},{"damage":40,"enemies":"Shield and Spear","floor":54,"turns":6},{"damage":76,"enemies":"The Heart","floor":55,"turns":12}],"seed_played":"2660741251720006174","potions_obtained":[{"floor":5,"key":"Energy Potion"},{"floor":11,"key":"LiquidMemories"},{"floor":14,"key":"Strength Potion"},{"floor":16,"key":"FearPotion"},{"floor":18,"key":"ColorlessPotion"},{"floor":54,"key":"PowerPotion"}],"is_trial":false,"path_per_floor":["M","?","M","M","M","E","R","$","T","R","M","$","R","M","R","B",null,"M","M","?","M","T","E","R","?","T","$","R","E","M","M","R","B",null,"M","?","$","?","M","E","R","M","T","R","E","M","?","M","R","B",null,"R","$","E","B",null],"character_chosen":"NECROMANCER","items_purchased":["Bone_Armory","Spectral_Armor","Summon_Undead_Army","Bone_Armory","Bone_Shift"],"campfire_rested":0,"item_purchase_floors":[8,27,27,37,53],"current_hp_per_floor":[88,98,110,122,133,97,107,117,127,137,145,155,165,179,189,170,255,260,268,278,274,284,290,300,335,345,355,365,377,387,396,406,417,427,433,425,435,391,405,427,437,446,456,466,496,486,496,492,502,513,583,593,603,591,560],"gold":406,"neow_bonus":"UPGRADE_CARD","is_daily":false,"chose_seed":false,"campfire_upgraded":11,"win_rate":0.0,"timestamp":1609661441,"path_taken":["M","?","M","?","M","E","R","$","T","R","M","$","R","M","R","BOSS","M","M","?","M","?","E","R","?","T","$","R","E","?","M","R","BOSS","M","?","$","?","M","E","R","M","T","R","E","M","?","M","R","BOSS","R","$","E","BOSS"],"items_purchased_type":["Card","Card","Card","Card","Card"],"build_version":"2020-12-22","purchased_purges":7,"victory":true,"max_hp_per_floor":[95,105,115,125,135,145,155,165,175,185,195,205,215,225,235,245,255,265,275,285,295,305,315,325,335,345,355,365,377,387,397,407,417,427,437,425,435,447,459,471,481,493,503,513,523,533,543,553,563,573,583,593,603,615,625],"card_choices":[{"not_picked":["Death_March_Dance","Consume_Illness"],"picked":"Spectral_Walk","floor":1},{"not_picked":["Epidemic","Uncharnel"],"picked":"Blood_Curse","floor":3},{"not_picked":["Uncharnel","Blood_Curse"],"picked":"Bones_to_Steel","floor":4},{"not_picked":["Negative_Energy_Javelin","Death_March_Dance"],"picked":"Negative_Energy_Shield","floor":5},{"not_picked":["Chill_Blood","Thousand_Bone_Knives"],"picked":"Bone_Armor","floor":6},{"not_picked":["Violent_Necrosis","Bones_to_Steel","Reap_The_Weak"],"picked":"SKIP","floor":11},{"not_picked":["Corrupt","Life_Tap"],"picked":"Finger_Of_Death","floor":14},{"not_picked":["Hellfire","Cloudkill"],"picked":"Summon_Vampire_Lady","floor":16},{"not_picked":["Shade_Step","Death_Coil"],"picked":"Necrotic_Claws","floor":18},{"not_picked":["Bone_Spikes","Finger_Of_Death"],"picked":"Bone_Prison","floor":19},{"not_picked":["Death_Knell","Toxic_Smoke_Screen+1","Bones_to_Steel"],"picked":"SKIP","floor":21},{"not_picked":["Reap_The_Weak","Toxic_Smoke_Screen"],"picked":"Spectral_Walk","floor":23},{"not_picked":["Death_Coil","Plague_Bolt+1","Bone_Prison+1"],"picked":"Singing Bowl","floor":29},{"not_picked":["Consume_Illness","Blood_Shield+1"],"picked":"Summon_Lich","floor":30},{"not_picked":["Negative_Energy_Javelin","Acid_Javelin"],"picked":"Bone_Armor","floor":31},{"not_picked":["Hellfire","Blood_Wake"],"picked":"Detonate_Bones","floor":33},{"not_picked":["Consume_Illness+1","Bone_Armory+1"],"picked":"Bone_Bullets","floor":35},{"not_picked":["Toxic_Smoke_Screen+1","Death_March_Dance","Spectral_Walk"],"picked":"Singing Bowl","floor":38},{"not_picked":["Whirlwind_of_Bones","Necromantic_Selection","Plague_Bolt"],"picked":"Singing Bowl","floor":39},{"not_picked":["Blood_for_Blood+1","Thousand_Bone_Knives+1","Violent_Necrosis+1"],"picked":"Singing Bowl","floor":40},{"not_picked":["Blood_for_Blood","Summon_Undead","Death_Coil"],"picked":"Singing Bowl","floor":42},{"not_picked":["Chill_Blood","Death_March_Dance+1"],"picked":"Bone_Bullets+1","floor":45},{"not_picked":["Consume_Illness","Negative_Energy_Javelin+1"],"picked":"Bone_Armory+1","floor":46},{"not_picked":["Strike_from_Beyond","Slay_Living"],"picked":"Summon_Undead_Army","floor":47},{"not_picked":["Consume_Illness+1","Negative_Energy_Burst+1"],"picked":"Life_Tap","floor":47},{"not_picked":["Bone_Spikes+1","Deaths_Shadow"],"picked":"Shade_Step","floor":48},{"not_picked":["Death_Coil+1","Bones_to_Steel+1","Blood_Whip+1"],"picked":"Singing Bowl","floor":54}],"player_experience":322649,"relics_obtained":[{"floor":6,"key":"White Beast Statue"},{"floor":9,"key":"Chameleon Ring"},{"floor":22,"key":"StrikeDummy"},{"floor":23,"key":"Bronze Scales"},{"floor":26,"key":"Replay:Wax Seal"},{"floor":29,"key":"Singing Bowl"},{"floor":38,"key":"Torii"},{"floor":40,"key":"Pet Ghost"},{"floor":43,"key":"Potion Belt"},{"floor":45,"key":"Replay:Bottled Steam"},{"floor":47,"key":"War Paint"},{"floor":54,"key":"Whetstone"}],"event_choices":[{"cards_removed":["Defend_W"],"damage_healed":0,"gold_gain":0,"player_choice":"Offered Basic","damage_taken":0,"max_hp_gain":0,"max_hp_loss":0,"event_name":"Bonfire Elementals","floor":2,"gold_loss":0},{"damage_healed":0,"gold_gain":0,"player_choice":"Obtained Relic","damage_taken":0,"relics_obtained":["Centennial Puzzle"],"max_hp_gain":0,"max_hp_loss":0,"event_name":"Addict","floor":20,"gold_loss":85},{"damage_healed":107,"gold_gain":0,"player_choice":"Heal","damage_taken":0,"max_hp_gain":0,"max_hp_loss":0,"event_name":"The Library","floor":25,"gold_loss":0},{"damage_healed":0,"gold_gain":0,"player_choice":"Max HP","damage_taken":0,"max_hp_gain":0,"max_hp_loss":22,"event_name":"Winding Halls","floor":36,"gold_loss":0},{"damage_healed":0,"gold_gain":0,"player_choice":"Fight","damage_taken":0,"max_hp_gain":0,"max_hp_loss":0,"event_name":"Mysterious Sphere","floor":38,"gold_loss":0}],"is_beta":false,"boss_relics":[{"not_picked":["Cursed Key","Ring of Chaos"],"picked":"SlaversCollar"},{"not_picked":["ChewingGum","Tiny House"],"picked":"Coffee Dripper"}],"items_purged_floors":[12,12,12,12,12,12,12],"is_endless":false,"potions_floor_spawned":[5,11,14,16,18,19,21,23,29,30,31,33,35,38,39,40,42,45,46,48,54],"ascension_level":0}}