{"host":"ppgxiu8l5yxvf2gn","time":1609672674,"event":{"mods":["BaseMod","CapriCore","KinomotoSakuraMod(ÙÊñýÜâ?)","Koishi","Marisa£¨Ùöéë¡¡Øª×âÞÞ£©","Minty Spire (QoL Compilation)","Prisma Mod","StSLib","Td1madao Mod","The Immortal","WarShipGirlsR/??á´Ò³R mod"],"gold_per_floor":[110,110,128,144,219,219,244,244,268,268,296,311,331,348,348,447,447,464,479,497,422,382,415,428,459,505,534,534,549,568,99,99,204,204,222,222,222,234,254,254,288,56,56,75,86,86,99,117,117,117,117,117,23,49,49],"floor_reached":56,"playtime":4615,"items_purged":["MokouMod:Defend"],"score":1303,"play_id":"29ab429d-3fef-432a-a8a1-9c2ec553baca","local_time":"20210103201754","is_ascension_mode":false,"campfire_choices":[{"floor":6,"key":"RECALL"},{"data":"MokouMod:Refresh","floor":8,"key":"SMITH"},{"data":"MokouMod:HouraiForge","floor":15,"key":"SMITH"},{"data":"MokouMod:BurningDraft","floor":32,"key":"SMITH"},{"data":"MokouMod:SpontaneousHumanCombustion","floor":40,"key":"SMITH"},{"data":"MokouMod:EnchantingBambooForest","floor":46,"key":"SMITH"},{"data":"MokouMod:RadiantBlade","floor":49,"key":"SMITH"},{"data":"MokouMod:HouraiForge","floor":52,"key":"SMITH"}],"circlet_count":0,"master_deck":["MokouMod:Strike","MokouMod:Strike","MokouMod:Strike","MokouMod:Strike","MokouMod:Strike","MokouMod:HeatSpark","MokouMod:AdaptivePyromancy","MokouMod:IndiscriminateIgnition","MokouMod:Overheat","MokouMod:Refresh+1","MokouMod:HouraiForge+1","MokouMod:Sear","MokouMod:Overheat","MokouMod:IndiscriminateIgnition","MokouMod:SpontaneousHumanCombustion+1","CurseOfTheBell","MokouMod:ImperishableFlame","MokouMod:GuidingSmoke","MokouMod:BurningDraft+1","MokouMod:ControlledCombustion","MokouMod:TemporalFireSeal","MokouMod:CrimsonArmoury","MokouMod:ResonatingAura","MokouMod:ResonatingAura","MokouMod:RoaringFlare","MokouMod:FujiyamaVolcano","MokouMod:IgnitionBlast","MokouMod:AdaptivePyromancy","MokouMod:FujiyamaVolcano+1","Discovery","MokouMod:TemporalFireSeal","MokouMod:FusionFlare","MokouMod:BurningDraft+1","MokouMod:EnchantingBambooForest+1","MokouMod:RoaringFlare+1","Blind","Swift Strike","Finesse","MokouMod:IgneousBlow","MokouMod:Scorch","MokouMod:FusionFlare","MokouMod:HouraiForge+1","MokouMod:IllusoryBattlefield","MokouMod:SearingShot","MokouMod:IndiscriminateIgnition+1","MokouMod:TemporalFireSeal+1","MokouMod:RadiantBlade+1","Jack Of All Trades","MokouMod:Overheat+1"],"relics":["MokouMod:PhoenixFeather","Lantern","Du-Vu Doll","Calling Bell","Pen Nib","Eternal Feather","Mango","Blood Vial","Letter Opener","Dream Catcher","MealTicket","Enchiridion","Bag of Preparation","Runic Pyramid","Vajra","Frozen Eye","Regal Pillow","Oddly Smooth Stone"],"acts_visited":["Exordium","TheCity","TheBeyond","TheEnding"],"potions_floor_usage":[16,16,16,27,33,55],"damage_taken":[{"damage":10,"enemies":"2 Louse","floor":1,"turns":3},{"damage":11,"enemies":"Jaw Worm","floor":3,"turns":3},{"damage":6,"enemies":"Cultist","floor":4,"turns":3},{"damage":34,"enemies":"Gremlin Nob","floor":7,"turns":5},{"damage":29,"enemies":"3 Sentries","floor":11,"turns":7},{"damage":16,"enemies":"Large Slime","floor":12,"turns":4},{"damage":16,"enemies":"3 Louse","floor":13,"turns":3},{"damage":6,"enemies":"Exordium Thugs","floor":14,"turns":3},{"damage":57,"enemies":"The Guardian","floor":16,"turns":9},{"damage":21,"enemies":"Spheric Guardian","floor":18,"turns":4},{"damage":30,"enemies":"Shell Parasite","floor":19,"turns":4},{"damage":33,"enemies":"Snake Plant","floor":20,"turns":4},{"damage":51,"enemies":"Book of Stabbing","floor":23,"turns":5},{"damage":42,"enemies":"Sentry and Sphere","floor":24,"turns":5},{"damage":71,"enemies":"Gremlin Leader","floor":25,"turns":8},{"damage":97,"enemies":"Slavers","floor":27,"turns":5},{"damage":42,"enemies":"Snecko","floor":29,"turns":5},{"damage":35,"enemies":"3 Cultists","floor":30,"turns":5},{"damage":43,"enemies":"Collector","floor":33,"turns":4},{"damage":21,"enemies":"3 Darklings","floor":35,"turns":2},{"damage":25,"enemies":"Orb Walker","floor":38,"turns":3},{"damage":37,"enemies":"Jaw Worm Horde","floor":39,"turns":4},{"damage":67,"enemies":"Giant Head","floor":41,"turns":7},{"damage":15,"enemies":"Writhing Mass","floor":44,"turns":2},{"damage":4,"enemies":"Spire Growth","floor":45,"turns":3},{"damage":27,"enemies":"4 Shapes","floor":47,"turns":1},{"damage":0,"enemies":"Jaw Worm Horde","floor":48,"turns":2},{"damage":0,"enemies":"Time Eater","floor":50,"turns":3},{"damage":52,"enemies":"Shield and Spear","floor":54,"turns":4},{"damage":275,"enemies":"The Heart","floor":55,"turns":10}],"seed_played":"4226049868636748566","potions_obtained":[{"floor":4,"key":"EssenceOfSteel"},{"floor":7,"key":"Block Potion"},{"floor":11,"key":"EssenceOfSteel"},{"floor":13,"key":"BlessingOfTheForge"},{"floor":16,"key":"SkillPotion"},{"floor":20,"key":"DistilledChaos"},{"floor":23,"key":"Weak Potion"},{"floor":27,"key":"DuplicationPotion"},{"floor":29,"key":"ColorlessPotion"},{"floor":30,"key":"PowerPotion"},{"floor":33,"key":"EssenceOfSteel"},{"floor":39,"key":"CultistPotion"},{"floor":44,"key":"BlessingOfTheForge"}],"is_trial":false,"path_per_floor":["M","?","M","M","?","R","E","R","T","?","E","M","M","M","R","B",null,"M","M","M","?","?","E","M","E","T","E","?","M","M","$","R","B",null,"M","?","?","M","M","R","E","$","T","M","M","R","M","M","R","B",null,"R","$","E","B",null],"character_chosen":"MKU","items_purchased":["Bag of Preparation","Discovery","MokouMod:TemporalFireSeal","MokouMod:FusionFlare","MokouMod:BurningDraft","MokouMod:IllusoryBattlefield","Frozen Eye","Jack Of All Trades"],"campfire_rested":0,"item_purchase_floors":[31,31,31,31,31,42,42,53],"current_hp_per_floor":[8190,8183,8172,8166,8155,8155,8121,8121,8121,8121,8092,8076,8060,8054,8054,7997,9834,9813,9783,9750,9750,9750,9699,9659,9590,9590,9495,9479,9439,9406,9421,9439,9398,9834,9813,9803,9803,9780,9745,9769,9704,9719,9719,9706,9704,9731,9706,9708,9735,9737,9834,9834,9834,9782,9509],"gold":49,"neow_bonus":"TEN_PERCENT_HP_BONUS","is_daily":false,"chose_seed":false,"campfire_upgraded":7,"win_rate":0.0,"timestamp":1609672674,"path_taken":["M","?","M","M","?","R","E","R","T","?","E","M","M","M","R","BOSS","M","M","M","?","?","E","M","E","T","E","?","M","M","?","R","BOSS","M","?","?","M","M","R","E","$","T","?","M","R","M","M","R","BOSS","R","$","E","BOSS"],"items_purchased_type":["Relic","Card","Card","Card","Card","Card","Relic","Card"],"build_version":"2020-12-22","purchased_purges":1,"victory":true,"max_hp_per_floor":[9820,9820,9820,9820,9820,9820,9820,9820,9820,9820,9820,9820,9820,9820,9820,9820,9834,9834,9834,9834,9834,9834,9834,9834,9834,9834,9834,9834,9834,9834,9834,9834,9834,9834,9834,9834,9834,9834,9834,9834,9834,9834,9834,9834,9834,9834,9834,9834,9834,9834,9834,9834,9834,9834,9834],"card_choices":[{"not_picked":["MokouMod:UncontrollableSolarReaction","MokouMod:HeatCyclone"],"picked":"MokouMod:AdaptivePyromancy","floor":1},{"not_picked":["MokouMod:GuidingSmoke","MokouMod:PhoenixFeathers"],"picked":"MokouMod:IndiscriminateIgnition","floor":3},{"not_picked":["MokouMod:Burn","MokouMod:ScorchingColumn"],"picked":"MokouMod:Overheat","floor":4},{"not_picked":["MokouMod:RetainTemperature","MokouMod:Scorch"],"picked":"MokouMod:Refresh","floor":7},{"not_picked":["MokouMod:Scorch","MokouMod:IndiscriminateIgnition"],"picked":"MokouMod:HouraiForge","floor":11},{"not_picked":["MokouMod:FlareStarter","MokouMod:FujiyamaVolcano"],"picked":"MokouMod:Sear","floor":12},{"not_picked":["MokouMod:IgneousBlow","MokouMod:ScorchingColumn"],"picked":"MokouMod:Overheat","floor":13},{"not_picked":["MokouMod:IgneousBlow","MokouMod:Ember"],"picked":"MokouMod:IndiscriminateIgnition","floor":14},{"not_picked":["MokouMod:Rekindle","MokouMod:SacredFire"],"picked":"MokouMod:SpontaneousHumanCombustion","floor":16},{"not_picked":["MokouMod:ControlledCombustion","MokouMod:Firecracker+1"],"picked":"MokouMod:ImperishableFlame","floor":18},{"not_picked":["MokouMod:RoaringFlare","MokouMod:InfernalWave"],"picked":"MokouMod:GuidingSmoke","floor":19},{"not_picked":["MokouMod:Singe+1","MokouMod:InfernalWave"],"picked":"MokouMod:BurningDraft+1","floor":20},{"not_picked":[],"picked":"MokouMod:ControlledCombustion","floor":22},{"not_picked":[],"picked":"MokouMod:TemporalFireSeal","floor":22},{"not_picked":[],"picked":"MokouMod:CrimsonArmoury","floor":22},{"not_picked":[],"picked":"MokouMod:ResonatingAura","floor":22},{"not_picked":["MokouMod:ControlledCombustion","MokouMod:BlazingComet"],"picked":"MokouMod:ResonatingAura","floor":23},{"not_picked":["MokouMod:Firecracker+1","MokouMod:Ember"],"picked":"MokouMod:RoaringFlare","floor":24},{"not_picked":["MokouMod:Firecracker","MokouMod:Combust"],"picked":"MokouMod:FujiyamaVolcano","floor":25},{"not_picked":["MokouMod:AdaptivePyromancy","MokouMod:ProfanedFlare"],"picked":"MokouMod:IgnitionBlast","floor":27},{"not_picked":["MokouMod:InfernalWave+1","MokouMod:IgneousBlow"],"picked":"MokouMod:AdaptivePyromancy","floor":29},{"not_picked":["MokouMod:ResoluteFlare","MokouMod:Firecracker+1"],"picked":"MokouMod:FujiyamaVolcano+1","floor":30},{"not_picked":["MokouMod:Ventilation","MokouMod:RadiantBlade"],"picked":"MokouMod:EnchantingBambooForest","floor":33},{"not_picked":["MokouMod:HeatFactory","MokouMod:BlazingComet+1"],"picked":"MokouMod:RoaringFlare+1","floor":35},{"not_picked":["Thinking Ahead","Purity"],"picked":"Blind","floor":36},{"not_picked":["PanicButton","Dark Shackles"],"picked":"Swift Strike","floor":36},{"not_picked":["Good Instincts","Forethought"],"picked":"Finesse","floor":36},{"not_picked":["MokouMod:Stoke","MokouMod:ScorchingColumn"],"picked":"MokouMod:Scorch","floor":38},{"not_picked":["MokouMod:Stoke","MokouMod:UncontrollableSolarReaction+1"],"picked":"MokouMod:FusionFlare","floor":39},{"not_picked":["MokouMod:FujiyamaVolcano","MokouMod:Overheat+1"],"picked":"MokouMod:HouraiForge","floor":41},{"not_picked":["MokouMod:IgnitionBarrier","MokouMod:SubterraneanCore"],"picked":"MokouMod:SearingShot","floor":44},{"not_picked":["MokouMod:UncontrollableSolarReaction","MokouMod:AdaptivePyromancy+1"],"picked":"MokouMod:IndiscriminateIgnition+1","floor":45},{"not_picked":["MokouMod:FujiyamaVolcano+1","MokouMod:AdaptivePyromancy+1"],"picked":"MokouMod:TemporalFireSeal+1","floor":47},{"not_picked":["MokouMod:AdaptivePyromancy+1","MokouMod:TemporalFireSeal+1"],"picked":"MokouMod:RadiantBlade","floor":48},{"not_picked":["MokouMod:HeartofFire","MokouMod:ResoluteFlare"],"picked":"MokouMod:Overheat+1","floor":54}],"player_experience":70950,"relics_obtained":[{"floor":7,"key":"Lantern"},{"floor":11,"key":"Du-Vu Doll"},{"floor":17,"key":"Pen Nib"},{"floor":17,"key":"Eternal Feather"},{"floor":17,"key":"Mango"},{"floor":23,"key":"Blood Vial"},{"floor":25,"key":"Letter Opener"},{"floor":26,"key":"Dream Catcher"},{"floor":27,"key":"MealTicket"},{"floor":28,"key":"Enchiridion"},{"floor":41,"key":"Vajra"},{"floor":43,"key":"Regal Pillow"},{"floor":54,"key":"Oddly Smooth Stone"}],"event_choices":[{"cards_removed":["MokouMod:Defend"],"damage_healed":0,"gold_gain":0,"player_choice":"Card Removal","damage_taken":7,"max_hp_gain":0,"max_hp_loss":0,"event_name":"Golden Wing","floor":2,"gold_loss":0},{"damage_healed":0,"gold_gain":75,"player_choice":"Gather Gold","damage_taken":11,"max_hp_gain":0,"max_hp_loss":0,"event_name":"World of Goop","floor":5,"gold_loss":0},{"cards_removed":["MokouMod:Defend"],"damage_healed":0,"gold_gain":0,"player_choice":"Purged","damage_taken":0,"max_hp_gain":0,"max_hp_loss":0,"event_name":"Purifier","floor":10,"gold_loss":0},{"cards_removed":["MokouMod:Defend"],"damage_healed":0,"gold_gain":0,"player_choice":"Gave Gold","damage_taken":0,"max_hp_gain":0,"max_hp_loss":0,"event_name":"Beggar","floor":21,"gold_loss":75},{"damage_healed":0,"gold_gain":0,"player_choice":"Obtained Book","damage_taken":16,"max_hp_gain":0,"max_hp_loss":0,"event_name":"Cursed Tome","floor":28,"gold_loss":0},{"damage_healed":0,"gold_gain":0,"player_choice":"Memory 3","damage_taken":10,"max_hp_gain":0,"max_hp_loss":0,"event_name":"SensoryStone","floor":36,"gold_loss":0},{"damage_healed":0,"gold_gain":0,"player_choice":"1 cards matched","damage_taken":0,"max_hp_gain":0,"max_hp_loss":0,"event_name":"Match and Keep!","floor":37,"gold_loss":0,"cards_obtained":["MokouMod:IgneousBlow"]}],"is_beta":false,"boss_relics":[{"not_picked":["Sozu","Empty Cage"],"picked":"Calling Bell"},{"not_picked":["SlaversCollar","SacredBark"],"picked":"Runic Pyramid"}],"items_purged_floors":[31],"is_endless":false,"potions_floor_spawned":[4,7,11,13,16,20,23,27,29,30,33,39,44,45,48,54],"ascension_level":0}}