{"host":"my77oq6kb6j47rwl","time":1609707121,"event":{"mods":["BaseMod","Better Third Choice","Colored Map","Curses Come First","Displayed Cursed Tome","Emptier Cage","Hermit","Ironclad Rager","Minty Spire (QoL Compilation)","Quick Restart","Rare Cards Sparkle","StSLib"],"gold_per_floor":[116,131,131,142,153,181,199,217,217,235,8,8,8,24,24,119,119,139,150,162,172,16,48,48,48],"floor_reached":24,"playtime":3078,"items_purged":["hermit:Strike_Hermit"],"score":224,"play_id":"1747a09c-21da-4f27-aaa7-f18ad963fea3","local_time":"20210103155201","is_ascension_mode":false,"campfire_choices":[{"floor":13,"key":"REST"},{"floor":15,"key":"REST"}],"circlet_count":0,"master_deck":["hermit:Strike_Hermit","hermit:Strike_Hermit","hermit:Defend_Hermit","hermit:Defend_Hermit","hermit:Defend_Hermit","hermit:Defend_Hermit","hermit:Snapshot","hermit:Covet","Regret","Mayhem","hermit:Maintenance","hermit:GhostlyPresence","Pain","hermit:ShadowCloak","hermit:Vantage","hermit:NoHoldsBarred","hermit:TakeAim","hermit:BigShot","hermit:Horror","hermit:Gambit","hermit:Dive","hermit:Determination+1","hermit:Ricochet+1","hermit:Brawl","hermit:Reprieve","hermit:Vantage+1"],"relics":["hermit:Momento","WarpedTongs","Thread and Needle","Eternal Feather","Orichalcum","Busted Crown","Bag of Preparation"],"acts_visited":["Exordium","TheCity"],"potions_floor_usage":[7,23,23,23],"damage_taken":[{"damage":1,"enemies":"Cultist","floor":1,"turns":3},{"damage":6,"enemies":"Jaw Worm","floor":2,"turns":5},{"damage":6,"enemies":"Small Slimes","floor":4,"turns":4},{"damage":26,"enemies":"Exordium Thugs","floor":5,"turns":6},{"damage":14,"enemies":"3 Sentries","floor":6,"turns":10},{"damage":4,"enemies":"Lots of Slimes","floor":7,"turns":5},{"damage":15,"enemies":"Large Slime","floor":8,"turns":5},{"damage":0,"enemies":"Exordium Thugs","floor":10,"turns":6},{"damage":4,"enemies":"Lots of Slimes","floor":14,"turns":2},{"damage":23,"enemies":"Slime Boss","floor":16,"turns":10},{"damage":4,"enemies":"Shell Parasite","floor":18,"turns":8},{"damage":19,"enemies":"Chosen","floor":19,"turns":8},{"damage":13,"enemies":"Sentry and Sphere","floor":20,"turns":8},{"damage":2,"enemies":"Snecko","floor":21,"turns":5},{"damage":21,"enemies":"Slavers","floor":23,"turns":4},{"damage":17,"enemies":"3 Cultists","floor":24,"turns":5}],"seed_played":"-7280535818018748346","potions_obtained":[{"floor":1,"key":"ColorlessPotion"},{"floor":5,"key":"BlessingOfTheForge"},{"floor":7,"key":"Dexterity Potion"},{"floor":8,"key":"ColorlessPotion"}],"is_trial":false,"path_per_floor":["M","M","?","M","M","E","M","M","T","M","$","?","R","M","R","B",null,"M","M","M","M","$","E","M"],"character_chosen":"HERMIT","items_purchased":["Orichalcum","hermit:Reprieve"],"campfire_rested":2,"item_purchase_floors":[11,22],"current_hp_per_floor":[74,68,68,62,36,22,18,3,3,3,3,3,34,30,61,38,75,71,52,39,37,37,16,0,0],"gold":48,"neow_bonus":"RANDOM_COLORLESS_2","is_daily":false,"chose_seed":false,"campfire_upgraded":0,"win_rate":0.0,"timestamp":1609707121,"path_taken":["M","M","?","M","M","E","M","M","T","?","?","?","R","M","R","BOSS","M","M","M","M","$","E","M"],"items_purchased_type":["Relic","Card"],"build_version":"2020-12-22","purchased_purges":1,"victory":false,"max_hp_per_floor":[75,75,75,75,75,75,75,75,75,75,75,75,75,75,75,75,75,75,75,75,75,75,75,75,75],"card_choices":[{"not_picked":["Sadistic Nature","Violence"],"picked":"Mayhem","floor":0},{"not_picked":["hermit:Glare","hermit:HoleUp"],"picked":"hermit:Maintenance","floor":1},{"not_picked":["hermit:Malice","hermit:NoHoldsBarred"],"picked":"hermit:GhostlyPresence","floor":2},{"not_picked":["hermit:HighCaliber","hermit:Glare"],"picked":"hermit:ShadowCloak","floor":4},{"not_picked":["hermit:Quickdraw","hermit:Malice"],"picked":"hermit:Vantage","floor":5},{"not_picked":["hermit:Coalescence","hermit:Shortfuse","hermit:Virtue"],"picked":"SKIP","floor":6},{"not_picked":["hermit:WideOpen","hermit:Feint"],"picked":"hermit:NoHoldsBarred","floor":7},{"not_picked":["hermit:Ricochet","hermit:Purgatory"],"picked":"hermit:TakeAim","floor":8},{"not_picked":["hermit:Ricochet","hermit:Brawl"],"picked":"hermit:BigShot","floor":10},{"not_picked":["hermit:Glare","hermit:WideOpen"],"picked":"hermit:Horror","floor":14},{"not_picked":["hermit:EternalForm","hermit:RoundhouseKick"],"picked":"hermit:Gambit","floor":16},{"not_picked":[],"picked":"hermit:Dive","floor":18},{"not_picked":[],"picked":"hermit:Determination+1","floor":19},{"not_picked":[],"picked":"hermit:Ricochet+1","floor":20},{"not_picked":[],"picked":"hermit:Brawl","floor":21},{"not_picked":[],"picked":"hermit:Vantage+1","floor":23}],"player_experience":1044082,"relics_obtained":[{"floor":6,"key":"Thread and Needle"},{"floor":9,"key":"Eternal Feather"},{"floor":23,"key":"Bag of Preparation"}],"event_choices":[{"damage_healed":0,"gold_gain":0,"player_choice":"Rummage","damage_taken":0,"relics_obtained":["WarpedTongs"],"max_hp_gain":0,"max_hp_loss":0,"event_name":"Accursed Blacksmith","floor":3,"gold_loss":0,"cards_obtained":["Pain"]},{"cards_removed":["hermit:Strike_Hermit"],"damage_healed":0,"gold_gain":0,"player_choice":"Card Removal","damage_taken":0,"max_hp_gain":0,"max_hp_loss":0,"event_name":"Wheel of Change","floor":12,"gold_loss":0}],"is_beta":false,"boss_relics":[{"not_picked":["Black Star","Cursed Key"],"picked":"Busted Crown"}],"items_purged_floors":[11],"is_endless":false,"potions_floor_spawned":[1,5,7,8,14,20],"killed_by":"3 Cultists","ascension_level":0}}