{"host":"zcj7ned35583z5al","time":1609650318,"event":{"mods":["Aspiration","BaseMod","Minty Spire (QoL Compilation)","Quarter Circle Forward PUNCH!","Quick Restart","Replay The Spire","Spicy Shops","StSLib","TestMod","vexMod","óô»ðÖ¸ÄÏ"],"gold_per_floor":[111,123,138,155,155,193,193,193,193,214,9,23,41,85,85,85,85],"floor_reached":16,"playtime":5662,"items_purged":[],"score":120,"play_id":"073c8a96-a9f1-4e50-bd93-3b02924991de","local_time":"20210103130518","is_ascension_mode":true,"campfire_choices":[{"floor":7.0,"key":"REST"},{"floor":15,"key":"REST"}],"circlet_count":0,"master_deck":["Strike_B","Strike_B","Strike_B","Defend_B","Defend_B","Defend_B","Defend_B","Zap","Dualcast","Rebound","ReplaySort","Genetic Algorithm","Force Field","Hologram","ReplayTheSpireMod:Calculation Training","Undo+1","Beam Cell","Coolheaded","Chaos"],"relics":["Cracked Core","testmod-TestBox","Nunchaku","Golden Idol","testmod-ConstraintPeriapt","Raider\u0027s Mask","Replay:Wax Seal","ReplayTheSpireMod:TigerMarble"],"acts_visited":["Exordium"],"potions_floor_usage":[14],"damage_taken":[{"damage":6.0,"enemies":"Small Slimes","floor":1.0,"turns":3.0},{"damage":2.0,"enemies":"2 Louse","floor":2.0,"turns":3.0},{"damage":6.0,"enemies":"Cultist","floor":3.0,"turns":3.0},{"damage":14.0,"enemies":"Blue Slaver","floor":4.0,"turns":3.0},{"damage":16.0,"enemies":"Lagavulin","floor":6.0,"turns":7.0},{"damage":9.0,"enemies":"3 Louse","floor":10.0,"turns":2.0},{"damage":20.0,"enemies":"Gremlin Gang","floor":12.0,"turns":5.0},{"damage":1,"enemies":"2 Fungi Beasts","floor":13,"turns":4},{"damage":6,"enemies":"Replay:BlueRogue","floor":14,"turns":5},{"damage":31,"enemies":"Hexaghost","floor":16,"turns":9}],"seed_played":"8995531982834681375","potions_obtained":[{"floor":1.0,"key":"Adrenaline Potion"},{"floor":3.0,"key":"testmod-TestPotion"},{"floor":4.0,"key":"SteroidPotion"},{"floor":12.0,"key":"CultistPotion"}],"is_trial":false,"path_per_floor":["M","M","M","M","?","E","R","?","T","M","R","M","M","E","R","B"],"character_chosen":"DEFECT","items_purchased":["Undo+1","Raider\u0027s Mask","Replay:Wax Seal"],"campfire_rested":2,"item_purchase_floors":[11,11,11],"current_hp_per_floor":[69,67,61,47,29,13,35,35,35,27,27,8,8,3,25,0,0],"gold":85,"neow_bonus":"RANDOM_COMMON_RELIC","is_daily":false,"chose_seed":false,"campfire_upgraded":0,"win_rate":0.0,"timestamp":1609650318,"path_taken":["M","M","M","M","?","E","R","?","T","?","R","M","M","E","R","BOSS"],"items_purchased_type":["Card","Relic","Relic"],"build_version":"2020-12-22","purchased_purges":0,"victory":false,"max_hp_per_floor":[75,75,75,75,75,75,75,75,75,75,75,75,75,75,75,75,75],"card_choices":[{"not_picked":["Blizzard","Stack"],"picked":"Rebound","floor":1.0},{"not_picked":["Cold Snap","Steam"],"picked":"ReplaySort","floor":2.0},{"not_picked":["Redo","Streamline"],"picked":"Genetic Algorithm","floor":3.0},{"not_picked":["Go for the Eyes","Rebound"],"picked":"Force Field","floor":4.0},{"not_picked":["Go for the Eyes","Steam"],"picked":"Hologram","floor":6.0},{"not_picked":["Scrape","Steam","FTL"],"picked":"SKIP","floor":10.0},{"not_picked":["Compile Driver","FTL"],"picked":"Beam Cell","floor":12.0},{"not_picked":["Machine Learning","Storm"],"picked":"Coolheaded","floor":13},{"not_picked":["Seek","Hologram"],"picked":"Chaos","floor":14}],"player_experience":146436,"relics_obtained":[{"floor":6.0,"key":"testmod-ConstraintPeriapt"},{"floor":14,"key":"ReplayTheSpireMod:TigerMarble"}],"event_choices":[{"damage_healed":0.0,"max_hp_gain":0.0,"max_hp_loss":0.0,"gold_gain":0.0,"event_name":"Golden Idol","player_choice":"Take Damage","floor":5.0,"gold_loss":0.0,"damage_taken":18.0,"relics_obtained":["Golden Idol"]},{"damage_healed":0.0,"max_hp_gain":0.0,"max_hp_loss":0.0,"gold_gain":0.0,"cards_transformed":["Strike_B"],"event_name":"Transmorgrifier","player_choice":"Transformed","floor":8.0,"gold_loss":0.0,"damage_taken":0.0,"cards_obtained":["ReplayTheSpireMod:Calculation Training"]}],"is_beta":false,"boss_relics":[],"items_purged_floors":[],"is_endless":false,"potions_floor_spawned":[1,3,4,12],"killed_by":"Hexaghost","ascension_level":1}}