{"host":"w9yruvs4bqht6bhw","time":1609701244,"event":{"mods":["BaseMod","Colored Powertips","Minty Spire (QoL Compilation)"],"gold_per_floor":[109,126,0,0,0,27,39,39,66,66,85,85,85,111,111,206,206,224,224,224,0,20,20,47,47,70,70,103,103,103,28,28,133,133,145,0,14,14,14,14,14],"floor_reached":40,"playtime":1111,"items_purged":["Decay","Strike_R"],"score":562,"play_id":"fac19b3f-edce-44b9-8201-04ef2c64fa8f","local_time":"20210103141404","is_ascension_mode":true,"campfire_choices":[{"data":"Anger","floor":8.0,"key":"SMITH"},{"data":"Immolate","floor":10.0,"key":"SMITH"},{"data":"Bash","floor":12.0,"key":"SMITH"},{"data":"Strike_R","floor":15.0,"key":"SMITH"},{"data":"Limit Break","floor":23.0,"key":"SMITH"},{"floor":27.0,"key":"REST"},{"floor":29.0,"key":"REST"},{"floor":30.0,"key":"REST"},{"data":"Pommel Strike","floor":32.0,"key":"SMITH"}],"circlet_count":0,"master_deck":["Strike_R","Strike_R+1","Defend_R","Defend_R","Defend_R","Defend_R+1","Bash+1","Immolate+1","Pommel Strike","Uppercut+1","Anger+1","Ghostly Armor+1","Pommel Strike+1","Limit Break+1","Inflame+1","Spot Weakness","Warcry+1","Heavy Blade+1","Forethought+1"],"relics":["Black Blood","Pen Nib","WingedGreaves","Potion Belt","War Paint","MutagenicStrength","Toxic Egg 2","Bag of Preparation","Dream Catcher","Red Mask"],"acts_visited":["Exordium","TheCity","TheBeyond"],"potions_floor_usage":[],"damage_taken":[{"damage":0.0,"enemies":"2 Louse","floor":1.0,"turns":1.0},{"damage":7.0,"enemies":"Small Slimes","floor":2.0,"turns":2.0},{"damage":20.0,"enemies":"Gremlin Nob","floor":6.0,"turns":4.0},{"damage":2.0,"enemies":"Jaw Worm","floor":7.0,"turns":2.0},{"damage":0.0,"enemies":"2 Fungi Beasts","floor":11.0,"turns":1.0},{"damage":36.0,"enemies":"Slime Boss","floor":16.0,"turns":11.0},{"damage":39.0,"enemies":"3 Byrds","floor":18.0,"turns":5.0},{"damage":2.0,"enemies":"Chosen","floor":22.0,"turns":4.0},{"damage":24.0,"enemies":"Slavers","floor":24.0,"turns":2.0},{"damage":39.0,"enemies":"Gremlin Leader","floor":28.0,"turns":7.0},{"damage":15.0,"enemies":"Champ","floor":33.0,"turns":7.0},{"damage":22.0,"enemies":"3 Shapes","floor":35.0,"turns":3.0},{"damage":22.0,"enemies":"Orb Walker","floor":37.0,"turns":4.0},{"damage":81,"enemies":"Giant Head","floor":40,"turns":6}],"seed_played":"-4635104544980300696","potions_obtained":[{"floor":7.0,"key":"SkillPotion"},{"floor":11.0,"key":"ColorlessPotion"},{"floor":16.0,"key":"Dexterity Potion"},{"floor":28.0,"key":"DistilledChaos"},{"floor":33.0,"key":"ElixirPotion"},{"floor":37.0,"key":"Explosive Potion"}],"is_trial":false,"path_per_floor":["M","M","$","?","?","E","M","R","T","R","M","R","?","T","R","B",null,"M","?","?","$","M","R","E","?","T","R","E","R","R","?","R","B",null,"M","?","M","?","?","E"],"character_chosen":"IRONCLAD","items_purchased":["SkillPotion","Spot Weakness","BloodPotion"],"campfire_rested":3,"item_purchase_floors":[3,21,21],"current_hp_per_floor":[78,77,77,70,70,56,60,60,60,60,66,66,80,80,80,50,73,40,40,40,40,60,60,42,42,42,66,33,57,80,80,80,71,78,68,68,58,58,58,0,0],"gold":14,"neow_bonus":"THREE_RARE_CARDS","is_daily":false,"chose_seed":false,"campfire_upgraded":6,"win_rate":0.0,"timestamp":1609701244,"path_taken":["M","M","$","?","?","E","M","R","T","R","M","R","?","?","R","BOSS","M","?","?","$","M","R","E","?","T","R","E","R","R","?","R","BOSS","M","?","M","?","?","E"],"items_purchased_type":["Potion","Card","Potion"],"build_version":"2020-12-22","purchased_purges":2,"victory":false,"max_hp_per_floor":[80,80,80,80,80,80,80,80,80,80,80,80,80,80,80,80,80,80,80,80,80,80,80,80,80,80,80,80,80,80,80,80,80,80,80,80,80,80,80,80,80],"card_choices":[{"not_picked":["Brutality","Barricade"],"picked":"Immolate","floor":0.0},{"not_picked":["True Grit","Armaments"],"picked":"Pommel Strike","floor":1.0},{"not_picked":["Pummel","Ghostly Armor"],"picked":"Uppercut","floor":2.0},{"not_picked":["Armaments","Cleave"],"picked":"Anger","floor":6.0},{"not_picked":["Armaments","Disarm"],"picked":"Ghostly Armor","floor":7.0},{"not_picked":["Headbutt","Power Through"],"picked":"Pommel Strike","floor":11.0},{"not_picked":["Double Tap","Immolate"],"picked":"Limit Break","floor":16.0},{"not_picked":["Clash","Iron Wave"],"picked":"Inflame+1","floor":18.0},{"not_picked":["Warcry","Feel No Pain","Sentinel"],"picked":"SKIP","floor":22.0},{"not_picked":["Clash","Body Slam","Clothesline"],"picked":"SKIP","floor":24.0},{"not_picked":["Iron Wave","Rupture+1","Clothesline+1"],"picked":"SKIP","floor":28.0},{"not_picked":["Dark Embrace","Combust"],"picked":"Warcry+1","floor":29.0},{"not_picked":["Blood for Blood+1","Sever Soul+1","Hemokinesis+1"],"picked":"SKIP","floor":35.0},{"not_picked":["Sword Boomerang+1","Whirlwind"],"picked":"Heavy Blade+1","floor":37.0},{"not_picked":["Magnetism","Mind Blast"],"picked":"Forethought+1","floor":39.0}],"player_experience":292240,"relics_obtained":[{"floor":6.0,"key":"WingedGreaves"},{"floor":9.0,"key":"Potion Belt"},{"floor":14.0,"key":"War Paint"},{"floor":24.0,"key":"Toxic Egg 2"},{"floor":26.0,"key":"Bag of Preparation"},{"floor":28.0,"key":"Dream Catcher"}],"event_choices":[{"damage_healed":0.0,"max_hp_gain":0.0,"max_hp_loss":0.0,"gold_gain":0.0,"event_name":"Scrap Ooze","player_choice":"Success","floor":4.0,"gold_loss":0.0,"damage_taken":7.0,"relics_obtained":["Pen Nib"]},{"damage_healed":0.0,"max_hp_gain":0.0,"max_hp_loss":0.0,"gold_gain":0.0,"event_name":"Living Wall","player_choice":"Grow","floor":5.0,"gold_loss":0.0,"damage_taken":0.0,"cards_upgraded":["Uppercut"]},{"damage_healed":26.0,"max_hp_gain":0.0,"max_hp_loss":0.0,"gold_gain":0.0,"event_name":"Big Fish","player_choice":"Banana","floor":13.0,"gold_loss":0.0,"damage_taken":0.0},{"damage_healed":0.0,"max_hp_gain":0.0,"max_hp_loss":0.0,"gold_gain":0.0,"event_name":"Drug Dealer","player_choice":"Inject Mutagens","floor":19.0,"gold_loss":0.0,"damage_taken":0.0,"relics_obtained":["MutagenicStrength"]},{"damage_healed":0.0,"max_hp_gain":0.0,"max_hp_loss":0.0,"gold_gain":0.0,"event_name":"The Mausoleum","player_choice":"Ignored","floor":20.0,"gold_loss":0.0,"damage_taken":0.0},{"cards_removed":["Strike_R"],"damage_healed":0.0,"max_hp_gain":0.0,"max_hp_loss":0.0,"gold_gain":0.0,"event_name":"Back to Basics","player_choice":"Elegance","floor":25.0,"gold_loss":0.0,"damage_taken":0.0},{"cards_removed":["Strike_R"],"damage_healed":0.0,"max_hp_gain":0.0,"max_hp_loss":0.0,"gold_gain":0.0,"event_name":"Beggar","player_choice":"Gave Gold","floor":31.0,"gold_loss":75.0,"damage_taken":0.0},{"damage_healed":0.0,"max_hp_gain":0.0,"max_hp_loss":0.0,"gold_gain":0.0,"event_name":"Tomb of Lord Red Mask","player_choice":"Paid","floor":36.0,"gold_loss":145.0,"damage_taken":0.0,"relics_obtained":["Red Mask"]},{"damage_healed":0.0,"max_hp_gain":0.0,"max_hp_loss":0.0,"gold_gain":0.0,"event_name":"Mysterious Sphere","player_choice":"Ignored","floor":38.0,"gold_loss":0.0,"damage_taken":0.0},{"damage_healed":0.0,"max_hp_gain":0.0,"max_hp_loss":0.0,"gold_gain":0.0,"event_name":"SensoryStone","player_choice":"Memory 1","floor":39.0,"gold_loss":0.0,"damage_taken":0.0}],"is_beta":false,"boss_relics":[{"not_picked":["Snecko Eye","Coffee Dripper","Runic Dome"]},{"not_picked":["Empty Cage","Sozu"],"picked":"Black Blood"}],"items_purged_floors":[3,21],"is_endless":false,"potions_floor_spawned":[7,11,16,28,33,37],"killed_by":"Giant Head","ascension_level":7}}