{"host":"Bilverbakes","time":1609645854,"event":{"mods":["2.2 Compatiblity","AchievementEnabler","BaseMod","Bestiary","Colored Map","Minty Spire (QoL Compilation)","Relic Stats","StSLib","ojb\u0027s Info Mod"],"gold_per_floor":[112,128,53,153,167,167,201,215,215,247,247,49,62,119,119,219,219,257,257,257,302,302,359,395,464,491,527,289,364,420,492,492,590,590,632,632,648,661,1660,1686,1686,1717,1743,928,940,973,1050,1092,1092,1117,1117,1117,503,537,537,537],"floor_reached":55,"playtime":2940,"items_purged":["Strike_B","Normality","Normality"],"score":1693,"play_id":"6f38f16e-e923-4671-85b8-fb0fe40346ad","local_time":"20210102215054","is_ascension_mode":true,"campfire_choices":[{"data":"Hyperbeam","floor":6.0,"key":"SMITH"},{"data":"Buffer","floor":11.0,"key":"SMITH"},{"data":"HandOfGreed","floor":15.0,"key":"SMITH"},{"data":"Reprogram","floor":32.0,"key":"SMITH"},{"floor":41.0,"key":"REST"},{"floor":49.0,"key":"RECALL"},{"floor":52.0,"key":"REST"}],"circlet_count":0,"master_deck":["AscendersBane","Strike_B","Strike_B","Strike_B","Defend_B","Defend_B","Defend_B","Zap","Dualcast","Sweeping Beam","Ball Lightning","Hyperbeam+1","Leap","FTL","Buffer+1","HandOfGreed+1","Sunder","Fission","Steam","Necronomicurse","Beam Cell","Go for the Eyes","Hyperbeam","Reprogram+1","Seek","Self Repair","Echo Form","Leap+1"],"relics":["Cracked Core","Pantograph","Singing Bowl","Meat on the Bone","Sozu","Bottled Lightning","Necronomicon","Dream Catcher","Anchor","Red Mask","Orichalcum","Symbiotic Virus","Snecko Eye","Strawberry","PreservedInsect","Blood Vial","ClockworkSouvenir","Cables","Kunai","Ice Cream","FossilizedHelix","Runic Capacitor","Happy Flower","Akabeko","Gremlin Horn"],"acts_visited":["Exordium","TheCity","TheBeyond","TheEnding"],"potions_floor_usage":[],"damage_taken":[{"damage":8.0,"enemies":"2 Louse","floor":1.0,"turns":3.0},{"damage":3.0,"enemies":"Small Slimes","floor":2.0,"turns":3.0},{"damage":0.0,"enemies":"Cultist","floor":5.0,"turns":2.0},{"damage":16.0,"enemies":"Gremlin Nob","floor":7.0,"turns":3.0},{"damage":4.0,"enemies":"Red Slaver","floor":8.0,"turns":3.0},{"damage":14.0,"enemies":"Lagavulin","floor":10.0,"turns":6.0},{"damage":0.0,"enemies":"Looter","floor":13.0,"turns":4.0},{"damage":0.0,"enemies":"Exordium Thugs","floor":14.0,"turns":4.0},{"damage":0.0,"enemies":"Slime Boss","floor":16.0,"turns":8.0},{"damage":7.0,"enemies":"Shell Parasite","floor":18.0,"turns":4.0},{"damage":0.0,"enemies":"Spheric Guardian","floor":21.0,"turns":3.0},{"damage":14.0,"enemies":"Slavers","floor":23.0,"turns":5.0},{"damage":15.0,"enemies":"3 Cultists","floor":24.0,"turns":4.0},{"damage":0.0,"enemies":"Centurion and Healer","floor":25.0,"turns":5.0},{"damage":14.0,"enemies":"Cultist and Chosen","floor":27.0,"turns":4.0},{"damage":21.0,"enemies":"Masked Bandits","floor":29.0,"turns":5.0},{"damage":8.0,"enemies":"Gremlin Leader","floor":30.0,"turns":4.0},{"damage":0.0,"enemies":"Collector","floor":33.0,"turns":6.0},{"damage":0.0,"enemies":"Orb Walker","floor":35.0,"turns":1.0},{"damage":0.0,"enemies":"3 Shapes","floor":37.0,"turns":1.0},{"damage":26.0,"enemies":"Maw","floor":38.0,"turns":5.0},{"damage":64.0,"enemies":"Nemesis","floor":40.0,"turns":7.0},{"damage":32.0,"enemies":"Reptomancer","floor":42.0,"turns":7.0},{"damage":0.0,"enemies":"Jaw Worm Horde","floor":45.0,"turns":1.0},{"damage":7.0,"enemies":"Giant Head","floor":46.0,"turns":6.0},{"damage":4.0,"enemies":"2 Orb Walkers","floor":47.0,"turns":4.0},{"damage":0.0,"enemies":"Sphere and 2 Shapes","floor":48.0,"turns":3.0},{"damage":73.0,"enemies":"Awakened One","floor":50.0,"turns":12.0},{"damage":29.0,"enemies":"Shield and Spear","floor":54.0,"turns":4.0},{"damage":109,"enemies":"The Heart","floor":55,"turns":9}],"seed_played":"5237988432028804551","potions_obtained":[{"floor":2.0,"key":"Ancient Potion"},{"floor":8.0,"key":"Block Potion"},{"floor":10.0,"key":"Energy Potion"},{"floor":13.0,"key":"DistilledChaos"}],"is_trial":false,"path_per_floor":["M","M","?","?","M","R","E","M","T","E","R","$","M","M","R","B",null,"M","T","?","M","?","E","M","M","T","M","$","?","E","T","R","B",null,"M","?","M","M","?","E","R","E","T","$","M","E","?","M","R","B",null,"R","$","E","B"],"character_chosen":"DEFECT","items_purchased":["HandOfGreed","Anchor","ClockworkSouvenir","Cables","Kunai","Runic Capacitor","Happy Flower","Akabeko"],"campfire_rested":2,"item_purchase_floors":[12,28,44,44,44,53,53,53],"current_hp_per_floor":[63,60,60,60,60,60,44,40,40,26,26,26,38,52,52,77,79,72,72,72,74,53,51,48,48,48,48,48,41,45,45,45,70,82,84,84,84,67,67,31,61,43,43,43,59,56,54,65,65,38,88,105,105,78,0,0],"gold":537,"neow_bonus":"TEN_PERCENT_HP_BONUS","is_daily":false,"chose_seed":false,"campfire_upgraded":4,"win_rate":0.0,"timestamp":1609645854,"path_taken":["M","M","?","?","M","R","E","M","T","E","R","$","?","M","R","BOSS","BOSS","M","?","?","?","?","E","M","M","T","M","$","?","E","?","R","BOSS","M","?","M","M","?","E","R","E","T","$","M","E","?","M","R","BOSS","R","$","E","BOSS"],"items_purchased_type":["Card","Relic","Relic","Relic","Relic","Relic","Relic","Relic"],"build_version":"2020-12-18","purchased_purges":3,"victory":false,"max_hp_per_floor":[78,78,78,78,78,78,78,78,78,78,78,78,78,80,80,80,80,80,80,80,82,82,82,82,82,82,84,84,86,86,86,86,86,86,88,84,84,86,86,95,97,99,99,99,101,103,103,105,105,105,105,105,105,107,107,107],"relic_stats":{"Singing Bowl":26,"Happy Flower":[4],"Gremlin Horn":[0,0],"counters":[30,136],"PreservedInsect":207,"Orichalcum":[126],"Cables":[21,18,0,3,0],"Sozu":7,"Blood Vial":12,"Dream Catcher":2,"Pantograph":100,"Snecko Eye":[108,93,97,103],"Necronomicon":[61],"Kunai":[25],"obtain_stats":[{"Ice Cream":46,"Singing Bowl":9,"Gremlin Horn":54,"Runic Capacitor":53,"ClockworkSouvenir":44,"Sozu":17,"Blood Vial":43,"Dream Catcher":23,"Pantograph":7,"Strawberry":40,"Necronomicon":22,"Red Mask":29,"Kunai":44,"Cracked Core":0,"Happy Flower":53,"PreservedInsect":42,"Orichalcum":30,"Akabeko":53,"Cables":44,"Anchor":28,"Snecko Eye":34,"Bottled Lightning":19,"Symbiotic Virus":31,"FossilizedHelix":47,"Meat on the Bone":10},{"Ice Cream":25,"Singing Bowl":5,"Gremlin Horn":29,"Runic Capacitor":28,"ClockworkSouvenir":23,"Sozu":9,"Blood Vial":23,"Dream Catcher":12,"Pantograph":4,"Strawberry":22,"Necronomicon":11,"Red Mask":16,"Kunai":23,"Cracked Core":0,"Happy Flower":28,"PreservedInsect":23,"Orichalcum":17,"Akabeko":28,"Cables":23,"Anchor":15,"Snecko Eye":18,"Bottled Lightning":10,"Symbiotic Virus":17,"FossilizedHelix":26,"Meat on the Bone":6},{"Ice Cream":104,"Singing Bowl":14,"Gremlin Horn":127,"Runic Capacitor":123,"ClockworkSouvenir":97,"Sozu":36,"Blood Vial":97,"Dream Catcher":48,"Pantograph":11,"Strawberry":90,"Necronomicon":43,"Red Mask":66,"Kunai":97,"Cracked Core":0,"Happy Flower":123,"PreservedInsect":97,"Orichalcum":70,"Akabeko":123,"Cables":97,"Anchor":61,"Snecko Eye":76,"Bottled Lightning":40,"Symbiotic Virus":70,"FossilizedHelix":108,"Meat on the Bone":20}],"Meat on the Bone":132},"card_choices":[{"not_picked":["Stack","Leap"],"picked":"Sweeping Beam","floor":1.0},{"not_picked":["Scrape","Sweeping Beam"],"picked":"Ball Lightning","floor":2.0},{"not_picked":["Ball Lightning","Rebound"],"picked":"Hyperbeam","floor":5.0},{"not_picked":["Rebound","Loop"],"picked":"Leap","floor":7.0},{"not_picked":["Hologram","Scrape"],"picked":"FTL","floor":8.0},{"not_picked":["Turbo","Conserve Battery"],"picked":"Buffer","floor":10.0},{"not_picked":["Barrage","Compile Driver"],"picked":"Sunder","floor":13.0},{"not_picked":["Glacier","Hello World","Consume"],"picked":"Singing Bowl","floor":14.0},{"not_picked":["Buffer","Meteor Strike"],"picked":"Fission","floor":16.0},{"not_picked":["Static Discharge","Gash"],"picked":"Steam","floor":18.0},{"not_picked":["Ball Lightning","Barrage","Scrape"],"picked":"Singing Bowl","floor":21.0},{"not_picked":["Barrage","Stack"],"picked":"Beam Cell","floor":23.0},{"not_picked":["Rebound","Glacier"],"picked":"Go for the Eyes","floor":24.0},{"not_picked":["Heatsinks","Scrape"],"picked":"Hyperbeam","floor":25.0},{"not_picked":["Gash","Beam Cell","Stack"],"picked":"Singing Bowl","floor":27.0},{"not_picked":["Barrage","Turbo","Rebound"],"picked":"Singing Bowl","floor":29.0},{"not_picked":["Conserve Battery","Ball Lightning"],"picked":"Reprogram","floor":30.0},{"not_picked":["Creative AI","Rainbow"],"picked":"Seek","floor":33.0},{"not_picked":["Ball Lightning+1","Chaos+1","Beam Cell"],"picked":"Singing Bowl","floor":35.0},{"not_picked":["Stack","Genetic Algorithm"],"picked":"Self Repair","floor":37.0},{"not_picked":["Force Field","Beam Cell","Coolheaded"],"picked":"Singing Bowl","floor":38.0},{"not_picked":["Cold Snap","Force Field+1","Streamline"],"picked":"Singing Bowl","floor":40.0},{"not_picked":["Streamline","Stack","Ball Lightning"],"picked":"Singing Bowl","floor":41.0},{"not_picked":["Leap","Barrage","Darkness+1"],"picked":"Singing Bowl","floor":42.0},{"not_picked":["Heatsinks","Redo+1","Steam+1"],"picked":"Singing Bowl","floor":45.0},{"not_picked":["Chill+1","Blizzard","Genetic Algorithm"],"picked":"Singing Bowl","floor":46.0},{"not_picked":["Rebound","Leap"],"picked":"Echo Form","floor":47.0},{"not_picked":["Streamline","Beam Cell","Leap+1"],"picked":"Singing Bowl","floor":48.0},{"not_picked":["Chaos","Go for the Eyes+1"],"picked":"Leap+1","floor":52.0},{"not_picked":["Capacitor","Storm","Leap"],"picked":"Singing Bowl","floor":54.0}],"player_experience":552051,"relics_obtained":[{"floor":7.0,"key":"Pantograph"},{"floor":9.0,"key":"Singing Bowl"},{"floor":10.0,"key":"Meat on the Bone"},{"floor":19.0,"key":"Bottled Lightning"},{"floor":22.0,"key":"Necronomicon"},{"floor":23.0,"key":"Dream Catcher"},{"floor":29.0,"key":"Red Mask"},{"floor":30.0,"key":"Orichalcum"},{"floor":31.0,"key":"Symbiotic Virus"},{"floor":40.0,"key":"Strawberry"},{"floor":42.0,"key":"PreservedInsect"},{"floor":43.0,"key":"Blood Vial"},{"floor":46.0,"key":"Ice Cream"},{"floor":47.0,"key":"FossilizedHelix"},{"floor":54.0,"key":"Gremlin Horn"}],"event_choices":[{"cards_removed":["Defend_B"],"damage_healed":0.0,"max_hp_gain":0.0,"max_hp_loss":0.0,"gold_gain":0.0,"event_name":"The Cleric","player_choice":"Card Removal","floor":3.0,"gold_loss":75.0,"damage_taken":0.0},{"damage_healed":0.0,"max_hp_gain":0.0,"max_hp_loss":0.0,"gold_gain":100.0,"event_name":"Wheel of Change","player_choice":"Gold","floor":4.0,"gold_loss":0.0,"damage_taken":0.0},{"damage_healed":0.0,"max_hp_gain":0.0,"max_hp_loss":0.0,"gold_gain":0.0,"event_name":"The Mausoleum","player_choice":"Ignored","floor":20.0,"gold_loss":0.0,"damage_taken":0.0},{"damage_healed":0.0,"max_hp_gain":0.0,"max_hp_loss":0.0,"gold_gain":0.0,"event_name":"Cursed Tome","player_choice":"Obtained Book","floor":22.0,"gold_loss":0.0,"damage_taken":21.0},{"damage_healed":0.0,"max_hp_gain":0.0,"max_hp_loss":0.0,"gold_gain":0.0,"event_name":"Masked Bandits","player_choice":"Fought Bandits","floor":29.0,"gold_loss":0.0,"damage_taken":0.0},{"damage_healed":0.0,"max_hp_gain":0.0,"max_hp_loss":4.0,"gold_gain":0.0,"event_name":"Winding Halls","player_choice":"Max HP","floor":36.0,"gold_loss":0.0,"damage_taken":0.0},{"damage_healed":0.0,"max_hp_gain":0.0,"max_hp_loss":0.0,"gold_gain":999.0,"event_name":"MindBloom","player_choice":"Gold","floor":39.0,"gold_loss":0.0,"damage_taken":0.0,"cards_obtained":["Normality","Normality"]},{"damage_healed":0.0,"max_hp_gain":0.0,"max_hp_loss":0.0,"gold_gain":0.0,"event_name":"Mysterious Sphere","player_choice":"Fight","floor":47.0,"gold_loss":0.0,"damage_taken":0.0}],"is_beta":true,"boss_relics":[{"not_picked":["Inserter","Busted Crown"],"picked":"Sozu"},{"not_picked":["Cursed Key","Pandora\u0027s Box"],"picked":"Snecko Eye"}],"items_purged_floors":[28,44,53],"is_endless":false,"potions_floor_spawned":[2,8,10,13,16,18,24,27,37,38,42,45],"killed_by":"The Heart","ascension_level":16}}