{"host":"tl8jdqk9pnwb74j1","time":1609662316,"event":{"mods":["BaseMod","BetterRewards","Custom Start","Minty Spire (QoL Compilation)","Shop Mod","StSLib","SuperFastMode"],"gold_per_floor":[118,68,68,81,30,44,69,69,69,69,96,15,15,33,33,133,133,144,144,144,155,5,5,25,25,25,45,55,73,83,83,83,187,187,205,33,33,33],"floor_reached":37,"playtime":1288,"items_purged":["Venomology","Dagger Throw"],"score":419,"play_id":"eaa9b6b9-666d-4f9f-b095-91076b0b3452","local_time":"20210103162516","is_ascension_mode":false,"campfire_choices":[{"data":"1","floor":8.0,"key":"LIFT"},{"data":"Terror","floor":13.0,"key":"SMITH"},{"data":"Finisher","floor":15.0,"key":"SMITH"},{"data":"Bouncing Flask","floor":23.0,"key":"SMITH"},{"data":"Dash","floor":25.0,"key":"SMITH"},{"floor":32.0,"key":"REST"}],"circlet_count":0,"master_deck":["Strike_G+1","Strike_G+1","Strike_G+1","Strike_G+1","Defend_G+1","Defend_G+1","Defend_G+1","Defend_G+1","Neutralize+1","Dagger Spray","Slice","Terror+1","Blade Dance","Quick Slash","Finisher+1","Blur","Necronomicurse","Dash+1","Bouncing Flask+1","Deflect+1","Riddle With Holes+1","Bullet Time+1","Poisoned Stab","Phantasmal Killer+1","Envenom+1","Escape Plan+1","Bouncing Flask+1","Noxious Fumes"],"relics":["Ring of the Snake","NeowsBlessing","Girya","Gambling Chip","Boot","Odd Mushroom","Sozu","Necronomicon","Toxic Egg 2","Astrolabe"],"acts_visited":["Exordium","TheCity","TheBeyond"],"potions_floor_usage":[33],"damage_taken":[{"damage":0.0,"enemies":"2 Louse","floor":1.0,"turns":1.0},{"damage":0.0,"enemies":"Small Slimes","floor":4.0,"turns":1.0},{"damage":0.0,"enemies":"Cultist","floor":6.0,"turns":1.0},{"damage":12.0,"enemies":"Gremlin Nob","floor":7.0,"turns":4.0},{"damage":23.0,"enemies":"The Mushroom Lair","floor":11.0,"turns":3.0},{"damage":0.0,"enemies":"Blue Slaver","floor":14.0,"turns":1.0},{"damage":0.0,"enemies":"Slime Boss","floor":16.0,"turns":5.0},{"damage":12.0,"enemies":"2 Thieves","floor":18.0,"turns":3.0},{"damage":6.0,"enemies":"Chosen","floor":21.0,"turns":3.0},{"damage":0.0,"enemies":"Snake Plant","floor":24.0,"turns":2.0},{"damage":3.0,"enemies":"Chosen and Byrds","floor":27.0,"turns":2.0},{"damage":6.0,"enemies":"Snecko","floor":28.0,"turns":3.0},{"damage":5.0,"enemies":"Centurion and Healer","floor":29.0,"turns":4.0},{"damage":0.0,"enemies":"3 Cultists","floor":30.0,"turns":3.0},{"damage":24,"enemies":"Automaton","floor":33,"turns":6},{"damage":16,"enemies":"3 Darklings","floor":35,"turns":4}],"seed_played":"-2454853691028787691","potions_obtained":[{"floor":7.0,"key":"SteroidPotion"},{"floor":11.0,"key":"LiquidBronze"},{"floor":14.0,"key":"DuplicationPotion"}],"is_trial":false,"path_per_floor":["M","?","?","M","$","M","E","R","T","?","?","$","R","M","R","B",null,"M","?","?","M","$","R","M","R","T","M","M","M","M","$","R","B",null,"M","$","M"],"character_chosen":"THE_SILENT","items_purchased":["Slice","Finisher","Bouncing Flask","Noxious Fumes"],"campfire_rested":1,"item_purchase_floors":[5,12,22,36],"current_hp_per_floor":[70,70,56,56,56,56,44,44,44,44,21,21,21,21,21,21,70,58,42,42,36,36,36,36,36,36,33,27,22,22,22,43,19,70,54,54,0,0],"gold":33,"neow_bonus":"THREE_ENEMY_KILL","is_daily":false,"chose_seed":false,"campfire_upgraded":4,"win_rate":0.0,"timestamp":1609662316,"path_taken":["M","?","?","M","$","M","E","R","T","?","?","?","R","M","R","BOSS","M","?","?","M","?","R","?","R","T","?","M","M","M","$","R","BOSS","M","$","M"],"items_purchased_type":["Card","Card","Card","Card"],"build_version":"2020-12-22","purchased_purges":2,"victory":false,"max_hp_per_floor":[70,70,70,70,70,70,70,70,70,70,70,70,70,70,70,70,70,70,70,70,70,70,70,70,70,70,70,70,70,70,70,70,70,70,70,70,70,70],"card_choices":[{"not_picked":["Outmaneuver","Slice"],"picked":"Dagger Spray","floor":1.0},{"not_picked":["Underhanded Strike","Outmaneuver"],"picked":"Prepared","floor":4.0},{"not_picked":["Tactician","Caltrops"],"picked":"Terror","floor":6.0},{"not_picked":["Tactician","Footwork"],"picked":"Blade Dance","floor":7.0},{"not_picked":["Burst","Heel Hook"],"picked":"Quick Slash","floor":11.0},{"not_picked":["Dodge and Roll","Blade Dance"],"picked":"Dagger Throw","floor":14.0},{"not_picked":["Glass Knife","After Image"],"picked":"Venomology","floor":16.0},{"not_picked":["Prepared","Tactician"],"picked":"Blur","floor":18.0},{"not_picked":["Outmaneuver","Acrobatics"],"picked":"Dash","floor":21.0},{"not_picked":["Dodge and Roll+1","Slice"],"picked":"Deflect+1","floor":24.0},{"not_picked":["Escape Plan+1","Choke"],"picked":"Riddle With Holes+1","floor":27.0},{"not_picked":["Masterful Stab","Dagger Spray"],"picked":"Bullet Time+1","floor":28.0},{"not_picked":["Prepared+1","Dagger Spray"],"picked":"Poisoned Stab","floor":29.0},{"not_picked":["Sucker Punch+1","Reflex+1","Dodge and Roll+1"],"picked":"SKIP","floor":30.0},{"not_picked":["Slice","Dagger Throw"],"picked":"Bouncing Flask+1","floor":35}],"player_experience":952660,"relics_obtained":[{"floor":7.0,"key":"Girya"},{"floor":9.0,"key":"Gambling Chip"},{"floor":11.0,"key":"Odd Mushroom"},{"floor":19.0,"key":"Necronomicon"},{"floor":26.0,"key":"Toxic Egg 2"}],"event_choices":[{"cards_removed":["Strike_G"],"damage_healed":0.0,"max_hp_gain":0.0,"max_hp_loss":0.0,"gold_gain":0.0,"event_name":"The Cleric","player_choice":"Card Removal","floor":2.0,"gold_loss":50.0,"damage_taken":0.0},{"damage_healed":0.0,"max_hp_gain":0.0,"max_hp_loss":0.0,"gold_gain":0.0,"event_name":"Shining Light","player_choice":"Entered Light","floor":3.0,"gold_loss":0.0,"damage_taken":14.0,"cards_upgraded":["Defend_G","Neutralize"]},{"damage_healed":0.0,"max_hp_gain":0.0,"max_hp_loss":0.0,"gold_gain":0.0,"event_name":"Dead Adventurer","player_choice":"Searched \u00272\u0027 times","floor":10.0,"gold_loss":0.0,"damage_taken":0.0,"relics_obtained":["Boot"]},{"damage_healed":0.0,"max_hp_gain":0.0,"max_hp_loss":0.0,"gold_gain":0.0,"event_name":"Mushrooms","player_choice":"Fought Mushrooms","floor":11.0,"gold_loss":0.0,"damage_taken":0.0},{"damage_healed":0.0,"max_hp_gain":0.0,"max_hp_loss":0.0,"gold_gain":0.0,"event_name":"Cursed Tome","player_choice":"Obtained Book","floor":19.0,"gold_loss":0.0,"damage_taken":16.0},{"damage_healed":0.0,"max_hp_gain":0.0,"max_hp_loss":0.0,"gold_gain":0.0,"event_name":"Back to Basics","player_choice":"Simplicity","floor":20.0,"gold_loss":0.0,"damage_taken":0.0,"cards_upgraded":["Strike_G","Strike_G","Strike_G","Strike_G","Defend_G","Defend_G","Defend_G","Defend_G"]}],"is_beta":false,"boss_relics":[{"not_picked":["Snecko Eye","HoveringKite"],"picked":"Sozu"},{"not_picked":["Calling Bell","Cursed Key"],"picked":"Astrolabe"}],"items_purged_floors":[22,36],"is_endless":false,"potions_floor_spawned":[7,11,14,16,18,28,29,30,35],"killed_by":"3 Shapes","ascension_level":0}}