{"host":"Fun","time":1609704610,"event":{"mods":["BaseMod","Colored Map","Filter the Spire","Minty Spire (QoL Compilation)","Relic Stats","StSLib"],"gold_per_floor":[20,20,170,9,9,9,41,41,67,101,101,101,101,129,129,204,204,222,222,238,252,266,266,291,291,316,316,316,266,59,70,70,142,142,161,23,23,23,23,56,56,83,83,108,118,118,118,129,129,129],"floor_reached":51,"playtime":2025,"items_purged":["Doubt","Strike_R","Strike_R","Strike_R"],"score":1490,"play_id":"4ae459aa-e26c-4c4a-93eb-fcefd6406752","local_time":"20210103151010","is_ascension_mode":true,"campfire_choices":[{"data":"Fiend Fire","floor":6,"key":"SMITH"},{"data":"Carnage","floor":8,"key":"SMITH"},{"data":"Feel No Pain","floor":12,"key":"SMITH"},{"data":"Bash","floor":15,"key":"SMITH"},{"floor":23,"key":"REST"},{"floor":25,"key":"REST"},{"floor":32,"key":"REST"},{"floor":41,"key":"RECALL"},{"floor":47,"key":"REST"},{"floor":49,"key":"REST"}],"circlet_count":0,"master_deck":["AscendersBane","Strike_R","Strike_R+1","Defend_R+1","Defend_R+1","Defend_R","Defend_R","Bash+1","Fiend Fire+1","Whirlwind+1","Feel No Pain+1","True Grit","Armaments","Immolate","Power Through","Sword Boomerang+1","Battle Trance+1","Corruption+1","Feed","True Grit+1","Reaper","Feel No Pain+1","Flame Barrier+1","Exhume+1"],"relics":["Burning Blood","WarpedTongs","Ancient Tea Set","Omamori","Pear","Frozen Egg 2","Smiling Mask","Fusion Hammer","Toy Ornithopter","Nilry\u0027s Codex","Chemical X","Runic Pyramid","War Paint","Orichalcum","Toxic Egg 2","MealTicket","Singing Bowl"],"acts_visited":["Exordium","TheCity","TheBeyond"],"potions_floor_usage":[20,33,33],"damage_taken":[{"damage":2,"enemies":"Jaw Worm","floor":1,"turns":3},{"damage":19,"enemies":"3 Sentries","floor":7,"turns":6},{"damage":16,"enemies":"Gremlin Nob","floor":10,"turns":3},{"damage":16,"enemies":"3 Sentries","floor":14,"turns":6},{"damage":15,"enemies":"The Guardian","floor":16,"turns":12},{"damage":1,"enemies":"3 Byrds","floor":18,"turns":4},{"damage":22,"enemies":"2 Thieves","floor":20,"turns":3},{"damage":27,"enemies":"Snake Plant","floor":21,"turns":4},{"damage":17,"enemies":"Snecko","floor":22,"turns":5},{"damage":2,"enemies":"Gremlin Leader","floor":24,"turns":6},{"damage":0,"enemies":"3 Cultists","floor":31,"turns":1},{"damage":32,"enemies":"Collector","floor":33,"turns":18},{"damage":5,"enemies":"Orb Walker","floor":35,"turns":3},{"damage":15,"enemies":"Nemesis","floor":40,"turns":7},{"damage":5,"enemies":"Giant Head","floor":42,"turns":9},{"damage":9,"enemies":"Nemesis","floor":44,"turns":33},{"damage":20,"enemies":"3 Darklings","floor":45,"turns":4},{"damage":16,"enemies":"Jaw Worm Horde","floor":48,"turns":2},{"damage":64,"enemies":"Time Eater","floor":50,"turns":11}],"seed_played":"-8881091154159826237","potions_obtained":[{"floor":7,"key":"BloodPotion"},{"floor":16,"key":"HeartOfIron"},{"floor":20,"key":"LiquidMemories"},{"floor":35,"key":"SpeedPotion"},{"floor":42,"key":"BloodPotion"}],"is_trial":false,"path_per_floor":["M","?","?","$","?","R","E","R","T","E","?","R","T","E","R","B",null,"M","?","M","M","M","R","E","R","T","?","?","$","$","M","R","B",null,"M","$","?","$","?","E","R","E","T","E","M","?","R","M","R","B",null],"character_chosen":"IRONCLAD","items_purchased":["Feel No Pain","Chemical X","Reaper"],"campfire_rested":5,"item_purchase_floors":[4,30,36],"current_hp_per_floor":[72,72,72,72,49,49,36,36,36,36,41,41,41,31,31,22,73,78,78,80,59,48,75,79,90,90,90,69,69,69,75,90,64,84,89,89,89,89,89,98,98,98,98,101,95,95,110,104,114,56],"gold":129,"neow_bonus":"THREE_RARE_CARDS","is_daily":false,"chose_seed":false,"campfire_upgraded":4,"win_rate":0.0,"timestamp":1609704610,"path_taken":["M","?","?","$","?","R","E","R","T","E","?","R","?","E","R","BOSS","M","?","M","?","M","R","E","R","T","?","?","?","$","M","R","BOSS","M","?","?","$","?","E","R","E","T","E","?","?","R","M","R","BOSS"],"items_purchased_type":["Card","Relic","Card"],"build_version":"2020-12-18","purchased_purges":4,"victory":true,"max_hp_per_floor":[75,75,75,75,75,75,75,75,75,85,90,90,90,90,90,90,90,90,90,90,90,90,90,90,90,90,90,90,90,90,90,90,90,90,94,94,94,94,94,98,98,98,98,104,110,110,110,114,114,114],"relic_stats":{"Singing Bowl":4,"counters":[19,140],"MealTicket":0,"Chemical X":[13],"War Paint":["Battle Trance","Defend_R"],"Orichalcum":[6],"Smiling Mask":225,"obtain_stats":[{"Pear":10,"Singing Bowl":44,"Nilry\u0027s Codex":28,"Omamori":9,"Frozen Egg 2":13,"War Paint":39,"Orichalcum":40,"Ancient Tea Set":7,"Smiling Mask":14,"Burning Blood":0,"WarpedTongs":0,"MealTicket":43,"Fusion Hammer":17,"Chemical X":30,"Toxic Egg 2":42,"Toy Ornithopter":26,"Runic Pyramid":34},{"Pear":3,"Singing Bowl":16,"Nilry\u0027s Codex":10,"Omamori":2,"Frozen Egg 2":3,"War Paint":13,"Orichalcum":14,"Ancient Tea Set":2,"Smiling Mask":4,"Burning Blood":0,"WarpedTongs":0,"MealTicket":15,"Fusion Hammer":5,"Chemical X":10,"Toxic Egg 2":15,"Toy Ornithopter":10,"Runic Pyramid":12},{"Pear":12,"Singing Bowl":123,"Nilry\u0027s Codex":52,"Omamori":9,"Frozen Egg 2":12,"War Paint":74,"Orichalcum":81,"Ancient Tea Set":9,"Smiling Mask":18,"Burning Blood":0,"WarpedTongs":0,"MealTicket":90,"Fusion Hammer":30,"Chemical X":52,"Toxic Egg 2":90,"Toy Ornithopter":52,"Runic Pyramid":71}],"Burning Blood":102,"Toy Ornithopter":0,"WarpedTongs":[120]},"card_choices":[{"not_picked":["Berserk","Exhume"],"picked":"Fiend Fire","floor":0},{"not_picked":["Havoc","Sever Soul"],"picked":"Whirlwind","floor":1},{"not_picked":["Combust","Cleave"],"picked":"Carnage","floor":7},{"not_picked":["Anger","Feel No Pain"],"picked":"True Grit","floor":10},{"not_picked":["Heavy Blade","Second Wind"],"picked":"Armaments","floor":14},{"not_picked":["Corruption+1","Bludgeon"],"picked":"Immolate","floor":16},{"not_picked":["Heavy Blade","Armaments"],"picked":"Power Through","floor":18},{"not_picked":["Wild Strike","Iron Wave"],"picked":"Sword Boomerang+1","floor":20},{"not_picked":["Armaments","Pummel","Dropkick+1"],"picked":"SKIP","floor":21},{"not_picked":["Reckless Charge","Iron Wave"],"picked":"Battle Trance","floor":22},{"not_picked":["Sentinel","Wild Strike+1"],"picked":"Corruption+1","floor":24},{"not_picked":["Wild Strike","Twin Strike","Carnage"],"picked":"SKIP","floor":31},{"not_picked":["Offering","Double Tap"],"picked":"Feed","floor":33},{"not_picked":["Spot Weakness","Warcry"],"picked":"True Grit+1","floor":35},{"not_picked":["Cleave","Wild Strike+1"],"picked":"Feel No Pain+1","floor":40},{"not_picked":["Clash","Anger"],"picked":"Flame Barrier+1","floor":42},{"not_picked":["Metallicize+1","Reckless Charge+1","Clothesline"],"picked":"Singing Bowl","floor":44},{"not_picked":["Pummel","Power Through+1","Warcry+1"],"picked":"Singing Bowl","floor":45},{"not_picked":["Dropkick","Anger"],"picked":"Exhume+1","floor":48}],"player_experience":142461,"relics_obtained":[{"floor":7,"key":"Ancient Tea Set"},{"floor":9,"key":"Omamori"},{"floor":10,"key":"Pear"},{"floor":13,"key":"Frozen Egg 2"},{"floor":14,"key":"Smiling Mask"},{"floor":26,"key":"Toy Ornithopter"},{"floor":28,"key":"Nilry\u0027s Codex"},{"floor":40,"key":"Orichalcum"},{"floor":42,"key":"Toxic Egg 2"},{"floor":43,"key":"MealTicket"},{"floor":44,"key":"Singing Bowl"}],"event_choices":[{"damage_healed":0,"gold_gain":0,"player_choice":"Grow","damage_taken":0,"max_hp_gain":0,"max_hp_loss":0,"event_name":"Living Wall","floor":2,"gold_loss":0,"cards_upgraded":["Whirlwind"]},{"damage_healed":0,"gold_gain":150,"player_choice":"AGREE","damage_taken":0,"max_hp_gain":0,"max_hp_loss":0,"event_name":"Liars Game","floor":3,"gold_loss":0,"cards_obtained":["Doubt"]},{"damage_healed":0,"gold_gain":0,"player_choice":"Entered Light","damage_taken":23,"max_hp_gain":0,"max_hp_loss":0,"event_name":"Shining Light","floor":5,"gold_loss":0,"cards_upgraded":["Defend_R","Strike_R"]},{"damage_healed":0,"gold_gain":0,"player_choice":"Donut","damage_taken":0,"max_hp_gain":5,"max_hp_loss":0,"event_name":"Big Fish","floor":11,"gold_loss":0},{"damage_healed":0,"gold_gain":0,"player_choice":"0 cards matched","damage_taken":0,"max_hp_gain":0,"max_hp_loss":0,"event_name":"Match and Keep!","floor":19,"gold_loss":0,"cards_obtained":[]},{"damage_healed":0,"gold_gain":0,"player_choice":"Ignored","damage_taken":0,"max_hp_gain":0,"max_hp_loss":0,"event_name":"Ghosts","floor":27,"gold_loss":0},{"damage_healed":0,"gold_gain":0,"player_choice":"Obtained Book","damage_taken":21,"max_hp_gain":0,"max_hp_loss":0,"event_name":"Cursed Tome","floor":28,"gold_loss":0},{"damage_healed":0,"gold_gain":0,"player_choice":"Memory 1","damage_taken":0,"max_hp_gain":0,"max_hp_loss":0,"event_name":"SensoryStone","floor":37,"gold_loss":0},{"cards_removed":["Carnage"],"damage_healed":0,"gold_gain":0,"player_choice":"Gave Card","damage_taken":0,"relics_obtained":["War Paint"],"max_hp_gain":0,"max_hp_loss":0,"event_name":"WeMeetAgain","floor":39,"gold_loss":0},{"damage_healed":0,"gold_gain":0,"player_choice":"Ignored","damage_taken":0,"max_hp_gain":0,"max_hp_loss":0,"event_name":"Tomb of Lord Red Mask","floor":46,"gold_loss":0}],"is_beta":true,"boss_relics":[{"not_picked":["Calling Bell","SlaversCollar"],"picked":"Fusion Hammer"},{"not_picked":["Astrolabe","Velvet Choker"],"picked":"Runic Pyramid"}],"items_purged_floors":[4,29,30,36],"is_endless":false,"potions_floor_spawned":[7,16,20,24,35,42],"ascension_level":17}}