{"host":"r53pw7z744tg3fxg","time":1609718356,"event":{"mods":["AchievementEnabler","BaseMod","Colored Map","Colored Powertips","Highlight Path","Minty Spire (QoL Compilation)","Quick Restart","Transform Curses"],"gold_per_floor":[111,111,4,17,17,17,28,63,87,87,101,118,118,144,144,248,248,260,117,117,117,134,161,161,189,189,222,222,234,77,90,90,188,188,208,219,219,269,281,281,311,311,311,330,330,348,361,20,20,20,20],"floor_reached":50,"playtime":2014,"items_purged":[],"score":870,"play_id":"65af9ff5-e1ff-478d-9a89-5f0f4ad0f62a","local_time":"20210103165916","is_ascension_mode":true,"campfire_choices":[{"data":"Conclude","floor":6.0,"key":"SMITH"},{"floor":10.0,"key":"REST"},{"floor":13.0,"key":"REST"},{"data":"WindmillStrike","floor":15.0,"key":"SMITH"},{"floor":24,"key":"REST"},{"floor":32,"key":"REST"},{"floor":40,"key":"REST"},{"floor":42,"key":"REST"},{"floor":49,"key":"REST"}],"circlet_count":0,"master_deck":["AscendersBane","Strike_P","Strike_P","Strike_P","Strike_P+1","Defend_P","Defend_P","Defend_P","Defend_P","Eruption+1","Vigilance","Conclude+1","FearNoEvil+1","Swivel","ThirdEye","WindmillStrike+1","WheelKick","BattleHymn","BowlingBash","SashWhip","DeusExMachina","Crescendo+1","DeceiveReality","PathToVictory+1","Fasting2+1","MasterReality+1","DevaForm+1","CurseOfTheBell","MentalFortress+1","InnerPeace+1","JustLucky+1","Indignation+1","ReachHeaven","Enlightenment+1","EmptyBody+1","Tantrum+1","Discovery+1"],"relics":["PureWater","Whetstone","Orichalcum","Bottled Tornado","Sozu","Bag of Preparation","Gremlin Horn","Blood Vial","Red Mask","Frozen Egg 2","Ornamental Fan","Happy Flower","Calling Bell","Lantern","Toxic Egg 2","FossilizedHelix","Ice Cream","Mercury Hourglass","Pantograph","Kunai"],"acts_visited":["Exordium","TheCity","TheBeyond"],"potions_floor_usage":[36],"damage_taken":[{"damage":0.0,"enemies":"Jaw Worm","floor":1.0,"turns":4.0},{"damage":0.0,"enemies":"Small Slimes","floor":4.0,"turns":2.0},{"damage":0.0,"enemies":"Cultist","floor":7.0,"turns":3.0},{"damage":35.0,"enemies":"Lagavulin","floor":8.0,"turns":4.0},{"damage":10.0,"enemies":"Gremlin Gang","floor":11.0,"turns":3.0},{"damage":8.0,"enemies":"Exordium Thugs","floor":12.0,"turns":3.0},{"damage":5.0,"enemies":"3 Sentries","floor":14.0,"turns":4.0},{"damage":24.0,"enemies":"Hexaghost","floor":16.0,"turns":7.0},{"damage":0,"enemies":"Chosen","floor":18,"turns":4},{"damage":19,"enemies":"3 Byrds","floor":22,"turns":3},{"damage":33,"enemies":"Book of Stabbing","floor":23,"turns":5},{"damage":0,"enemies":"Masked Bandits","floor":25,"turns":2},{"damage":8,"enemies":"Gremlin Leader","floor":27,"turns":5},{"damage":0,"enemies":"Centurion and Healer","floor":29,"turns":4},{"damage":0,"enemies":"Snake Plant","floor":31,"turns":3},{"damage":39,"enemies":"Champ","floor":33,"turns":8},{"damage":15,"enemies":"Orb Walker","floor":35,"turns":4},{"damage":0,"enemies":"3 Shapes","floor":36,"turns":3},{"damage":20,"enemies":"Mind Bloom Boss Battle","floor":38,"turns":5},{"damage":0,"enemies":"3 Darklings","floor":39,"turns":4},{"damage":56,"enemies":"Giant Head","floor":41,"turns":9},{"damage":6,"enemies":"Transient","floor":44,"turns":5},{"damage":16,"enemies":"Maw","floor":46,"turns":5},{"damage":9,"enemies":"3 Darklings","floor":47,"turns":3},{"damage":157,"enemies":"Time Eater","floor":50,"turns":7}],"seed_played":"-8432752720809490513","potions_obtained":[{"floor":7.0,"key":"Block Potion"},{"floor":12.0,"key":"EntropicBrew"},{"floor":16.0,"key":"Swift Potion"}],"is_trial":false,"path_per_floor":["M","?","$","M","$","R","M","E","T","R","M","M","R","E","R","B",null,"M","$","?","T","M","E","R","?","T","E","?","M","$","M","R","B",null,"M","M","?","?","M","R","E","R","T","M","?","M","M","$","R","B"],"character_chosen":"WATCHER","items_purchased":["FearNoEvil","Swivel","Bag of Preparation","Happy Flower","Kunai","Discovery+1"],"campfire_rested":7,"item_purchase_floors":[3,3,19,30,48,48],"current_hp_per_floor":[72,72,72,72,72,72,72,37,37,60,50,42,65,60,60,51,72,72,72,57,57,38,5,30,32,32,26,26,28,28,30,55,18,68,55,57,57,39,41,66,12,37,37,33,33,19,12,12,37,0,0],"gold":20,"neow_bonus":"TEN_PERCENT_HP_BONUS","is_daily":false,"chose_seed":false,"campfire_upgraded":2,"win_rate":0.0,"timestamp":1609718356,"path_taken":["M","?","$","M","$","R","M","E","T","R","M","M","R","E","R","BOSS","M","$","?","?","M","E","R","?","T","E","?","?","?","M","R","BOSS","M","?","?","?","?","R","E","R","T","M","?","M","M","?","R","BOSS"],"items_purchased_type":["Card","Card","Relic","Relic","Relic","Card"],"build_version":"2020-12-22","purchased_purges":0,"victory":false,"max_hp_per_floor":[79,79,79,79,79,79,79,79,79,79,79,79,79,79,79,79,79,79,79,84,84,84,84,84,84,84,84,84,84,84,84,84,84,84,84,84,84,84,84,84,84,84,84,84,84,84,84,84,84,84,84],"card_choices":[{"not_picked":["SashWhip","Protect"],"picked":"Conclude","floor":1.0},{"not_picked":["CutThroughFate","EmptyFist"],"picked":"ThirdEye","floor":4.0},{"not_picked":["Evaluate","Vault"],"picked":"WindmillStrike","floor":7.0},{"not_picked":["Conclude","SandsOfTime"],"picked":"WheelKick","floor":8.0},{"not_picked":["Swivel","Evaluate"],"picked":"BattleHymn","floor":11.0},{"not_picked":["FlyingSleeves","Crescendo"],"picked":"BowlingBash","floor":12.0},{"not_picked":["CrushJoints","FlyingSleeves"],"picked":"SashWhip","floor":14.0},{"not_picked":["Blasphemy","Alpha"],"picked":"DeusExMachina","floor":16.0},{"not_picked":["FlyingSleeves","Evaluate"],"picked":"Crescendo+1","floor":18},{"not_picked":["ClearTheMind","Adaptation+1"],"picked":"DeceiveReality","floor":22},{"not_picked":["FlyingSleeves","FearNoEvil","WheelKick+1"],"picked":"SKIP","floor":23},{"not_picked":["Adaptation","Worship+1"],"picked":"PathToVictory+1","floor":25},{"not_picked":["MentalFortress+1","CutThroughFate"],"picked":"Fasting2+1","floor":27},{"not_picked":["SashWhip","Wireheading+1","Consecrate"],"picked":"SKIP","floor":29},{"not_picked":["ThirdEye","Protect"],"picked":"MasterReality+1","floor":31},{"not_picked":["Devotion+1","DeusExMachina"],"picked":"DevaForm+1","floor":33},{"not_picked":["EmptyFist+1","Nirvana+1"],"picked":"Worship+1","floor":35},{"not_picked":["EmptyFist","SashWhip"],"picked":"MentalFortress+1","floor":36},{"not_picked":["Worship+1","CrushJoints+1"],"picked":"InnerPeace+1","floor":38},{"not_picked":["ThirdEye+1","BowlingBash+1"],"picked":"JustLucky+1","floor":39},{"not_picked":["Protect+1","BattleHymn+1"],"picked":"Indignation+1","floor":41},{"not_picked":["JustLucky","WindmillStrike+1"],"picked":"ReachHeaven","floor":44},{"not_picked":["Mayhem+1","Impatience+1"],"picked":"Enlightenment+1","floor":45},{"not_picked":["Study+1","Evaluate+1"],"picked":"EmptyBody+1","floor":46},{"not_picked":["Adaptation+1","JustLucky+1"],"picked":"Tantrum+1","floor":47}],"player_experience":1189407,"relics_obtained":[{"floor":8.0,"key":"Whetstone"},{"floor":9.0,"key":"Orichalcum"},{"floor":14.0,"key":"Bottled Tornado"},{"floor":21,"key":"Gremlin Horn"},{"floor":23,"key":"Blood Vial"},{"floor":25,"key":"Red Mask"},{"floor":26,"key":"Frozen Egg 2"},{"floor":27,"key":"Ornamental Fan"},{"floor":34,"key":"Lantern"},{"floor":34,"key":"Toxic Egg 2"},{"floor":34,"key":"FossilizedHelix"},{"floor":38,"key":"Ice Cream"},{"floor":41,"key":"Mercury Hourglass"},{"floor":43,"key":"Pantograph"}],"event_choices":[{"damage_healed":0.0,"max_hp_gain":0.0,"max_hp_loss":0.0,"gold_gain":0.0,"event_name":"Living Wall","player_choice":"Grow","floor":2.0,"gold_loss":0.0,"damage_taken":0.0,"cards_upgraded":["Eruption"]},{"damage_healed":0,"gold_gain":0,"player_choice":"Shed Blood","damage_taken":20,"max_hp_gain":5,"max_hp_loss":0,"event_name":"Forgotten Altar","floor":20,"gold_loss":0},{"damage_healed":0,"gold_gain":0,"player_choice":"Fought Bandits","damage_taken":0,"max_hp_gain":0,"max_hp_loss":0,"event_name":"Masked Bandits","floor":25,"gold_loss":0},{"damage_healed":0,"gold_gain":0,"player_choice":"Ignored","damage_taken":0,"max_hp_gain":0,"max_hp_loss":0,"event_name":"Ghosts","floor":28,"gold_loss":0},{"cards_removed":["Worship"],"damage_healed":0,"gold_gain":0,"player_choice":"Removed Skill","damage_taken":0,"max_hp_gain":0,"max_hp_loss":0,"event_name":"Falling","floor":37,"gold_loss":0},{"damage_healed":0,"gold_gain":0,"player_choice":"Fight","damage_taken":0,"max_hp_gain":0,"max_hp_loss":0,"event_name":"MindBloom","floor":38,"gold_loss":0},{"damage_healed":0,"gold_gain":0,"player_choice":"Memory 1","damage_taken":0,"max_hp_gain":0,"max_hp_loss":0,"event_name":"SensoryStone","floor":45,"gold_loss":0}],"is_beta":false,"boss_relics":[{"not_picked":["Velvet Choker","Astrolabe"],"picked":"Sozu"},{"not_picked":["VioletLotus","Fusion Hammer"],"picked":"Calling Bell"}],"items_purged_floors":[],"is_endless":false,"potions_floor_spawned":[7,12,14,16,18,22,29,33,35,39,44,46],"killed_by":"Time Eater","ascension_level":11}}