{"host":"873t0y8ybyo38pfq","time":1609689571,"event":{"mods":["BaseMod","Bestiary","Colored Map","Colored Powertips","Highlight Path","Minty Spire (QoL Compilation)","Quick Restart","RNG Fix","Rare Cards Sparkle","Relic Stats","StSLib"],"gold_per_floor":[11,21,96,37,37,64,64,64,116,135,164,164,180,180,180],"floor_reached":14,"playtime":287,"items_purged":[],"score":196,"play_id":"996e95e8-9472-4f39-91b5-a039f068e74d","local_time":"20210103105931","is_ascension_mode":true,"campfire_choices":[{"floor":7,"key":"REST"},{"floor":12,"key":"REST"}],"circlet_count":0,"master_deck":["AscendersBane","Strike_B","Strike_B","Strike_B","Strike_B","Defend_B+1","Defend_B","Defend_B","Defend_B+1","Zap","Dualcast","Loop","Darkness","Redo","Decay","Stack","Coolheaded","Redo","Hologram"],"relics":["Cracked Core","TungstenRod","Symbiotic Virus","Mercury Hourglass","Centennial Puzzle","War Paint"],"acts_visited":["Exordium"],"potions_floor_usage":[6,14],"damage_taken":[{"damage":8,"enemies":"Small Slimes","floor":1,"turns":3},{"damage":0,"enemies":"Cultist","floor":2,"turns":4},{"damage":29,"enemies":"Lagavulin","floor":6,"turns":7},{"damage":6,"enemies":"Jaw Worm","floor":10,"turns":2},{"damage":19,"enemies":"3 Sentries","floor":11,"turns":7},{"damage":2,"enemies":"3 Louse","floor":13,"turns":3},{"damage":51,"enemies":"Gremlin Nob","floor":14,"turns":3}],"seed_played":"5659631314300675073","potions_obtained":[{"floor":1,"key":"AttackPotion"},{"floor":6,"key":"ColorlessPotion"}],"is_trial":false,"path_per_floor":["M","M","?","$","?","E","R","?","T","M","E","R","M","E"],"character_chosen":"DEFECT","items_purchased":["Redo"],"campfire_rested":2,"item_purchase_floors":[4],"current_hp_per_floor":[56,56,46,46,46,17,38,34,34,28,9,30,28,0,0],"gold":180,"neow_bonus":"ONE_RARE_RELIC","is_daily":false,"chose_seed":false,"campfire_upgraded":0,"win_rate":0.0,"timestamp":1609689571,"path_taken":["M","M","?","$","?","E","R","?","T","M","E","R","?","E"],"items_purchased_type":["Card"],"build_version":"2020-12-22","purchased_purges":0,"victory":false,"max_hp_per_floor":[71,71,71,71,71,71,71,71,71,71,71,71,71,71,71],"relic_stats":{"Centennial Puzzle":[12],"counters":[7,28],"War Paint":["Defend_B","Defend_B"],"obtain_stats":[{"Centennial Puzzle":9,"War Paint":11,"Cracked Core":0,"Symbiotic Virus":6,"TungstenRod":0,"Mercury Hourglass":8},{"Centennial Puzzle":3,"War Paint":5,"Cracked Core":0,"Symbiotic Virus":3,"TungstenRod":0,"Mercury Hourglass":3},{"Centennial Puzzle":13,"War Paint":22,"Cracked Core":0,"Symbiotic Virus":13,"TungstenRod":0,"Mercury Hourglass":13}],"TungstenRod":19,"Mercury Hourglass":[81]},"card_choices":[{"not_picked":["Beam Cell","Aggregate"],"picked":"Loop","floor":1},{"not_picked":["Go for the Eyes","Gash"],"picked":"Darkness","floor":2},{"not_picked":["Rebound","Loop"],"picked":"Stack","floor":6},{"not_picked":["Cold Snap","Rip and Tear"],"picked":"Coolheaded","floor":10},{"not_picked":["Sweeping Beam","Rip and Tear"],"picked":"Redo","floor":11},{"not_picked":["Ball Lightning","Cold Snap"],"picked":"Hologram","floor":13}],"player_experience":1488712,"relics_obtained":[{"floor":6,"key":"Symbiotic Virus"},{"floor":9,"key":"Centennial Puzzle"},{"floor":11,"key":"War Paint"}],"event_choices":[{"damage_healed":0,"gold_gain":75,"player_choice":"Gather Gold","damage_taken":11,"max_hp_gain":0,"max_hp_loss":0,"event_name":"World of Goop","floor":3,"gold_loss":0},{"damage_healed":0,"gold_gain":0,"player_choice":"Cursed","damage_taken":0,"max_hp_gain":0,"max_hp_loss":0,"event_name":"Wheel of Change","floor":5,"gold_loss":0,"cards_obtained":["Decay"]},{"damage_healed":0,"gold_gain":0,"player_choice":"Success","damage_taken":5,"relics_obtained":["Mercury Hourglass"],"max_hp_gain":0,"max_hp_loss":0,"event_name":"Scrap Ooze","floor":8,"gold_loss":0}],"is_beta":false,"boss_relics":[],"items_purged_floors":[],"is_endless":false,"potions_floor_spawned":[1,6],"killed_by":"Gremlin Nob","ascension_level":20}}