{"host":"dntw6kil9p09eemm","time":1609640139,"event":{"mods":["Alarm Clock","Aspiration","BaseMod","Downfall","Hermit","Hubris","Minty Spire (QoL Compilation)","Permanent Neow","Replay The Spire","Shop Mod","StSLib","The Runesmith"],"gold_per_floor":[112,123,137,155,155,155,155,174,174,193,213,213,239,252,252,352,352,369,389,406,424,441,441,460,491,562,578,578,203,203,235,235,336,336,353,366,379,395,407,407,425,425,425,350,350,365,375,390,390,390],"floor_reached":51,"playtime":3301,"items_purged":["hexamod:Defend","hexamod:Strike"],"score":753,"play_id":"5e80d2f4-9915-4301-981c-f800eeabe6bf","local_time":"20210103111539","is_ascension_mode":false,"campfire_choices":[{"data":"hexamod:Float","floor":6,"key":"SMITH"},{"data":"hexamod:FastForward","floor":12,"key":"SMITH"},{"data":"hexamod:WildfireWeapon","floor":15,"key":"SMITH"},{"data":"hexamod:SoulSteal","floor":23,"key":"SMITH"},{"data":"hexamod:FastForward","floor":28,"key":"SMITH"},{"data":"hexamod:ThermalTransfer","floor":32,"key":"SMITH"},{"data":"hexamod:ApocalypticArmor","floor":40,"key":"SMITH"},{"floor":49,"key":"REST"}],"circlet_count":0,"master_deck":["hexamod:Strike","hexamod:Strike","hexamod:Strike","hexamod:Defend","hexamod:Defend","hexamod:Sear","hexamod:Float+1","hexamod:WildfireWeapon+1","hexamod:FastForward+1","hexamod:FastForward+1","hexamod:FirstSeal","hexamod:VolcanoVisage","hexamod:BurningTouch+1","hexamod:SoulSteal+1","hexamod:ThermalTransfer+1","hexamod:GhostflameBarrier+1","hexamod:SuperheatedStrike+1","hexamod:ApocalypticArmor+1","hexamod:SpectralSpark"],"relics":["hexamod:SpiritBrand","Counterbalance","hexamod:MatchstickCase","Painkiller Herb","Guardian:PocketSentry","Ornamental Fan","MerchantsRug","OrangePellets","Replay:Wax Seal","hubris:RunicObelisk","hubris:BottledRain"],"acts_visited":["Exordium","TheCity","TheBeyond"],"potions_floor_usage":[13,18,19,21,22,27,33],"damage_taken":[{"damage":6,"enemies":"Cultist","floor":1,"turns":3},{"damage":0,"enemies":"2 Louse","floor":2,"turns":3},{"damage":0,"enemies":"Jaw Worm","floor":3,"turns":3},{"damage":1,"enemies":"Blue Slaver","floor":4,"turns":3},{"damage":0,"enemies":"3 Louse","floor":8,"turns":4},{"damage":2,"enemies":"Exordium Thugs","floor":10,"turns":3},{"damage":0,"enemies":"Exordium Wildlife","floor":11,"turns":4},{"damage":14,"enemies":"Lagavulin","floor":13,"turns":6},{"damage":1,"enemies":"Gremlin Gang","floor":14,"turns":4},{"damage":32,"enemies":"Fading Forest","floor":16,"turns":11},{"damage":11,"enemies":"Spheric Guardian","floor":18,"turns":4},{"damage":1,"enemies":"Shell Parasite","floor":19,"turns":4},{"damage":6,"enemies":"Centurion and Healer","floor":20,"turns":5},{"damage":0,"enemies":"Chosen and Byrds","floor":21,"turns":4},{"damage":0,"enemies":"Cultist and Chosen","floor":22,"turns":3},{"damage":8,"enemies":"3 Cultists","floor":24,"turns":5},{"damage":4,"enemies":"Replay:Snechameleon","floor":25,"turns":6},{"damage":8,"enemies":"Chosen and Byrds","floor":27,"turns":5},{"damage":6,"enemies":"Book of Stabbing","floor":31,"turns":4},{"damage":0,"enemies":"Collector","floor":33,"turns":6},{"damage":11,"enemies":"Orb Walker","floor":35,"turns":3},{"damage":6,"enemies":"3 Darklings","floor":36,"turns":3},{"damage":0,"enemies":"Maw","floor":37,"turns":7},{"damage":3,"enemies":"Writhing Mass","floor":38,"turns":5},{"damage":3,"enemies":"3 Darklings","floor":39,"turns":4},{"damage":10,"enemies":"Sphere and 2 Shapes","floor":41,"turns":6},{"damage":4,"enemies":"Maw","floor":46,"turns":7},{"damage":27,"enemies":"3 Darklings","floor":47,"turns":3},{"damage":7,"enemies":"Sphere and 2 Shapes","floor":48,"turns":6},{"damage":28,"enemies":"Donu and Deca","floor":50,"turns":9}],"seed_played":"1882261474776547037","potions_obtained":[{"floor":2,"key":"hexamod:EctoCoolerPotion"},{"floor":8,"key":"sneckomod:MuddlingPotion"},{"floor":11,"key":"FearPotion"},{"floor":13,"key":"Fruit Juice"},{"floor":16,"key":"BlessingOfTheForge"},{"floor":18,"key":"SkillPotion"},{"floor":20,"key":"Explosive Potion"},{"floor":21,"key":"hexamod:EctoCoolerPotion"},{"floor":31,"key":"Languid Potion"},{"floor":33,"key":"sneckomod:MuddlingPotion"},{"floor":37,"key":"FairyPotion"},{"floor":41,"key":"Fire Potion"},{"floor":46,"key":"Milkshake"}],"is_trial":false,"path_per_floor":["M","M","M","M","$","R","?","M","T","M","M","R","E","M","R","B",null,"?","?","?","?","?","T","?","E","T","?","T","T","?","E","T","B",null,"?","?","?","?","?","T","?","?","T","T","?","?","?","?","T","B",null],"character_chosen":"THE_SPIRIT","items_purchased":["MerchantsRug","OrangePellets"],"campfire_rested":1,"item_purchase_floors":[29,29],"current_hp_per_floor":[64,64,64,63,63,63,63,63,63,68,70,70,68,67,67,45,75,71,75,75,75,75,75,74,75,75,74,74,74,74,75,75,75,75,71,72,75,75,75,75,72,72,72,72,72,75,55,55,75,54],"gold":390,"neow_bonus":"ONE_RANDOM_RARE_CARD","is_daily":false,"chose_seed":false,"campfire_upgraded":7,"win_rate":0.0,"timestamp":1609640139,"path_taken":["M","M","?","?","$","R","?","?","T","M","?","R","E","M","R","BOSS","?","?","?","?","?","T","?","E","T","?","T","T","?","E","T","BOSS","?","?","?","?","?","T","?","?","T","T","?","?","?","?","T","BOSS"],"items_purchased_type":["Relic","Relic"],"build_version":"2020-12-22","purchased_purges":2,"victory":true,"max_hp_per_floor":[70,70,70,70,70,70,70,70,70,70,70,70,75,75,75,75,75,75,75,75,75,75,75,75,75,75,75,75,75,75,75,75,75,75,75,75,75,75,75,75,75,75,75,75,75,75,75,75,75,75],"card_choices":[{"not_picked":["hexamod:RainOfEmbers","hexamod:NightmareStrike","hexamod:Firestarter"],"picked":"SKIP","floor":1},{"not_picked":["hexamod:Again","hexamod:Hexaguard"],"picked":"hexamod:FastForward","floor":2},{"not_picked":["hexamod:NightmareGuise","hexamod:NightmareStrike","hexamod:ShieldOfDarkness"],"picked":"SKIP","floor":3},{"not_picked":["hexamod:FlamesFromBeyond","hexamod:RadiantFlame"],"picked":"hexamod:FastForward","floor":4},{"not_picked":["hexamod:GhostOfSpirePresent","hexamod:GhostLash"],"picked":"hexamod:FirstSeal","floor":8},{"not_picked":["hexamod:ChargedBarrage","hexamod:SpectersWail","hexamod:InspiringFlames"],"picked":"SKIP","floor":10},{"not_picked":["hexamod:NightmareStrike","hexamod:FifthSeal","hexamod:ShieldOfDarkness"],"picked":"SKIP","floor":11},{"not_picked":["hexamod:ShieldOfDarkness","hexamod:HauntingEcho","hexamod:GhostLash"],"picked":"SKIP","floor":13},{"not_picked":["hexamod:SkipABeat","hexamod:GhostLash","hexamod:ExtraCrispy"],"picked":"SKIP","floor":14},{"not_picked":["hexamod:ParanormalForm","hexamod:CrushingStance"],"picked":"hexamod:VolcanoVisage","floor":16},{"not_picked":["hexamod:InspiringFlames","hexamod:EtherealExpedition"],"picked":"hexamod:BurningTouch+1","floor":18},{"not_picked":["hexamod:Incineration","hexamod:AdvancingGuard+1","hexamod:FirstSeal"],"picked":"SKIP","floor":19},{"not_picked":["hexamod:BurningTouch","hexamod:GhostShield+1"],"picked":"hexamod:SoulSteal","floor":20},{"not_picked":["hexamod:GhostShield","hexamod:HeatCrush+1"],"picked":"hexamod:ThermalTransfer","floor":21},{"not_picked":["hexamod:GhostOfSpirePresent","hexamod:FastForward"],"picked":"hexamod:GhostflameBarrier+1","floor":22},{"not_picked":["hexamod:InspiringFlames","hexamod:EmpoweringStance","hexamod:BurningTouch"],"picked":"SKIP","floor":24},{"not_picked":["hexamod:CrushingStance","hexamod:NightmareStrike+1","hexamod:NightmareGuise"],"picked":"SKIP","floor":25},{"not_picked":["hexamod:NightmareStrike","hexamod:SwordOfDarkness+1","hexamod:GhostShield"],"picked":"SKIP","floor":27},{"not_picked":["hexamod:FifthSeal","hexamod:BurningTouch+1"],"picked":"hexamod:SuperheatedStrike+1","floor":31},{"not_picked":["hexamod:HexaLevel","hexamod:VolcanoVisage"],"picked":"hexamod:ApocalypticArmor","floor":33},{"not_picked":["hexamod:Firestarter+1","hexamod:PowerFromBeyond+1","hexamod:SkipABeat+1"],"picked":"SKIP","floor":35},{"not_picked":["hexamod:SpectralAdrenaline+1","hexamod:RainOfEmbers+1","hexamod:NightmareGuise+1"],"picked":"SKIP","floor":36},{"not_picked":["hexamod:HeatShield","hexamod:EtherealExpedition","hexamod:NightmareStrike+1"],"picked":"SKIP","floor":37},{"not_picked":["hexamod:SwordOfDarkness+1","hexamod:FastForward+1","hexamod:BacktrackSmack"],"picked":"SKIP","floor":38},{"not_picked":["hexamod:InspiringFlames","hexamod:PhantomCloak+1","hexamod:GhostOfSpirePresent+1"],"picked":"SKIP","floor":39},{"not_picked":["hexamod:GhostLash+1","hexamod:Hexaguard+1"],"picked":"hexamod:SpectralSpark","floor":41},{"not_picked":["hexamod:FourthSeal","hexamod:SpectersWail+1","hexamod:HeatCrush"],"picked":"SKIP","floor":46},{"not_picked":["hexamod:ShieldOfDarkness+1","hexamod:NightmareGuise","hexamod:Rewind"],"picked":"SKIP","floor":47},{"not_picked":["hexamod:SpectralSpark","hexamod:RainOfEmbers+1","hexamod:BacktrackSmack+1"],"picked":"SKIP","floor":48}],"player_experience":534454,"relics_obtained":[{"floor":9,"key":"Counterbalance"},{"floor":13,"key":"hexamod:MatchstickCase"},{"floor":25,"key":"Guardian:PocketSentry"},{"floor":26,"key":"Ornamental Fan"},{"floor":31,"key":"Replay:Wax Seal"},{"floor":43,"key":"hubris:BottledRain"}],"event_choices":[{"cards_removed":["hexamod:Defend"],"damage_healed":0,"gold_gain":0,"player_choice":"Purged","damage_taken":0,"max_hp_gain":0,"max_hp_loss":0,"event_name":"Purifier","floor":7,"gold_loss":0}],"is_beta":false,"boss_relics":[{"not_picked":["Velvet Choker","Philosopher\u0027s Stone"],"picked":"Painkiller Herb"},{"not_picked":["aspiration:RunicSpoon","Sozu"],"picked":"hubris:RunicObelisk"}],"items_purged_floors":[29,44],"is_endless":false,"potions_floor_spawned":[2,8,11,13,16,18,20,21,31,33,37,39,41,46],"ascension_level":0}}