{"host":"obbn5gje3893ci3z","time":1609674752,"event":{"mods":["BaseMod","Colored Powertips","Minty Spire (QoL Compilation)","The Servant 0.9.4"],"gold_per_floor":[118,135,60,10,10,38,50,78,90,102,128,40,53,72,72,167,167,182,122,140,159,176,176,191,191,191,191,191],"floor_reached":27,"playtime":1982,"items_purged":["Strike_S","Strike_S"],"score":278,"play_id":"5a520988-47f9-4297-a299-232aca91eae5","local_time":"20210103195232","is_ascension_mode":true,"campfire_choices":[{"data":"FanOfKnives","floor":7.0,"key":"SMITH"},{"data":"Misdirection","floor":10.0,"key":"SMITH"},{"data":"ReturningBlade","floor":15.0,"key":"SMITH"},{"data":"SilverBlades","floor":23,"key":"SMITH"},{"data":"Dilation","floor":25,"key":"SMITH"}],"circlet_count":0,"master_deck":["Strike_S","Defend_S","Defend_S","Defend_S","KidneyShot","Exchange","Rewind+1","FanOfKnives+1","Misdirection+1","ReturningBlade+1","Dilation+1","Rewind+1","SilverBlades+1","SurpressingFire+1"],"relics":["Uniform","NeowsBlessing","MawBank","Eternal Feather","MysterySword","Dream Catcher"],"acts_visited":["Exordium","TheCity"],"potions_floor_usage":[22,22],"damage_taken":[{"damage":0.0,"enemies":"2 Louse","floor":1.0,"turns":1.0},{"damage":0.0,"enemies":"Small Slimes","floor":2.0,"turns":1.0},{"damage":0.0,"enemies":"3 Sentries","floor":6.0,"turns":2.0},{"damage":0.0,"enemies":"Cultist","floor":8.0,"turns":4.0},{"damage":5.0,"enemies":"Lots of Slimes","floor":11.0,"turns":3.0},{"damage":1.0,"enemies":"Exordium Wildlife","floor":13.0,"turns":3.0},{"damage":0.0,"enemies":"Red Slaver","floor":14.0,"turns":6.0},{"damage":60.0,"enemies":"Hexaghost","floor":16.0,"turns":15.0},{"damage":22.0,"enemies":"Shell Parasite","floor":18.0,"turns":9.0},{"damage":33.0,"enemies":"3 Byrds","floor":20.0,"turns":9.0},{"damage":0.0,"enemies":"Snecko","floor":21.0,"turns":6.0},{"damage":0,"enemies":"3 Cultists","floor":22,"turns":2},{"damage":11,"enemies":"Centurion and Healer","floor":24,"turns":5},{"damage":0,"enemies":"Slavers","floor":27,"turns":1}],"seed_played":"-1600544044380350844","potions_obtained":[{"floor":1.0,"key":"SkillPotion"},{"floor":8.0,"key":"Strength Potion"},{"floor":11.0,"key":"Energy Potion"},{"floor":20.0,"key":"LiquidMemories"}],"is_trial":false,"path_per_floor":["M","M","$","?","?","E","R","M","T","R","M","$","M","M","R","B",null,"M","?","M","M","M","R","M","R","T","E"],"character_chosen":"THE_SERVANT","items_purchased":[],"campfire_rested":0,"item_purchase_floors":[],"current_hp_per_floor":[65,65,65,65,65,65,65,65,65,65,60,60,59,59,65,5,65,43,43,10,10,10,16,5,11,11,11,11],"gold":191,"neow_bonus":"THREE_ENEMY_KILL","is_daily":false,"chose_seed":false,"campfire_upgraded":5,"win_rate":0.0,"timestamp":1609674752,"path_taken":["M","M","$","?","?","E","R","M","T","R","M","$","?","?","R","BOSS","M","?","M","?","M","R","M","R","T","E"],"items_purchased_type":[],"build_version":"2020-12-22","purchased_purges":2,"victory":false,"max_hp_per_floor":[65,65,65,65,65,65,65,65,65,65,65,65,65,65,65,65,65,65,65,65,65,65,65,65,65,65,65,65],"card_choices":[{"not_picked":["SilverBlades","ShatteredReality","Revamp"],"picked":"SKIP","floor":1.0},{"not_picked":["ShatteredReality","Alleviate"],"picked":"Rewind","floor":2.0},{"not_picked":["TimeWarp","Replace"],"picked":"FanOfKnives","floor":6.0},{"not_picked":["FloweringNight","Gouge"],"picked":"Misdirection","floor":8.0},{"not_picked":["Defy","Potential","Moondial"],"picked":"SKIP","floor":11.0},{"not_picked":["DoubleEdge","Starlight","ShatteredReality"],"picked":"SKIP","floor":13.0},{"not_picked":["Manipulate","Starlight"],"picked":"ReturningBlade","floor":14.0},{"not_picked":["Embodiment","TrueSight"],"picked":"Dilation","floor":16.0},{"not_picked":["Barrier","BottledTime","TimeWarp+1"],"picked":"SKIP","floor":18.0},{"not_picked":["Potential","Unruled"],"picked":"Rewind+1","floor":20.0},{"not_picked":["Ricochet","Barrier"],"picked":"SilverBlades","floor":21.0},{"not_picked":["Sabotage","Spin+1","Rewind"],"picked":"SKIP","floor":22},{"not_picked":["Defy","Read"],"picked":"SurpressingFire+1","floor":24}],"player_experience":44321,"relics_obtained":[{"floor":6.0,"key":"MawBank"},{"floor":9.0,"key":"Eternal Feather"},{"floor":26,"key":"Dream Catcher"}],"event_choices":[{"cards_removed":["Defend_S"],"damage_healed":0.0,"max_hp_gain":0.0,"max_hp_loss":0.0,"gold_gain":0.0,"event_name":"The Cleric","player_choice":"Card Removal","floor":4.0,"gold_loss":50.0,"damage_taken":0.0},{"damage_healed":0.0,"max_hp_gain":0.0,"max_hp_loss":0.0,"gold_gain":0.0,"event_name":"Accursed Blacksmith","player_choice":"Forge","floor":5.0,"gold_loss":0.0,"damage_taken":0.0,"cards_upgraded":["Rewind"]},{"cards_removed":["Strike_S"],"damage_healed":0.0,"max_hp_gain":0.0,"max_hp_loss":0.0,"gold_gain":0.0,"event_name":"Designer","player_choice":"Single Remove","floor":19.0,"gold_loss":60.0,"damage_taken":0.0}],"is_beta":false,"boss_relics":[{"not_picked":["Velvet Choker","Empty Cage"],"picked":"MysterySword"}],"items_purged_floors":[3,12],"is_endless":false,"potions_floor_spawned":[1,8,11,16,18,20,21],"killed_by":"Slavers","ascension_level":3}}