{"host":"3bmixpcp66vorgem","time":1609702027,"event":{"mods":["AchievementEnabler","BaseMod","JesterMod","Minty Spire (QoL Compilation)","Slay the Relics Exporter","StSLib"],"gold_per_floor":[115,131,144,19,30,30,48,48,48,48,67,67,81,81,81,180,180,194,206,57,57,57],"floor_reached":21,"playtime":1244,"items_purged":["jesterMod:Strike"],"score":208,"play_id":"1c4571f8-c92c-4144-bd27-c50740f41c8a","local_time":"20210103202707","is_ascension_mode":true,"campfire_choices":[{"data":"jesterMod:Precipitation","floor":6,"key":"SMITH"},{"data":"jesterMod:Precipitation","floor":8,"key":"SMITH"},{"data":"jesterMod:DancingMad","floor":15,"key":"SMITH"}],"circlet_count":0,"master_deck":["jesterMod:Strike","jesterMod:Strike","jesterMod:Sickle","jesterMod:Defend","jesterMod:Defend","jesterMod:Defend","jesterMod:Defend","jesterMod:Dodge","Master of Strategy","jesterMod:Mending","jesterMod:Precipitation+1","jesterMod:Prankster","jesterMod:Prankster","jesterMod:JugglerBlade","jesterMod:Precipitation+1","jesterMod:Pause","Parasite","jesterMod:DancingMad+1","jesterMod:Overthink","jesterMod:Precipitation+1"],"relics":["jesterMod:JesterCap","Kunai","Busted Crown","DollysMirror"],"acts_visited":["Exordium","TheCity"],"potions_floor_usage":[11,13,18],"damage_taken":[{"damage":12,"enemies":"Jaw Worm","floor":1,"turns":7},{"damage":0,"enemies":"Cultist","floor":2,"turns":4},{"damage":0,"enemies":"Small Slimes","floor":3,"turns":3},{"damage":10,"enemies":"2 Fungi Beasts","floor":5,"turns":4},{"damage":6,"enemies":"Looter","floor":7,"turns":3},{"damage":9,"enemies":"3 Louse","floor":11,"turns":2},{"damage":0,"enemies":"Large Slime","floor":13,"turns":4},{"damage":25,"enemies":"The Guardian","floor":16,"turns":9},{"damage":29,"enemies":"2 Thieves","floor":18,"turns":3},{"damage":24,"enemies":"3 Byrds","floor":19,"turns":4},{"damage":18,"enemies":"Centurion and Healer","floor":21,"turns":2}],"seed_played":"1144842305490456222","potions_obtained":[{"floor":5,"key":"ColorlessPotion"},{"floor":11,"key":"Block Potion"},{"floor":16,"key":"SkillPotion"}],"is_trial":false,"path_per_floor":["M","M","M","$","M","R","M","R","T","?","M","?","M","?","R","B",null,"M","M","$","M"],"character_chosen":"THE_JESTER","items_purchased":["jesterMod:Prankster","DollysMirror"],"campfire_rested":0,"item_purchase_floors":[4,20],"current_hp_per_floor":[37,37,37,37,27,27,21,21,21,21,12,29,29,52,52,27,70,41,17,17,0,0],"gold":57,"neow_bonus":"RANDOM_COLORLESS_2","is_daily":false,"chose_seed":false,"campfire_upgraded":3,"win_rate":0.0,"timestamp":1609702027,"path_taken":["M","M","M","$","M","R","M","R","T","?","?","?","M","?","R","BOSS","M","M","$","M"],"items_purchased_type":["Card","Relic"],"build_version":"2020-12-22","purchased_purges":1,"victory":false,"max_hp_per_floor":[70,70,70,70,70,70,70,70,70,70,70,70,70,70,70,70,70,70,70,70,70,70],"card_choices":[{"not_picked":["Apotheosis","HandOfGreed"],"picked":"Master of Strategy","floor":0},{"not_picked":["jesterMod:Hide","jesterMod:Pause"],"picked":"jesterMod:Mending","floor":1},{"not_picked":["jesterMod:RecklessStrike","jesterMod:Prankster"],"picked":"jesterMod:Precipitation","floor":2},{"not_picked":["jesterMod:ButterKnife","jesterMod:Schizophrenia"],"picked":"jesterMod:Prankster","floor":3},{"not_picked":["jesterMod:Pillage","jesterMod:Arrythmia"],"picked":"jesterMod:JugglerBlade","floor":5},{"not_picked":["jesterMod:SmokeScreen","jesterMod:DanceOfChaos"],"picked":"jesterMod:Precipitation","floor":7},{"not_picked":["jesterMod:LightTheWick","jesterMod:Inspiration"],"picked":"jesterMod:Pause","floor":11},{"not_picked":["jesterMod:LightTheWick","jesterMod:RecklessStrike"],"picked":"jesterMod:DancingMad","floor":13},{"not_picked":["jesterMod:Pillage","jesterMod:Leeches"],"picked":"jesterMod:Overthink","floor":16},{"not_picked":["jesterMod:PerfectDodge"],"picked":"SKIP","floor":18},{"not_picked":["jesterMod:SelfMockery"],"picked":"SKIP","floor":19}],"player_experience":2231832,"relics_obtained":[{"floor":9,"key":"Kunai"}],"event_choices":[{"cards_removed":["jesterMod:Strike"],"damage_healed":0,"gold_gain":0,"player_choice":"Purged","damage_taken":0,"max_hp_gain":0,"max_hp_loss":0,"event_name":"Purifier","floor":10,"gold_loss":0},{"damage_healed":17,"gold_gain":0,"player_choice":"Healed and dodged fight","damage_taken":0,"max_hp_gain":0,"max_hp_loss":0,"event_name":"Mushrooms","floor":12,"gold_loss":0,"cards_obtained":["Parasite"]},{"damage_healed":23,"gold_gain":0,"player_choice":"Banana","damage_taken":0,"max_hp_gain":0,"max_hp_loss":0,"event_name":"Big Fish","floor":14,"gold_loss":0}],"is_beta":false,"boss_relics":[{"not_picked":["Velvet Choker","Philosopher\u0027s Stone"],"picked":"Busted Crown"}],"items_purged_floors":[4],"is_endless":false,"potions_floor_spawned":[5,11,16],"killed_by":"Centurion and Healer","ascension_level":4}}