{"host":"2tgyrzvaa7l04o2e","time":1609715107,"event":{"mods":["BaseMod","Highlight Path","Minty Spire (QoL Compilation)","Permanent Neow","Relic Stats"],"gold_per_floor":[17,28,28,28,42,42,75,75,102,142,169,210,222,234,246,379,391,421,348,139,152,227,267,267,305,355,355,375,408,424,438,438,561,561,579,579,579,604,604,645,645,661,685,723,278,296,165,200,200,200,200,200,23,58,58,58],"floor_reached":55,"playtime":3370,"items_purged":["Strike_R","Strike_R","Strike_R"],"score":1230,"play_id":"04619b12-b6d7-4651-a410-e563b9e8ca52","local_time":"20210104000507","is_ascension_mode":true,"campfire_choices":[{"data":"Apotheosis","floor":6,"key":"SMITH"},{"floor":8,"key":"RECALL"},{"floor":13,"key":"REST"},{"floor":15,"key":"REST"},{"floor":24,"key":"REST"},{"floor":27,"key":"REST"},{"floor":32,"key":"REST"},{"floor":49,"key":"REST"},{"floor":52,"key":"REST"}],"circlet_count":0,"master_deck":["Strike_R","Defend_R","Defend_R","Defend_R","Bash","Apotheosis+1","Clothesline","Battle Trance","Carnage","Demon Form","Inflame+1","Body Slam+1","Shockwave+1","Heavy Blade+1","Fire Breathing+1","Impervious","Sword Boomerang+1","Rage","Flame Barrier+1","Ghostly Armor+1","Madness","Madness","Shrug It Off","Uppercut+1","Panacea","Warcry+1","Dropkick","Evolve","Panache","Fire Breathing+1"],"relics":["Burning Blood","Matryoshka","Pocketwatch","MawBank","Regal Pillow","Dream Catcher","Anchor","Golden Idol","Sozu","Bronze Scales","ClockworkSouvenir","Oddly Smooth Stone","Bird Faced Urn","Toy Ornithopter","Smiling Mask","Pantograph","Philosopher\u0027s Stone","Gambling Chip","Kunai","Letter Opener","Medical Kit","Bottled Lightning","Bag of Preparation"],"acts_visited":["Exordium","TheCity","TheBeyond","TheEnding"],"potions_floor_usage":[10,11,12],"damage_taken":[{"damage":2,"enemies":"Cultist","floor":1,"turns":4},{"damage":0,"enemies":"2 Louse","floor":2,"turns":5},{"damage":2,"enemies":"Jaw Worm","floor":5,"turns":3},{"damage":16,"enemies":"Lagavulin","floor":7,"turns":8},{"damage":17,"enemies":"Gremlin Nob","floor":10,"turns":4},{"damage":7,"enemies":"3 Louse","floor":11,"turns":5},{"damage":7,"enemies":"Lagavulin","floor":12,"turns":6},{"damage":24,"enemies":"The Guardian","floor":16,"turns":14},{"damage":18,"enemies":"Spheric Guardian","floor":18,"turns":5},{"damage":3,"enemies":"Shell Parasite","floor":21,"turns":6},{"damage":49,"enemies":"Gremlin Leader","floor":23,"turns":6},{"damage":24,"enemies":"Slavers","floor":25,"turns":4},{"damage":0,"enemies":"Snake Plant","floor":28,"turns":3},{"damage":0,"enemies":"Gremlin Leader","floor":29,"turns":7},{"damage":19,"enemies":"Centurion and Healer","floor":30,"turns":5},{"damage":43,"enemies":"Sentry and Sphere","floor":31,"turns":4},{"damage":72,"enemies":"Collector","floor":33,"turns":11},{"damage":0,"enemies":"3 Shapes","floor":35,"turns":6},{"damage":6,"enemies":"Orb Walker","floor":38,"turns":3},{"damage":20,"enemies":"Giant Head","floor":40,"turns":8},{"damage":3,"enemies":"Sphere and 2 Shapes","floor":42,"turns":4},{"damage":20,"enemies":"Nemesis","floor":44,"turns":7},{"damage":6,"enemies":"Maw","floor":46,"turns":6},{"damage":6,"enemies":"Reptomancer","floor":48,"turns":5},{"damage":67,"enemies":"Donu and Deca","floor":50,"turns":7},{"damage":79,"enemies":"Shield and Spear","floor":54,"turns":6},{"damage":49,"enemies":"The Heart","floor":55,"turns":6}],"seed_played":"7234802655091418340","potions_obtained":[{"floor":1,"key":"Strength Potion"},{"floor":5,"key":"PowerPotion"},{"floor":7,"key":"SneckoOil"},{"floor":12,"key":"Explosive Potion"}],"is_trial":false,"path_per_floor":["M","M","?","T","M","R","E","R","T","E","M","E","R","?","R","B",null,"M","?","$","M","?","E","R","E","T","R","M","E","M","M","R","B",null,"M","?","?","M","?","E","?","M","T","E","$","M","$","E","R","B",null,"R","$","E","B"],"character_chosen":"IRONCLAD","items_purchased":["ClockworkSouvenir","Letter Opener","Medical Kit","Panacea","Panache"],"campfire_rested":7,"item_purchase_floors":[20,45,45,47,53],"current_hp_per_floor":[76,80,73,73,77,77,67,67,67,56,55,54,80,60,80,62,76,64,64,64,67,59,16,55,37,37,76,80,80,71,40,79,20,65,75,75,65,69,69,61,61,70,70,60,60,66,66,70,80,19,65,80,80,11,0,0],"gold":58,"neow_bonus":"RANDOM_COLORLESS_2","is_daily":false,"chose_seed":false,"campfire_upgraded":1,"win_rate":0.0,"timestamp":1609715107,"path_taken":["M","?","?","?","M","R","E","R","T","E","M","E","R","?","R","BOSS","M","?","$","M","?","E","R","E","T","R","?","E","M","M","R","BOSS","M","?","?","M","?","E","?","?","T","E","$","M","?","E","R","BOSS","R","$","E","BOSS"],"items_purchased_type":["Relic","Relic","Relic","Card","Card"],"build_version":"2020-12-22","purchased_purges":3,"victory":false,"max_hp_per_floor":[80,80,80,80,80,80,80,80,80,80,80,80,80,80,80,80,80,80,80,80,80,80,80,80,80,80,80,80,80,80,80,80,80,80,80,80,80,80,80,80,80,80,80,80,80,80,80,80,80,80,80,80,80,80,80,80],"relic_stats":{"Regal Pillow":47,"counters":[27,158],"Golden Idol":161,"Bag of Preparation":[2],"Letter Opener":[131],"MawBank":132,"Smiling Mask":125,"Medical Kit":[1],"Burning Blood":144,"Sozu":11,"Dream Catcher":7,"Bronze Scales":[401],"Bird Faced Urn":[68],"Pantograph":26,"Gambling Chip":[18],"Kunai":[3],"obtain_stats":[{"Regal Pillow":9,"Golden Idol":14,"Oddly Smooth Stone":23,"Bag of Preparation":54,"Letter Opener":45,"MawBank":9,"Smiling Mask":26,"Medical Kit":45,"Burning Blood":0,"ClockworkSouvenir":20,"Sozu":17,"Dream Catcher":10,"Anchor":12,"Matryoshka":4,"Bronze Scales":19,"Bird Faced Urn":25,"Pantograph":29,"Gambling Chip":40,"Philosopher\u0027s Stone":34,"Kunai":44,"Bottled Lightning":48,"Toy Ornithopter":26,"Pocketwatch":7},{"Regal Pillow":4,"Golden Idol":7,"Oddly Smooth Stone":11,"Bag of Preparation":26,"Letter Opener":22,"MawBank":4,"Smiling Mask":12,"Medical Kit":22,"Burning Blood":0,"ClockworkSouvenir":9,"Sozu":8,"Dream Catcher":5,"Anchor":7,"Matryoshka":2,"Bronze Scales":9,"Bird Faced Urn":12,"Pantograph":14,"Gambling Chip":20,"Philosopher\u0027s Stone":17,"Kunai":22,"Bottled Lightning":24,"Toy Ornithopter":12,"Pocketwatch":4},{"Regal Pillow":20,"Golden Idol":35,"Oddly Smooth Stone":66,"Bag of Preparation":152,"Letter Opener":128,"MawBank":20,"Smiling Mask":70,"Medical Kit":128,"Burning Blood":0,"ClockworkSouvenir":54,"Sozu":49,"Dream Catcher":24,"Anchor":35,"Matryoshka":9,"Bronze Scales":54,"Bird Faced Urn":70,"Pantograph":80,"Gambling Chip":117,"Philosopher\u0027s Stone":100,"Kunai":128,"Bottled Lightning":139,"Toy Ornithopter":70,"Pocketwatch":20}],"Toy Ornithopter":0,"Pocketwatch":[171]},"card_choices":[{"not_picked":["Sadistic Nature","Master of Strategy"],"picked":"Apotheosis","floor":0},{"not_picked":["Anger","Wild Strike"],"picked":"Clothesline","floor":1},{"not_picked":["Iron Wave","Armaments","Pommel Strike"],"picked":"SKIP","floor":2},{"not_picked":["Clothesline","Heavy Blade"],"picked":"Battle Trance","floor":5},{"not_picked":["Power Through","Double Tap","Armaments"],"picked":"SKIP","floor":7},{"not_picked":["Heavy Blade","Havoc","Infernal Blade"],"picked":"SKIP","floor":10},{"not_picked":["Thunderclap","Clash","Clothesline"],"picked":"SKIP","floor":11},{"not_picked":["Combust","Pommel Strike"],"picked":"Carnage","floor":12},{"not_picked":["Fiend Fire","Double Tap"],"picked":"Demon Form","floor":16},{"not_picked":["Pummel+1","Rupture"],"picked":"Inflame+1","floor":18},{"not_picked":["Pommel Strike","Clothesline"],"picked":"Body Slam+1","floor":21},{"not_picked":["Dropkick","Dual Wield"],"picked":"Shockwave+1","floor":23},{"not_picked":["Perfected Strike","Clothesline"],"picked":"Heavy Blade+1","floor":24},{"not_picked":["Blood for Blood","Thunderclap"],"picked":"Fire Breathing+1","floor":25},{"not_picked":["Flex+1","Dropkick"],"picked":"Impervious","floor":28},{"not_picked":["Twin Strike+1","Cleave"],"picked":"Sword Boomerang+1","floor":29},{"not_picked":["Clothesline+1","Bludgeon"],"picked":"Rage","floor":30},{"not_picked":["Bloodletting+1","Blood for Blood"],"picked":"Flame Barrier+1","floor":31},{"not_picked":["True Grit","Perfected Strike"],"picked":"Ghostly Armor+1","floor":32},{"not_picked":["Cleave+1","Flex+1","Headbutt+1"],"picked":"SKIP","floor":35},{"not_picked":["Perfected Strike","Hemokinesis+1","Havoc"],"picked":"SKIP","floor":38},{"not_picked":["Clothesline+1","Perfected Strike+1"],"picked":"Shrug It Off","floor":40},{"not_picked":["Clothesline","Heavy Blade"],"picked":"Uppercut+1","floor":42},{"not_picked":["Clash","Inflame","Flex"],"picked":"SKIP","floor":44},{"not_picked":["Pommel Strike","Combust+1","Offering"],"picked":"SKIP","floor":46},{"not_picked":["Perfected Strike+1","Demon Form"],"picked":"Warcry+1","floor":48},{"not_picked":["Evolve","Twin Strike+1"],"picked":"Dropkick","floor":49},{"not_picked":["Cleave","Sever Soul"],"picked":"Evolve","floor":52},{"not_picked":["Anger+1","Hemokinesis+1"],"picked":"Fire Breathing+1","floor":54}],"player_experience":561501,"relics_obtained":[{"floor":4,"key":"Matryoshka"},{"floor":7,"key":"Pocketwatch"},{"floor":9,"key":"MawBank"},{"floor":9,"key":"Regal Pillow"},{"floor":10,"key":"Dream Catcher"},{"floor":12,"key":"Anchor"},{"floor":23,"key":"Oddly Smooth Stone"},{"floor":25,"key":"Bird Faced Urn"},{"floor":26,"key":"Toy Ornithopter"},{"floor":26,"key":"Smiling Mask"},{"floor":29,"key":"Pantograph"},{"floor":40,"key":"Gambling Chip"},{"floor":44,"key":"Kunai"},{"floor":48,"key":"Bottled Lightning"},{"floor":54,"key":"Bag of Preparation"}],"event_choices":[{"cards_removed":["Strike_R"],"damage_healed":0,"gold_gain":0,"player_choice":"Card Removal","damage_taken":7,"max_hp_gain":0,"max_hp_loss":0,"event_name":"Golden Wing","floor":3,"gold_loss":0},{"damage_healed":0,"gold_gain":0,"player_choice":"Take Damage","damage_taken":20,"relics_obtained":["Golden Idol"],"max_hp_gain":0,"max_hp_loss":0,"event_name":"Golden Idol","floor":14,"gold_loss":0},{"damage_healed":0,"gold_gain":0,"player_choice":"Obtained Relic","damage_taken":0,"relics_obtained":["Bronze Scales"],"max_hp_gain":0,"max_hp_loss":0,"event_name":"Addict","floor":19,"gold_loss":85},{"damage_healed":0,"gold_gain":75,"player_choice":"Touch","damage_taken":8,"max_hp_gain":0,"max_hp_loss":0,"event_name":"FaceTrader","floor":22,"gold_loss":0},{"damage_healed":0,"gold_gain":0,"player_choice":"Ignored","damage_taken":0,"max_hp_gain":0,"max_hp_loss":0,"event_name":"Tomb of Lord Red Mask","floor":36,"gold_loss":0},{"damage_healed":0,"gold_gain":0,"player_choice":"Embrace Madness","damage_taken":10,"max_hp_gain":0,"max_hp_loss":0,"event_name":"Winding Halls","floor":37,"gold_loss":0,"cards_obtained":["Madness","Madness"]},{"cards_removed":["Defend_R"],"damage_healed":0,"gold_gain":0,"player_choice":"Removed Skill","damage_taken":0,"max_hp_gain":0,"max_hp_loss":0,"event_name":"Falling","floor":39,"gold_loss":0},{"damage_healed":0,"gold_gain":0,"player_choice":"Got Potions","damage_taken":0,"max_hp_gain":0,"max_hp_loss":0,"event_name":"Lab","floor":41,"gold_loss":0}],"is_beta":false,"boss_relics":[{"not_picked":["SlaversCollar","Pandora\u0027s Box"],"picked":"Sozu"},{"not_picked":["Tiny House","Runic Cube"],"picked":"Philosopher\u0027s Stone"}],"items_purged_floors":[20,45,47],"is_endless":false,"potions_floor_spawned":[1,5,7,12,18,21,28,30,33,38,46,48],"killed_by":"The Heart","ascension_level":9}}