{"host":"5c1rfni4ms1ztn71","time":1609695482,"event":{"mods":["AchievementEnabler","BaseMod","ChefMod","Downfall","Duelist Mod","Hermit","Hubris","Infinite Spire","Jorbs\u0027s Wanderer Trilogy","Marisa????????","Minty Spire (QoL Compilation)","Potionbrewer","Replay The Spire","SOS???????","Somnambulant","StSLib","Td1madao Mod","The Administrix","The Animator","The Bladedancer","The Bug Knight","The Construct","The Cursed","The Death Knight","The Disciple","The Forsaken","The Hierophant","The Mystic","The Necromancer","The Poker Player","The Runesmith","The Senshi","The Servant 0.9.4","The Wild Card","???Mod??????Boss"],"gold_per_floor":[137,137,137,28,28,28,28,58,58,68,83,113,132,148,148,246,246,257,257,272,272,290,300,300,318,318,334,350,368,388,404,404,502,502,516,536,555,555,571,584,584,595,622,622,635,646,646,646,646,646],"floor_reached":51,"playtime":6562,"items_purged":[],"score":746,"play_id":"ff4c70f0-270a-4534-b051-8ef31fa7047d","local_time":"20210103123802","is_ascension_mode":false,"campfire_choices":[{"data":"theDuelist:MiraculousDescent","floor":6,"key":"SMITH"},{"data":"theDuelist:CharcoalInpachi","floor":15,"key":"SMITH"},{"data":"infinitespire:Oblivion","floor":24,"key":"SMITH"},{"data":"theDuelist:RainbowKuriboh","floor":32,"key":"SMITH"},{"data":"theDuelist:RainbowKuriboh","floor":44,"key":"SMITH"},{"data":"theDuelist:CharcoalInpachi+1","floor":47,"key":"SMITH"},{"data":"theDuelist:AncientGearFist+1","floor":49,"key":"SMITH"}],"circlet_count":0,"master_deck":["theDuelist:BeaverWarrior","theDuelist:BeaverWarrior+1","theDuelist:CastleWalls","theDuelist:FinalFlame","theDuelist:GiantSoldier","theDuelist:GiantSoldier","theDuelist:Sparks","theDuelist:Sparks","theDuelist:Fissure","theDuelist:MillenniumGolem+1","theDuelist:RainbowNeos","theDuelist:MiraculousDescent+1","theDuelist:MiraculousDescent+1","theDuelist:CharcoalInpachi+2","theDuelist:WingedKuriboh","theDuelist:Tuningware","theDuelist:WormApocalypse","theDuelist:SangaEarth","theDuelist:YamiForm","theDuelist:KamionTimelord","theDuelist:BigFire","infinitespire:Oblivion+1","hubris:Rewind","theDuelist:Sangan+1","theDuelist:FairyBox","theDuelist:SangaEarth","theDuelist:FrontierWiseman+1","theDuelist:InstantFusion","theDuelist:RainbowKuriboh+1","theDuelist:MillenniumGolem","theDuelist:PsychicShockwave","theDuelist:RainbowKuriboh+1","theDuelist:WormKing+1","theDuelist:AncientGearFist+2","theDuelist:VendreadCharge","hubris:Rewind","Violence+1","theDuelist:FuryFire+2","theDuelist:RainbowKuriboh+1","Pot Of Greed","Pot Of Greed","Pot Of Greed","Pot Of Greed","theDuelist:Hinotama+3","theDuelist:Kuribohrn","theDuelist:WhiteMagicalHat","theDuelist:GravityLash"],"relics":["theDuelist:MillenniumPuzzle","theDuelist:CardPoolRelic","theDuelist:CardPoolBasicRelic","theDuelist:BoosterPackPoolRelic","theDuelist:CardPoolAddRelic","theDuelist:CardPoolMinusRelic","theDuelist:CardPoolSaveRelic","theDuelist:CardPoolOptionsRelic","Oddly Smooth Stone","Replay:Mystery Machine","Replay:PocketPolymizer","Runic Dome","theDuelist:CursedHealer","theDuelist:StoneExxod","hubris:BlackHole","Paper Turtyl","theDuelist:DuelistOrichalcum","SacredBark","Grinning Jar","Frozen Eye"],"acts_visited":["Exordium","TheCity","TheBeyond"],"potions_floor_usage":[14,14,15,16,16,16,23,28,30,40,45,50],"damage_taken":[{"damage":0,"enemies":"Jaw Worm","floor":1,"turns":4},{"damage":9,"enemies":"Gremlin Nob","floor":8,"turns":5},{"damage":0,"enemies":"Small Slimes","floor":10,"turns":4},{"damage":6,"enemies":"2 Louse","floor":11,"turns":2},{"damage":19,"enemies":"3 Sentries","floor":12,"turns":9},{"damage":0,"enemies":"Large Slime","floor":13,"turns":5},{"damage":0,"enemies":"3 Louse","floor":14,"turns":3},{"damage":0,"enemies":"The Guardian","floor":16,"turns":6},{"damage":13,"enemies":"Spheric Guardian","floor":18,"turns":5},{"damage":17,"enemies":"3 Byrds","floor":20,"turns":5},{"damage":8,"enemies":"Cultist and Chosen","floor":22,"turns":4},{"damage":0,"enemies":"Centurion and Healer","floor":23,"turns":4},{"damage":0,"enemies":"Chosen and Byrds","floor":25,"turns":4},{"damage":0,"enemies":"Snake Plant","floor":27,"turns":3},{"damage":0,"enemies":"Snecko","floor":28,"turns":4},{"damage":0,"enemies":"3 Cultists","floor":29,"turns":5},{"damage":14,"enemies":"Centurion and Healer","floor":30,"turns":7},{"damage":0,"enemies":"Cultist and Chosen","floor":31,"turns":3},{"damage":22,"enemies":"Collector","floor":33,"turns":6},{"damage":0,"enemies":"3 Shapes","floor":35,"turns":1},{"damage":0,"enemies":"3 Darklings","floor":36,"turns":2},{"damage":0,"enemies":"Spire Growth","floor":37,"turns":3},{"damage":0,"enemies":"4 Shapes","floor":39,"turns":1},{"damage":0,"enemies":"Maw","floor":40,"turns":5},{"damage":0,"enemies":"Sphere and 2 Shapes","floor":42,"turns":1},{"damage":0,"enemies":"Spire Growth","floor":45,"turns":3},{"damage":2,"enemies":"3 Darklings","floor":46,"turns":2},{"damage":11,"enemies":"Awakened One","floor":50,"turns":6}],"seed_played":"4655251951174277267","potions_obtained":[{"floor":10,"key":"theDuelist:FireBottle"},{"floor":11,"key":"potionbrewer:ToxicPotion"},{"floor":13,"key":"EntropicBrew"},{"floor":16,"key":"theDuelist:TokenPotionB"},{"floor":20,"key":"theDuelist:WhiteBottle"},{"floor":22,"key":"potionbrewer:DiscountPotion"},{"floor":27,"key":"theDuelist:DestructPotionPotB"},{"floor":28,"key":"Adrenaline Potion"},{"floor":30,"key":"theDuelist:FlamingBottle"},{"floor":39,"key":"theDuelist:SealedPack"},{"floor":42,"key":"FearPotion"},{"floor":46,"key":"SteroidPotion"}],"is_trial":false,"path_per_floor":["M","?","?","$","T","R","?","E","T","M","M","E","M","M","R","B",null,"M","?","M","AVR","M","M","R","M","T","M","M","M","M","M","R","B",null,"M","M","M","AVR","M","M","?","M","T","R","M","M","R","?","R","B",null],"character_chosen":"THE_DUELIST","items_purchased":["theDuelist:RainbowNeos","theDuelist:MiraculousDescent"],"campfire_rested":0,"item_purchase_floors":[4,4],"current_hp_per_floor":[80,80,80,80,80,80,80,71,71,71,65,46,46,46,46,50,80,67,80,63,63,55,55,55,55,55,55,55,55,41,41,41,19,80,80,80,80,80,80,80,76,76,76,76,76,74,74,74,74,68],"gold":646,"neow_bonus":"RANDOM_COLORLESS","is_daily":false,"chose_seed":false,"campfire_upgraded":7,"win_rate":0.0,"timestamp":1609695482,"path_taken":["M","?","?","$","?","R","?","E","T","M","M","E","M","M","R","BOSS","M","?","M","AVR","M","M","R","M","T","M","M","M","M","M","R","BOSS","M","M","M","AVR","M","M","?","M","T","R","M","M","R","?","R","BOSS"],"items_purchased_type":["Card","Card"],"build_version":"2020-12-22","purchased_purges":0,"victory":true,"max_hp_per_floor":[80,80,80,80,80,80,80,80,80,80,80,80,80,80,80,80,80,80,80,80,80,80,80,80,80,80,80,80,80,80,80,80,80,80,80,80,80,80,80,80,76,76,76,76,76,76,76,76,76,76],"card_choices":[{"not_picked":["Replay:SS_forest_5","theDuelist:Wiseman"],"picked":"theDuelist:Fissure","floor":0},{"not_picked":["theDuelist:GilfordLegend","theDuelist:GraniteLoyalist","theDuelist:LightningVortex","theDuelist:SolemnStrike"],"picked":"theDuelist:MillenniumGolem","floor":1},{"not_picked":["theDuelist:SpellShatteringArrow","theDuelist:BigFire","theDuelist:MagnumShield","theDuelist:DarkBurningAttack"],"picked":"theDuelist:CharcoalInpachi","floor":8},{"not_picked":["theDuelist:GauntletWarrior","theDuelist:GilfordLegend","theDuelist:RainbowOverdragon","theDuelist:LightningRodLord"],"picked":"theDuelist:WingedKuriboh","floor":10},{"not_picked":["theDuelist:FrontierWiseman","theDuelist:BlackPendant","theDuelist:PreventRat","theDuelist:BattleOx"],"picked":"theDuelist:Tuningware","floor":11},{"not_picked":["theDuelist:RainbowNeos","theDuelist:SilverApples","theDuelist:Invigoration","theDuelist:CoreBlaster"],"picked":"theDuelist:WormApocalypse","floor":12},{"not_picked":["theDuelist:CombinationAttack","theDuelist:PowerWall","theDuelist:SpiritHarp","theDuelist:BigFire"],"picked":"theDuelist:SangaEarth","floor":13},{"not_picked":["theDuelist:CrossAttack","theDuelist:CircleFireKings","theDuelist:Electrowhip","theDuelist:MeteorDestruction"],"picked":"theDuelist:ElectromagneticShield","floor":14},{"not_picked":["theDuelist:LightningBlade","theDuelist:GravityLash","theDuelist:MillenniumShield","theDuelist:Mathematician"],"picked":"theDuelist:YamiForm","floor":16},{"not_picked":["theDuelist:FuryFire","theDuelist:DarkFactory","theDuelist:WhiteNinja+1","theDuelist:Wildfire"],"picked":"theDuelist:KamionTimelord","floor":18},{"not_picked":["theDuelist:Hinotama","theDuelist:Downbeat","theDuelist:DarkBurningAttack+1","theDuelist:MiracleFertilizer"],"picked":"theDuelist:BigFire","floor":20},{"not_picked":["theDuelist:GaiaMidNightSun","theDuelist:Hinotama","theDuelist:RainbowOverdragon","theDuelist:HammerShot"],"picked":"theDuelist:Sangan+1","floor":22},{"not_picked":["theDuelist:ImperialOrder","theDuelist:SilverApples","theDuelist:MiraculousDescent","theDuelist:CrystalRaigeki"],"picked":"theDuelist:FairyBox","floor":23},{"not_picked":["theDuelist:MeteorDestruction","theDuelist:DoubleTool","theDuelist:CombinationAttack","theDuelist:RainbowNeos"],"picked":"theDuelist:SangaEarth","floor":25},{"not_picked":["theDuelist:RainbowNeos","theDuelist:SpiritHarp","theDuelist:Eva","theDuelist:WormApocalypse"],"picked":"theDuelist:FrontierWiseman+1","floor":27},{"not_picked":["theDuelist:Mathematician+1","theDuelist:ChaosSeed","theDuelist:FrontierWiseman","theDuelist:FeatherShot"],"picked":"theDuelist:InstantFusion","floor":28},{"not_picked":["theDuelist:RainbowNeos","theDuelist:KamionTimelord+1","theDuelist:Eva+1","theDuelist:RainbowOverdragon"],"picked":"theDuelist:RainbowKuriboh","floor":29},{"not_picked":["theDuelist:DummyGolem","theDuelist:WormApocalypse+1","theDuelist:CatapultZone","theDuelist:ChangeHeart+1"],"picked":"theDuelist:MillenniumGolem","floor":30},{"not_picked":["theDuelist:SpellShatteringArrow","theDuelist:Hinotama","theDuelist:DoubleTool+1","theDuelist:CoreBlaster"],"picked":"theDuelist:PsychicShockwave","floor":31},{"not_picked":["theDuelist:RainbowNeos","theDuelist:KamionTimelord","theDuelist:Eva+1","theDuelist:RainbowOverdragon"],"picked":"theDuelist:RainbowKuriboh","floor":33},{"not_picked":["theDuelist:BattleOx+1","theDuelist:DestroyerGolem+1","theDuelist:WingedKuriboh+1","theDuelist:RainbowOverdragon"],"picked":"theDuelist:WormKing+1","floor":35},{"not_picked":["theDuelist:LegendarySword+1","theDuelist:MagicalStone+1","theDuelist:BlackPendant","theDuelist:DarkFactory+1"],"picked":"theDuelist:AncientGearFist+1","floor":36},{"not_picked":["theDuelist:SpellShatteringArrow","theDuelist:DoubleTool+1","theDuelist:CrossAttack","theDuelist:BreakDraw"],"picked":"theDuelist:VendreadCharge","floor":37},{"not_picked":["Forethought","Purity","Secret Technique"],"picked":"Violence+1","floor":39},{"not_picked":["theDuelist:Fissure+1","theDuelist:HaneHane","theDuelist:EarthquakeGiant","theDuelist:GreenGraveOni"],"picked":"theDuelist:FuryFire+2","floor":40},{"not_picked":["theDuelist:HappyLover+1","theDuelist:PurplePainOni+1","theDuelist:RainbowOverdragon+1","theDuelist:RedHeadedOni+1"],"picked":"theDuelist:RainbowKuriboh+1","floor":42},{"not_picked":["theDuelist:BigFire+1","theDuelist:ScrapFactory+1","theDuelist:Tuningware+1","theDuelist:FluteKuriboh+1"],"picked":"theDuelist:Hinotama+3","floor":45},{"not_picked":["theDuelist:GraniteLoyalist","theDuelist:Sangan+1","theDuelist:GemElephant+1","theDuelist:EvilswarmHeliotrope"],"picked":"theDuelist:Kuribohrn","floor":46}],"player_experience":38391,"relics_obtained":[{"floor":8,"key":"Oddly Smooth Stone"},{"floor":9,"key":"Replay:Mystery Machine"},{"floor":12,"key":"Replay:PocketPolymizer"},{"floor":26,"key":"Paper Turtyl"},{"floor":43,"key":"Grinning Jar"}],"event_choices":[{"damage_healed":0,"gold_gain":0,"player_choice":"Grow","damage_taken":0,"max_hp_gain":0,"max_hp_loss":0,"event_name":"Living Wall","floor":2,"gold_loss":0,"cards_upgraded":["theDuelist:MillenniumGolem"]},{"damage_healed":0,"gold_gain":0,"player_choice":"Succumb - +25HP/Cursed Relic","duelist":true,"damage_taken":0,"max_hp_gain":0,"max_hp_loss":0,"event_name":"Tomb of the Nameless","floor":19,"gold_loss":0},{"damage_healed":0,"gold_gain":0,"player_choice":"Max HP","damage_taken":0,"max_hp_gain":0,"max_hp_loss":4,"event_name":"Winding Halls","floor":41,"gold_loss":0},{"cards_removed":["theDuelist:ElectromagneticShield"],"damage_healed":0,"gold_gain":0,"player_choice":"Removed Power","damage_taken":0,"max_hp_gain":0,"max_hp_loss":0,"event_name":"Falling","floor":48,"gold_loss":0}],"is_beta":false,"boss_relics":[{"not_picked":["Ectoplasm","Mark of Pain"],"picked":"Runic Dome"},{"not_picked":["Runesmith:UraniumAnvil","Cursed Key"],"picked":"SacredBark"}],"items_purged_floors":[],"is_endless":false,"potions_floor_spawned":[10,11,13,16,20,22,27,28,30,31,36,39,42,46],"ascension_level":0}}