{"host":"7cp3z5w0tcrrm8ys","time":1609641469,"event":{"mods":["AchievementEnabler","BaseMod","DeckTracker","Minty Spire (QoL Compilation)","StSLib","SuperFastMode"],"gold_per_floor":[115,60,75,88,99,99,21,39,39,39,39,70,70,120,120,120,120],"floor_reached":16,"playtime":254,"items_purged":[],"score":200,"play_id":"8ce51a34-118c-475a-997a-ef832a02a8d0","local_time":"20210103113749","is_ascension_mode":true,"campfire_choices":[{"data":"Hemokinesis","floor":6,"key":"SMITH"},{"data":"Fire Breathing","floor":15,"key":"SMITH"}],"circlet_count":0,"master_deck":["AscendersBane","Strike_R","Strike_R+1","Strike_R","Strike_R","Strike_R+1","Defend_R","Defend_R","Defend_R+1","Defend_R","Bash+1","Fire Breathing+1","Shrug It Off","Reckless Charge","Hemokinesis+1","Flame Barrier","Power Through"],"relics":["Burning Blood","Whetstone","Incense Burner","Letter Opener","Tiny Chest"],"acts_visited":["Exordium"],"potions_floor_usage":[3,16],"damage_taken":[{"damage":0,"enemies":"Cultist","floor":1,"turns":2},{"damage":0,"enemies":"Small Slimes","floor":3,"turns":2},{"damage":1,"enemies":"2 Louse","floor":4,"turns":4},{"damage":6,"enemies":"Looter","floor":5,"turns":4},{"damage":7,"enemies":"Large Slime","floor":8,"turns":5},{"damage":30,"enemies":"Gremlin Nob","floor":12,"turns":4},{"damage":22,"enemies":"Slime Boss","floor":16,"turns":7}],"seed_played":"6305595090699142211","potions_obtained":[{"floor":1,"key":"DistilledChaos"},{"floor":12,"key":"LiquidBronze"}],"is_trial":false,"path_per_floor":["M","$","M","M","M","R","$","M","T","?","?","E","T","?","R","B"],"character_chosen":"IRONCLAD","items_purchased":["Shrug It Off","Flame Barrier"],"campfire_rested":0,"item_purchase_floors":[2,7],"current_hp_per_floor":[74,74,75,75,75,75,75,74,74,74,51,27,27,20,20,0,0],"gold":120,"neow_bonus":"RANDOM_COMMON_RELIC","is_daily":false,"chose_seed":false,"campfire_upgraded":2,"win_rate":0.0,"timestamp":1609641469,"path_taken":["M","?","M","M","M","R","$","M","T","?","?","E","?","?","R","BOSS"],"items_purchased_type":["Card","Card"],"build_version":"2020-12-22","purchased_purges":0,"victory":false,"max_hp_per_floor":[75,75,75,75,75,75,75,75,75,75,75,75,75,75,75,75,75],"card_choices":[{"not_picked":["Power Through","Sword Boomerang"],"picked":"Fire Breathing","floor":1},{"not_picked":["Sword Boomerang","Flex","Berserk"],"picked":"SKIP","floor":3},{"not_picked":["Whirlwind","Clash"],"picked":"Reckless Charge","floor":4},{"not_picked":["Flex","Warcry"],"picked":"Hemokinesis","floor":5},{"not_picked":["Sword Boomerang","Warcry"],"picked":"Power Through","floor":8},{"not_picked":["Iron Wave","Flame Barrier","True Grit"],"picked":"SKIP","floor":12}],"player_experience":796701,"relics_obtained":[{"floor":9,"key":"Incense Burner"},{"floor":12,"key":"Letter Opener"},{"floor":13,"key":"Tiny Chest"}],"event_choices":[{"damage_healed":0,"gold_gain":0,"player_choice":"Leave","damage_taken":0,"max_hp_gain":0,"max_hp_loss":0,"event_name":"The Cleric","floor":10,"gold_loss":0},{"damage_healed":0,"gold_gain":0,"player_choice":"Entered Light","damage_taken":23,"max_hp_gain":0,"max_hp_loss":0,"event_name":"Shining Light","floor":11,"gold_loss":0,"cards_upgraded":["Bash","Defend_R"]},{"damage_healed":0,"gold_gain":50,"player_choice":"Touch","damage_taken":7,"max_hp_gain":0,"max_hp_loss":0,"event_name":"FaceTrader","floor":14,"gold_loss":0}],"is_beta":false,"boss_relics":[],"items_purged_floors":[],"is_endless":false,"potions_floor_spawned":[1,12],"killed_by":"Slime Boss","ascension_level":20}}