{"host":"bydnmyvf669xu6ab","time":1609715060,"event":{"mods":["Aspiration","BaseMod","Better Note","BetterRewards","Colored Map","Colored Powertips","Minty Spire (QoL Compilation)","Rare Cards Sparkle","Relic Stats","Shop Mod","StSLib","SuperFastMode","Virulent Crown"],"gold_per_floor":[112,123,123,73,88,149,149,149,197,231,231,88,101,116,116,235,235,260,16,36,50,73,73,113,113,138,138,163,184,184,184],"floor_reached":30,"playtime":3999,"items_purged":[],"score":405,"play_id":"8610eee3-489d-4a21-afac-adc25611f522","local_time":"20210103150420","is_ascension_mode":true,"campfire_choices":[{"floor":7,"key":"REST"},{"floor":11,"key":"REST"},{"floor":15,"key":"REST"},{"floor":23,"key":"REST"},{"data":"Barricade","floor":25,"key":"SMITH"},{"data":"Noxious Fumes","floor":27,"key":"SMITH"}],"circlet_count":0,"master_deck":["Strike_R+1","Strike_R","Strike_R","Strike_R","Defend_R","Defend_R","Defend_R","Defend_R","Bash","Entrench","The Bomb","Jack Of All Trades","Pommel Strike+1","Warcry","True Grit","Dual Wield","Rage","Cleave","Whirlwind","Barricade+1","Flex","Limit Break","Well Laid Plans","Enlightenment","Flying Knee+1","Blood for Blood+1","Infinite Blades","Noxious Fumes+1","Cloak And Dagger","Bane","Blade Dance+1","Footwork","Noxious Fumes+1","Flame Barrier+1","Deadly Poison"],"relics":["Burning Blood","Pantograph","Golden Idol","InkBottle","Lantern","Whetstone","Happy Flower","MealTicket","aspiration:SilentSkillbook","Orrery","Prayer Wheel","Bronze Scales"],"acts_visited":["Exordium","TheCity"],"potions_floor_usage":[6,10,28,29,29,29,29,29],"damage_taken":[{"damage":15,"enemies":"Small Slimes","floor":1,"turns":3},{"damage":6,"enemies":"Jaw Worm","floor":2,"turns":3},{"damage":1,"enemies":"Cultist","floor":5,"turns":3},{"damage":34,"enemies":"Gremlin Nob","floor":6,"turns":4},{"damage":33,"enemies":"Lagavulin","floor":10,"turns":5},{"damage":12,"enemies":"Large Slime","floor":13,"turns":6},{"damage":7,"enemies":"Red Slaver","floor":14,"turns":4},{"damage":75,"enemies":"Hexaghost","floor":16,"turns":13},{"damage":36,"enemies":"Shell Parasite","floor":18,"turns":5},{"damage":0,"enemies":"Chosen","floor":20,"turns":6},{"damage":28,"enemies":"3 Cultists","floor":21,"turns":5},{"damage":29,"enemies":"Centurion and Healer","floor":22,"turns":3},{"damage":16,"enemies":"Gremlin Leader","floor":24,"turns":8},{"damage":36,"enemies":"Cultist and Chosen","floor":28,"turns":5},{"damage":1,"enemies":"Shelled Parasite and Fungi","floor":29,"turns":5},{"damage":19,"enemies":"Book of Stabbing","floor":30,"turns":4}],"seed_played":"6882660949144203965","potions_obtained":[{"floor":5,"key":"BlessingOfTheForge"},{"floor":6,"key":"ColorlessPotion"},{"floor":14,"key":"SkillPotion"},{"floor":20,"key":"Dexterity Potion"},{"floor":24,"key":"BlessingOfTheForge"},{"floor":28,"key":"EntropicBrew"}],"is_trial":false,"path_per_floor":["M","M","?","?","M","E","R","T","T","E","R","$","M","M","R","B",null,"M","$","M","M","M","R","E","R","T","R","M","M","E"],"character_chosen":"IRONCLAD","items_purchased":["Entrench","Pantograph","The Bomb","Jack Of All Trades","Pommel Strike","Warcry","SpeedPotion","MealTicket","Enlightenment","Orrery"],"campfire_rested":4,"item_purchase_floors":[0,0,0,0,0,0,0,12,19,19],"current_hp_per_floor":[42,42,42,42,47,19,43,43,43,16,40,40,34,33,57,11,80,50,65,71,49,26,50,40,40,40,40,10,15,0,0],"gold":184,"neow_bonus":"","is_daily":false,"chose_seed":false,"campfire_upgraded":2,"win_rate":0.0,"timestamp":1609715060,"path_taken":["M","M","?","?","M","E","R","?","T","E","R","$","M","M","R","BOSS","M","$","M","?","M","R","E","R","T","R","M","M","E"],"items_purchased_type":["Card","Relic","Card","Card","Card","Card","Potion","Relic","Card","Relic"],"build_version":"2020-12-22","purchased_purges":0,"victory":false,"max_hp_per_floor":[80,80,80,80,80,80,80,80,80,80,80,80,80,80,80,80,80,80,80,80,80,80,80,80,80,80,80,80,80,80,80],"relic_stats":{"Happy Flower":[21],"counters":[1206,6118],"Golden Idol":82,"Pantograph":23,"Bronze Scales":[66],"MealTicket":29,"Prayer Wheel":2,"Whetstone":["Strike_R","Pommel Strike"],"obtain_stats":[{"Whetstone":19,"Ginger":24,"Bottled Tornado":13,"Boot":9,"Sling":0,"Old Coin":43,"Blood Vial":4,"MealTicket":19,"Fusion Hammer":17,"Kunai":31,"aspiration:DSix":10,"Runic Cube":34,"MerchantsRug":20,"Pear":7,"Blue Candle":44,"Velvet Choker":17,"Eternal Feather":44,"Pen Nib":9,"SlaversCollar":17,"Bird Faced Urn":22,"MutagenicStrength":30,"aspiration:SilentSkillbook":17,"Mark of Pain":34,"Unceasing Top":5,"Regal Pillow":0,"Lantern":24,"aspiration:Lifesprig":13,"Singing Bowl":26,"Magic Flower":0,"Bag of Preparation":38,"Cursed Key":17,"Ancient Tea Set":26,"Smiling Mask":9,"Burning Blood":0,"Shovel":38,"aspiration:AnachronicSnailShell":12,"Toolbox":0,"WingedGreaves":36,"InkBottle":11,"Paper Frog":45,"Potion Belt":38,"Self Forming Clay":26,"Golden Idol":3,"The Courier":12,"PreservedInsect":0,"Omamori":0,"MawBank":8,"Busted Crown":17,"Orrery":0,"Turnip":38,"Art of War":26,"Champion Belt":24,"Bottled Lightning":14,"Ice Cream":49,"Calipers":10,"Tiny House":34,"Gremlin Horn":29,"Vajra":30,"Sozu":17,"HornCleat":10,"DollysMirror":0,"Strawberry":10,"Philosopher\u0027s Stone":17,"Prayer Wheel":24,"Toxic Egg 2":19,"Happy Flower":22,"Oddly Smooth Stone":10,"Charon\u0027s Ashes":37,"aspiration:SeaSaltIceCream":25,"Letter Opener":40,"War Paint":26,"aspiration:HiddenCompartment":9,"Question Card":19,"Bottled Flame":24,"Shuriken":30,"Bronze Scales":28,"Black Star":17,"Nloth\u0027s Gift":20,"aspiration:HatOfInfinitePower":12,"Meat on the Bone":24,"Pocketwatch":29,"SacredBark":34,"Enchiridion":19,"Black Blood":17,"Mango":45,"Incense Burner":38,"Juzu Bracelet":40,"PrismaticShard":22,"ClockworkSouvenir":19,"Nunchaku":0,"Dream Catcher":9,"Mummified Hand":31,"Pantograph":26,"Gambling Chip":17,"Tiny Chest":0,"Red Skull":0,"aspiration:HummingbirdHeart":9,"aspiration:SecretTechniqueScroll":17,"Odd Mushroom":10,"Orichalcum":2,"Calling Bell":17,"Strange Spoon":0,"Anchor":0,"Bag of Marbles":20,"Coffee Dripper":17,"Membership Card":38,"aspiration:RitualDagger":17,"TungstenRod":42,"FossilizedHelix":10},{"Whetstone":964,"Ginger":1051,"Bottled Tornado":1144,"Boot":983,"Sling":1121,"Old Coin":975,"Blood Vial":1032,"MealTicket":1003,"Fusion Hammer":1049,"Kunai":970,"aspiration:DSix":1067,"Runic Cube":1182,"MerchantsRug":1148,"Pear":983,"Blue Candle":976,"Velvet Choker":1175,"Eternal Feather":976,"Pen Nib":936,"SlaversCollar":985,"Bird Faced Urn":951,"MutagenicStrength":1087,"aspiration:SilentSkillbook":1198,"Mark of Pain":971,"Unceasing Top":945,"Regal Pillow":956,"Lantern":1051,"aspiration:Lifesprig":1094,"Singing Bowl":1017,"Magic Flower":1073,"Bag of Preparation":973,"Cursed Key":941,"Ancient Tea Set":953,"Smiling Mask":1143,"Burning Blood":0,"Shovel":973,"aspiration:AnachronicSnailShell":949,"Toolbox":943,"WingedGreaves":1022,"InkBottle":1067,"Paper Frog":976,"Potion Belt":1022,"Self Forming Clay":966,"Golden Idol":1192,"The Courier":961,"PreservedInsect":1043,"Omamori":979,"MawBank":960,"Busted Crown":1081,"Orrery":1007,"Turnip":973,"Art of War":1137,"Champion Belt":952,"Bottled Lightning":1048,"Ice Cream":978,"Calipers":937,"Tiny House":1020,"Gremlin Horn":968,"Vajra":1138,"Sozu":1131,"HornCleat":983,"DollysMirror":979,"Strawberry":983,"Philosopher\u0027s Stone":1013,"Prayer Wheel":1203,"Toxic Egg 2":942,"Happy Flower":1051,"Oddly Smooth Stone":1010,"Charon\u0027s Ashes":1056,"aspiration:SeaSaltIceCream":1017,"Letter Opener":1058,"War Paint":1070,"aspiration:HiddenCompartment":1009,"Question Card":1014,"Bottled Flame":1100,"Shuriken":1019,"Bronze Scales":1017,"Black Star":963,"Nloth\u0027s Gift":986,"aspiration:HatOfInfinitePower":1011,"Meat on the Bone":966,"Pocketwatch":1119,"SacredBark":1157,"Enchiridion":951,"Black Blood":1002,"Mango":1060,"Incense Burner":973,"Juzu Bracelet":974,"PrismaticShard":1116,"ClockworkSouvenir":964,"Nunchaku":979,"Dream Catcher":1033,"Mummified Hand":970,"Pantograph":1051,"Gambling Chip":1096,"Tiny Chest":1167,"Red Skull":1029,"aspiration:HummingbirdHeart":960,"aspiration:SecretTechniqueScroll":950,"Odd Mushroom":1127,"Orichalcum":1140,"Calling Bell":1096,"Strange Spoon":956,"Anchor":992,"Bag of Marbles":1097,"Coffee Dripper":1146,"Membership Card":973,"aspiration:RitualDagger":1068,"TungstenRod":975,"FossilizedHelix":999},{"Whetstone":4842,"Ginger":5310,"Bottled Tornado":5813,"Boot":4940,"Sling":5699,"Old Coin":4895,"Blood Vial":5197,"MealTicket":5053,"Fusion Hammer":5300,"Kunai":4872,"aspiration:DSix":5389,"Runic Cube":5990,"MerchantsRug":5828,"Pear":4940,"Blue Candle":4903,"Velvet Choker":5952,"Eternal Feather":4903,"Pen Nib":4716,"SlaversCollar":4957,"Bird Faced Urn":4777,"MutagenicStrength":5515,"aspiration:SilentSkillbook":6077,"Mark of Pain":4879,"Unceasing Top":4749,"Regal Pillow":4807,"Lantern":5310,"aspiration:Lifesprig":5548,"Singing Bowl":5129,"Magic Flower":5436,"Bag of Preparation":4886,"Cursed Key":4734,"Ancient Tea Set":4790,"Smiling Mask":5810,"Burning Blood":0,"Shovel":4886,"aspiration:AnachronicSnailShell":4761,"Toolbox":4741,"WingedGreaves":5152,"InkBottle":5389,"Paper Frog":4903,"Potion Belt":5152,"Self Forming Clay":4851,"Golden Idol":6042,"The Courier":4824,"PreservedInsect":5276,"Omamori":4922,"MawBank":4819,"Busted Crown":5473,"Orrery":5076,"Turnip":4886,"Art of War":5783,"Champion Belt":4786,"Bottled Lightning":5292,"Ice Cream":4914,"Calipers":4722,"Tiny House":5142,"Gremlin Horn":4863,"Vajra":5790,"Sozu":5752,"HornCleat":4940,"DollysMirror":4922,"Strawberry":4940,"Philosopher\u0027s Stone":5111,"Prayer Wheel":6104,"Toxic Egg 2":4738,"Happy Flower":5310,"Oddly Smooth Stone":5090,"Charon\u0027s Ashes":5339,"aspiration:SeaSaltIceCream":5129,"Letter Opener":5349,"War Paint":5411,"aspiration:HiddenCompartment":5083,"Question Card":5113,"Bottled Flame":5588,"Shuriken":5135,"Bronze Scales":5129,"Black Star":4835,"Nloth\u0027s Gift":4962,"aspiration:HatOfInfinitePower":5094,"Meat on the Bone":4851,"Pocketwatch":5689,"SacredBark":5867,"Enchiridion":4777,"Black Blood":5048,"Mango":5360,"Incense Burner":4886,"Juzu Bracelet":4891,"PrismaticShard":5672,"ClockworkSouvenir":4842,"Nunchaku":4922,"Dream Catcher":5203,"Mummified Hand":4872,"Pantograph":5310,"Gambling Chip":5565,"Tiny Chest":5921,"Red Skull":5186,"aspiration:HummingbirdHeart":4819,"aspiration:SecretTechniqueScroll":4773,"Odd Mushroom":5724,"Orichalcum":5801,"Calling Bell":5565,"Strange Spoon":4807,"Anchor":5001,"Bag of Marbles":5570,"Coffee Dripper":5822,"Membership Card":4886,"aspiration:RitualDagger":5400,"TungstenRod":4895,"FossilizedHelix":5030}],"Burning Blood":625,"InkBottle":[30]},"card_choices":[{"not_picked":["Seeing Red","Warcry"],"picked":"True Grit","floor":1},{"not_picked":["Combust","Sever Soul"],"picked":"Dual Wield","floor":2},{"not_picked":["Clash","Clothesline"],"picked":"Rage","floor":5},{"not_picked":["Headbutt","Iron Wave"],"picked":"Cleave","floor":6},{"not_picked":["Rupture","Pummel"],"picked":"Whirlwind","floor":10},{"not_picked":["Thunderclap","Reckless Charge"],"picked":"Barricade","floor":13},{"not_picked":["Perfected Strike","Pummel"],"picked":"Flex","floor":14},{"not_picked":["Feed","Corruption"],"picked":"Limit Break","floor":16},{"not_picked":["Flex","Blade Dance","Twin Strike"],"picked":"Well Laid Plans","floor":18},{"not_picked":["Blade Dance","Phantasmal Killer","Acrobatics+1"],"picked":"Flying Knee+1","floor":19},{"not_picked":["Clash","Bane","Finisher"],"picked":"Blood for Blood+1","floor":19},{"not_picked":["Pummel","Underhanded Strike","Uppercut"],"picked":"Infinite Blades","floor":19},{"not_picked":["Cloak And Dagger","Intimidate","Power Through"],"picked":"Noxious Fumes","floor":19},{"not_picked":["Die Die Die","Dual Wield+1","Havoc"],"picked":"Cloak And Dagger","floor":19},{"not_picked":["Clash","Quick Slash","Underhanded Strike"],"picked":"Bane","floor":20},{"not_picked":["Shrug It Off","Backflip","Cloak And Dagger"],"picked":"Blade Dance+1","floor":21},{"not_picked":["Wild Strike","Outmaneuver","Blade Dance","Pummel"],"picked":"SKIP","floor":22},{"not_picked":["Uppercut","Escape Plan+1","Iron Wave+1"],"picked":"Footwork","floor":24},{"not_picked":["Sentinel+1","Bane","Doppelganger"],"picked":"Noxious Fumes+1","floor":28},{"not_picked":["PiercingWail","Outmaneuver","Heavy Blade"],"picked":"Flame Barrier+1","floor":28},{"not_picked":["PiercingWail","Sucker Punch","Bane"],"picked":"Deadly Poison","floor":29},{"not_picked":["Sentinel","Havoc","All Out Attack","Well Laid Plans"],"picked":"SKIP","floor":29}],"player_experience":2084127,"relics_obtained":[{"floor":6,"key":"InkBottle"},{"floor":8,"key":"Lantern"},{"floor":9,"key":"Whetstone"},{"floor":10,"key":"Happy Flower"},{"floor":24,"key":"Prayer Wheel"},{"floor":26,"key":"Bronze Scales"}],"event_choices":[{"damage_healed":0,"gold_gain":0,"player_choice":"Take Wound","damage_taken":0,"relics_obtained":["Golden Idol"],"max_hp_gain":0,"max_hp_loss":0,"event_name":"Golden Idol","floor":3,"gold_loss":0,"cards_obtained":["Injury"]},{"cards_removed":["Injury"],"damage_healed":0,"gold_gain":0,"player_choice":"Card Removal","damage_taken":0,"max_hp_gain":0,"max_hp_loss":0,"event_name":"The Cleric","floor":4,"gold_loss":50}],"is_beta":false,"boss_relics":[{"not_picked":["SacredBark","Pandora\u0027s Box"],"picked":"aspiration:SilentSkillbook"}],"items_purged_floors":[],"is_endless":false,"potions_floor_spawned":[5,6,14,20,24,28],"killed_by":"Book of Stabbing","ascension_level":1}}