{"host":"rt0td7aa3g170xdl","time":1609660928,"event":{"mods":["2.2 Compatiblity","AchievementEnabler","BaseMod","Colored Map","DeckTracker","Keyboard Shortcuts","Minty Spire (QoL Compilation)","Permanent Neow","Quick Restart","SuperFastMode","everything is the same but u backflip on backflip"],"gold_per_floor":[115,134,59,72,86,86,104,104,181,191,91,101,117,144,144,243,243,260,274,149,161,11,11,43,43,43,43,43,43],"floor_reached":28,"playtime":1156,"items_purged":["Strike_R","Strike_R","Defend_R","Strike_R"],"score":244,"play_id":"e0dbddd1-72af-4bd5-a1b9-e8343305246c","local_time":"20210103170208","is_ascension_mode":false,"campfire_choices":[{"data":"Body Slam","floor":6.0,"key":"SMITH"},{"data":"Clothesline","floor":8.0,"key":"SMITH"},{"data":"Power Through","floor":15.0,"key":"SMITH"},{"data":"Seeing Red","floor":23,"key":"SMITH"},{"data":"Wild Strike","floor":27,"key":"SMITH"}],"circlet_count":0,"master_deck":["Strike_R","Strike_R","Defend_R","Defend_R","Defend_R","Bash","Clothesline+1","Body Slam+1","Power Through+1","Shrug It Off","Shrug It Off","Wild Strike+1","Shrug It Off","Impervious","Headbutt+1","Seeing Red+1"],"relics":["Black Blood","Pen Nib","Question Card","Torii","Tiny Chest","Juzu Bracelet"],"acts_visited":["Exordium","TheCity"],"potions_floor_usage":[25],"damage_taken":[{"damage":10.0,"enemies":"Cultist","floor":1.0,"turns":4.0},{"damage":3.0,"enemies":"Jaw Worm","floor":2.0,"turns":3.0},{"damage":2.0,"enemies":"2 Louse","floor":4.0,"turns":4.0},{"damage":31.0,"enemies":"Exordium Wildlife","floor":5.0,"turns":7.0},{"damage":7.0,"enemies":"Looter","floor":7.0,"turns":3.0},{"damage":2.0,"enemies":"Large Slime","floor":10.0,"turns":6.0},{"damage":0.0,"enemies":"Red Slaver","floor":12.0,"turns":5.0},{"damage":16.0,"enemies":"Exordium Thugs","floor":13.0,"turns":5.0},{"damage":14.0,"enemies":"Gremlin Nob","floor":14.0,"turns":4.0},{"damage":21.0,"enemies":"The Guardian","floor":16.0,"turns":11.0},{"damage":5,"enemies":"Shell Parasite","floor":18,"turns":9},{"damage":34,"enemies":"Chosen","floor":19,"turns":9},{"damage":27,"enemies":"Centurion and Healer","floor":21,"turns":8},{"damage":39,"enemies":"Book of Stabbing","floor":24,"turns":8},{"damage":15,"enemies":"Snake Plant","floor":25,"turns":2},{"damage":17,"enemies":"3 Cultists","floor":28,"turns":5}],"seed_played":"8372331669086467359","potions_obtained":[{"floor":2.0,"key":"ColorlessPotion"},{"floor":7.0,"key":"FearPotion"},{"floor":12.0,"key":"GamblersBrew"},{"floor":13.0,"key":"ElixirPotion"},{"floor":16.0,"key":"SmokeBomb"}],"is_trial":false,"path_per_floor":["M","M","$","M","M","R","M","R","T","M","$","M","M","E","R","B",null,"M","M","$","M","$","R","E","M","T","R","M"],"character_chosen":"IRONCLAD","items_purchased":[],"campfire_rested":0,"item_purchase_floors":[],"current_hp_per_floor":[76,79,79,80,55,55,54,54,54,58,58,64,54,46,46,31,80,80,58,58,43,43,43,16,13,13,13,0,0],"gold":43,"neow_bonus":"RANDOM_COMMON_RELIC","is_daily":false,"chose_seed":false,"campfire_upgraded":5,"win_rate":0.0,"timestamp":1609660928,"path_taken":["M","M","$","M","M","R","M","R","T","M","$","M","M","E","R","BOSS","M","?","$","M","$","R","E","M","T","R","M"],"items_purchased_type":[],"build_version":"2020-12-22","purchased_purges":4,"victory":false,"max_hp_per_floor":[80,80,80,80,80,80,80,80,80,80,80,80,80,80,80,80,80,80,80,80,80,80,80,80,80,80,80,80,80],"card_choices":[{"not_picked":["Wild Strike","Twin Strike"],"picked":"Clothesline","floor":1.0},{"not_picked":["Burning Pact","Flex"],"picked":"Body Slam","floor":2.0},{"not_picked":["Twin Strike","Clash","Iron Wave"],"picked":"SKIP","floor":4.0},{"not_picked":["Sentinel","Pummel","Perfected Strike"],"picked":"SKIP","floor":5.0},{"not_picked":["Warcry","Dark Embrace"],"picked":"Power Through","floor":7.0},{"not_picked":["Warcry","Perfected Strike","Bludgeon"],"picked":"Shrug It Off","floor":10.0},{"not_picked":["Clash","Havoc","Dark Embrace"],"picked":"Shrug It Off","floor":12.0},{"not_picked":["Clash","Dropkick","Clothesline"],"picked":"Wild Strike","floor":13.0},{"not_picked":["Spot Weakness","Whirlwind","Hemokinesis"],"picked":"Shrug It Off","floor":14.0},{"not_picked":["Limit Break","Feed","Exhume"],"picked":"Impervious","floor":16.0},{"not_picked":["Flex","Twin Strike+1","Thunderclap"],"picked":"Headbutt+1","floor":18},{"not_picked":["Burning Pact","Pommel Strike","Headbutt"],"picked":"Seeing Red","floor":19},{"not_picked":["Dark Embrace","Flex","Clash+1","Shrug It Off"],"picked":"SKIP","floor":21},{"not_picked":["Anger+1","Havoc","Clothesline+1","Brutality"],"picked":"SKIP","floor":24}],"player_experience":318203,"relics_obtained":[{"floor":9.0,"key":"Question Card"},{"floor":14.0,"key":"Torii"},{"floor":24,"key":"Tiny Chest"},{"floor":26,"key":"Juzu Bracelet"}],"event_choices":[],"is_beta":false,"boss_relics":[{"not_picked":["SlaversCollar","Astrolabe"],"picked":"Black Blood"}],"items_purged_floors":[3,11,20,22],"is_endless":false,"potions_floor_spawned":[2,7,12,13,16,19,25],"killed_by":"3 Cultists","ascension_level":0}}