{"host":"cwp0xoxch9uxtnfk","time":1609709706,"event":{"mods":["AchievementEnabler","BaseMod","Bestiary","Colored Map","Colored Powertips","DeckTracker","Highlight Path","Minty Spire (QoL Compilation)","Rare Cards Sparkle","Relic Sorter","Relic Stats"],"gold_per_floor":[210,210,160,174,186,215,215,230,230,330,357,373,373,373],"floor_reached":13,"playtime":708,"items_purged":[],"score":95,"play_id":"2ac0fa77-1656-479a-a729-1cda7b226908","local_time":"20210103213506","is_ascension_mode":false,"campfire_choices":[{"floor":7,"key":"REST"}],"circlet_count":0,"master_deck":["Strike_B","Strike_B","Strike_B","Defend_B","Defend_B","Defend_B","Zap","Dualcast","Hologram","Streamline","Capacitor","Defragment","Hologram"],"relics":["Cracked Core","Mummified Hand","Girya"],"acts_visited":["Exordium"],"potions_floor_usage":[13,13,13],"damage_taken":[{"damage":7,"enemies":"Small Slimes","floor":1,"turns":3},{"damage":0,"enemies":"Cultist","floor":4,"turns":4},{"damage":0,"enemies":"2 Louse","floor":5,"turns":4},{"damage":31,"enemies":"3 Sentries","floor":6,"turns":8},{"damage":14,"enemies":"2 Fungi Beasts","floor":8,"turns":3},{"damage":27,"enemies":"Gremlin Nob","floor":11,"turns":4},{"damage":7,"enemies":"Blue Slaver","floor":12,"turns":3},{"damage":5,"enemies":"Lagavulin","floor":13,"turns":3}],"seed_played":"6976324374178859273","potions_obtained":[{"floor":1,"key":"CultistPotion"},{"floor":11,"key":"FearPotion"},{"floor":12,"key":"BlessingOfTheForge"}],"is_trial":false,"path_per_floor":["M","?","?","M","M","E","R","M","T","?","E","M","E"],"character_chosen":"DEFECT","items_purchased":[],"campfire_rested":1,"item_purchase_floors":[],"current_hp_per_floor":[68,61,61,61,61,30,52,38,38,38,11,4,0,0],"gold":373,"neow_bonus":"HUNDRED_GOLD","is_daily":false,"chose_seed":false,"campfire_upgraded":0,"win_rate":0.0,"timestamp":1609709706,"path_taken":["M","?","?","M","M","E","R","M","T","?","E","M","E"],"items_purchased_type":[],"build_version":"2020-12-22","purchased_purges":0,"victory":false,"max_hp_per_floor":[75,75,75,75,75,75,75,75,75,75,75,75,75,75],"relic_stats":{"counters":[8,32],"Mummified Hand":[5],"obtain_stats":[{"Girya":11,"Mummified Hand":6,"Cracked Core":0},{"Girya":6,"Mummified Hand":4,"Cracked Core":0},{"Girya":26,"Mummified Hand":19,"Cracked Core":0}]},"card_choices":[{"not_picked":["Chaos","White Noise"],"picked":"Hologram","floor":1},{"not_picked":["Chill","Go for the Eyes","Steam Power"],"picked":"SKIP","floor":4},{"not_picked":["Beam Cell","Coolheaded"],"picked":"Streamline","floor":5},{"not_picked":["Genetic Algorithm","Redo"],"picked":"Capacitor","floor":6},{"not_picked":["Beam Cell","Lockon","BootSequence"],"picked":"SKIP","floor":8},{"not_picked":["Steam Power","Redo"],"picked":"Defragment","floor":11},{"not_picked":["Stack","Tempest"],"picked":"Hologram","floor":12}],"player_experience":163604,"relics_obtained":[{"floor":6,"key":"Mummified Hand"},{"floor":11,"key":"Girya"}],"event_choices":[{"cards_removed":["Defend_B"],"damage_healed":0,"gold_gain":0,"player_choice":"Card Removal","damage_taken":7,"max_hp_gain":0,"max_hp_loss":0,"event_name":"Golden Wing","floor":2,"gold_loss":0},{"cards_removed":["Strike_B"],"damage_healed":0,"gold_gain":0,"player_choice":"Card Removal","damage_taken":0,"max_hp_gain":0,"max_hp_loss":0,"event_name":"The Cleric","floor":3,"gold_loss":50},{"damage_healed":0,"gold_gain":100,"player_choice":"Gold","damage_taken":0,"max_hp_gain":0,"max_hp_loss":0,"event_name":"Wheel of Change","floor":10,"gold_loss":0}],"is_beta":false,"boss_relics":[],"items_purged_floors":[],"is_endless":false,"potions_floor_spawned":[1,11,12],"killed_by":"Lagavulin","ascension_level":0}}