{"host":"6bsan6hkua32tfq7","time":1609701592,"event":{"mods":["BaseMod","Better Third Choice","Colored Map","Highlight Path","Minty Spire (QoL Compilation)","StSLib"],"gold_per_floor":[113,125,125,72,91,134,150,150,175,211,211,236,236,78,78,173,173,129,150,200,216,216,216,57,57,81,93,105,132,144,172,184,196,196],"floor_reached":33,"playtime":845,"items_purged":["Strike_R","Strike_R"],"score":510,"play_id":"b69a4372-819a-4923-ace4-fcb92e3bc504","local_time":"20210103201952","is_ascension_mode":true,"campfire_choices":[{"floor":8.0,"key":"REST"},{"data":"True Grit","floor":11.0,"key":"SMITH"},{"data":"Disarm","floor":13.0,"key":"SMITH"},{"data":"Disarm","floor":15.0,"key":"SMITH"},{"floor":23.0,"key":"REST"},{"data":"True Grit","floor":25.0,"key":"SMITH"},{"floor":28.0,"key":"REST"},{"floor":32,"key":"REST"}],"circlet_count":0,"master_deck":["AscendersBane","Strike_R","Strike_R","Strike_R","Defend_R","Defend_R+1","Defend_R","Defend_R","Bash","Disarm+1","Spot Weakness","True Grit+1","Anger","Metallicize","True Grit+1","Disarm+1","Offering","True Grit+1","Battle Trance"],"relics":["Burning Blood","NeowsBlessing","Golden Idol","Toy Ornithopter","War Paint","Centennial Puzzle","Philosopher\u0027s Stone","MawBank"],"acts_visited":["Exordium","TheCity"],"potions_floor_usage":[31,33],"damage_taken":[{"damage":0.0,"enemies":"2 Louse","floor":1.0,"turns":1.0},{"damage":0.0,"enemies":"Jaw Worm","floor":2.0,"turns":1.0},{"damage":0.0,"enemies":"Cultist","floor":5.0,"turns":1.0},{"damage":55.0,"enemies":"3 Sentries","floor":6.0,"turns":9.0},{"damage":4.0,"enemies":"Looter","floor":7.0,"turns":3.0},{"damage":36.0,"enemies":"Gremlin Nob","floor":10.0,"turns":6.0},{"damage":2.0,"enemies":"3 Louse","floor":12.0,"turns":4.0},{"damage":23.0,"enemies":"The Guardian","floor":16.0,"turns":14.0},{"damage":33.0,"enemies":"2 Thieves","floor":18.0,"turns":5.0},{"damage":18.0,"enemies":"Spheric Guardian","floor":19.0,"turns":6.0},{"damage":9.0,"enemies":"Snecko","floor":21.0,"turns":9.0},{"damage":46,"enemies":"Chosen and Byrds","floor":29,"turns":9},{"damage":13,"enemies":"Snake Plant","floor":31,"turns":6},{"damage":34,"enemies":"Collector","floor":33,"turns":5}],"seed_played":"2252251457622933093","potions_obtained":[{"floor":5.0,"key":"Explosive Potion"},{"floor":7.0,"key":"Ancient Potion"},{"floor":12.0,"key":"Swift Potion"},{"floor":19.0,"key":"SpeedPotion"},{"floor":30,"key":"ColorlessPotion"},{"floor":30,"key":"PowerPotion"}],"is_trial":false,"path_per_floor":["M","M","?","$","M","E","M","R","T","E","R","M","R","$","R","B",null,"M","M","?","M","?","R","$","R","T","$","R","M","?","M","R","B"],"character_chosen":"IRONCLAD","items_purchased":["True Grit","Disarm","True Grit"],"campfire_rested":4,"item_purchase_floors":[4,14,24],"current_hp_per_floor":[74,75,68,68,68,19,21,41,41,16,16,20,20,20,20,8,53,26,14,14,11,11,31,31,31,31,31,51,11,11,9,29,0,0],"gold":196,"neow_bonus":"THREE_ENEMY_KILL","is_daily":false,"chose_seed":false,"campfire_upgraded":4,"win_rate":0.0,"timestamp":1609701592,"path_taken":["M","M","?","$","M","E","M","R","T","E","R","M","R","$","R","BOSS","M","M","?","M","?","R","$","R","T","?","R","?","?","M","R","BOSS"],"items_purchased_type":["Card","Card","Card"],"build_version":"2020-12-22","purchased_purges":2,"victory":false,"max_hp_per_floor":[75,75,68,68,68,68,68,68,68,68,68,68,68,68,68,68,68,68,68,68,68,68,68,68,68,68,68,68,68,68,68,68,68,68],"card_choices":[{"not_picked":["Thunderclap","Iron Wave"],"picked":"Disarm","floor":1.0},{"not_picked":["Perfected Strike","Burning Pact"],"picked":"Spot Weakness","floor":2.0},{"not_picked":["Clash","Headbutt"],"picked":"Anger","floor":5.0},{"not_picked":["Exhume","Cleave"],"picked":"Metallicize","floor":6.0},{"not_picked":["Bloodletting","Sword Boomerang"],"picked":"True Grit","floor":7.0},{"not_picked":["Clothesline","Body Slam","Dual Wield"],"picked":"SKIP","floor":10.0},{"not_picked":["Pommel Strike","Flex","Twin Strike"],"picked":"SKIP","floor":12.0},{"not_picked":["Corruption","Juggernaut"],"picked":"Offering","floor":16.0},{"not_picked":["Warcry","Clash","Wild Strike"],"picked":"SKIP","floor":18.0},{"not_picked":["Clash","Blood for Blood","Dual Wield"],"picked":"SKIP","floor":19.0},{"not_picked":["Perfected Strike","Pommel Strike+1","Burning Pact"],"picked":"SKIP","floor":21.0},{"not_picked":["Clash","Pommel Strike"],"picked":"Battle Trance","floor":29},{"not_picked":["Perfected Strike","Wild Strike","Warcry"],"picked":"SKIP","floor":31}],"player_experience":5231217,"relics_obtained":[{"floor":6.0,"key":"Toy Ornithopter"},{"floor":9.0,"key":"War Paint"},{"floor":10.0,"key":"Centennial Puzzle"},{"floor":26.0,"key":"MawBank"}],"event_choices":[{"damage_healed":0.0,"max_hp_gain":0.0,"max_hp_loss":7.0,"gold_gain":0.0,"event_name":"Golden Idol","player_choice":"Lose Max HP","floor":3.0,"gold_loss":0.0,"damage_taken":0.0,"relics_obtained":["Golden Idol"]},{"damage_healed":0.0,"max_hp_gain":0.0,"max_hp_loss":0.0,"gold_gain":50.0,"event_name":"betterThird:BetterNest","player_choice":"Steal","floor":20.0,"gold_loss":0.0,"damage_taken":0.0},{"damage_healed":0.0,"max_hp_gain":0.0,"max_hp_loss":0.0,"gold_gain":0.0,"event_name":"Cursed Tome","player_choice":"Ignored","floor":22.0,"gold_loss":0.0,"damage_taken":0.0},{"damage_healed":0,"gold_gain":0,"player_choice":"Got Potions","damage_taken":0,"max_hp_gain":0,"max_hp_loss":0,"event_name":"Lab","floor":30,"gold_loss":0}],"is_beta":false,"boss_relics":[{"not_picked":["Pandora\u0027s Box","Tiny House"],"picked":"Philosopher\u0027s Stone"}],"items_purged_floors":[14,24],"is_endless":false,"potions_floor_spawned":[5,7,12,19],"killed_by":"Collector","ascension_level":20}}