{"host":"i9477i93mjcyimye","time":1609637019,"event":{"mods":["Aspiration","BaseMod","Bestiary","Colored Powertips","Downfall","Ironclad Rager","Minty Spire (QoL Compilation)","Quick Restart","Relic Stats","Replay The Spire","Spicy Shops","StSLib","The Jungle","Wandering Minibosses"],"gold_per_floor":[19,19,36,52,52,52,52,64,64,64,93,113,129,146,146,244,244,264,264,224,31,41,41,41,61,61,76,86,86,86,168,168,168,168],"floor_reached":33,"playtime":8508,"items_purged":[],"score":329,"play_id":"bdf4613b-515d-4c9a-8ca4-f0986c4f706a","local_time":"20210103122339","is_ascension_mode":true,"campfire_choices":[{"data":"Poison Darts","floor":6.0,"key":"SMITH"},{"floor":10.0,"key":"REST"},{"floor":15.0,"key":"REST"},{"floor":23,"key":"REST"},{"floor":29,"key":"REST"},{"floor":32,"key":"REST"}],"circlet_count":0,"master_deck":["Zap","Dualcast","Ball Lightning","Cold Snap","Ball Lightning","Cold Snap","Leap+1","FTL","Poison Darts+1","Defend_G","Distraction","Redo","BasicCrystalCard+1","Static Discharge","Barrage+1","Panic Button","Ball Lightning","Seek","Electrodynamics+1","Crystallizer+1","Crystallizer+1","Static Discharge+1","Loop+1","sneckomod:IronFang","Collect"],"relics":["Cracked Core","Frozen Egg 2","Runic Capacitor","PrismaticShard","Shuriken","Enchiridion","ReplayTheSpireMod:Ninjato"],"acts_visited":["Exordium","TheCity"],"potions_floor_usage":[22,28,28],"damage_taken":[{"damage":10.0,"enemies":"Jaw Worm","floor":1.0,"turns":2.0},{"damage":0.0,"enemies":"2 Louse","floor":3.0,"turns":2.0},{"damage":0.0,"enemies":"Cultist","floor":4.0,"turns":2.0},{"damage":9.0,"enemies":"3 Louse","floor":8.0,"turns":3.0},{"damage":29.0,"enemies":"3 Sentries","floor":11.0,"turns":6.0},{"damage":0.0,"enemies":"Exordium Wildlife","floor":12.0,"turns":2.0},{"damage":6.0,"enemies":"Exordium Thugs","floor":13.0,"turns":3.0},{"damage":0.0,"enemies":"Large Slime","floor":14.0,"turns":3.0},{"damage":0.0,"enemies":"Slime Boss","floor":16.0,"turns":6.0},{"damage":22,"enemies":"Shell Parasite","floor":18,"turns":4},{"damage":28,"enemies":"2 Thieves","floor":22,"turns":3},{"damage":13,"enemies":"Cultist and Chosen","floor":25,"turns":3},{"damage":11,"enemies":"Centurion and Healer","floor":27,"turns":3},{"damage":0,"enemies":"3 Cultists","floor":28,"turns":2},{"damage":40,"enemies":"Champ","floor":33,"turns":3}],"seed_played":"-8333549601987237789","potions_obtained":[{"floor":1.0,"key":"Venom Potion"},{"floor":3.0,"key":"Adrenaline Potion"},{"floor":12.0,"key":"Energy Potion"},{"floor":16.0,"key":"Explosive Potion"},{"floor":25,"key":"Weak Potion"},{"floor":28,"key":"Fire Potion"}],"is_trial":false,"path_per_floor":["M","?","M","M","?","R","?","M","T","R","E","M","M","M","R","B",null,"M","?","?","$","M","R","?","M","T","M","M","R","?","T","R","B"],"character_chosen":"DEFECT","items_purchased":["Runic Capacitor","Crystallizer+1"],"campfire_rested":5,"item_purchase_floors":[21,21],"current_hp_per_floor":[40,40,40,40,40,40,40,31,31,51,22,22,16,16,36,36,68,46,46,46,46,18,38,30,17,17,6,6,26,10,10,30,0,0],"gold":168,"neow_bonus":"DEFECT_STORMLORD","is_daily":false,"chose_seed":false,"campfire_upgraded":1,"win_rate":0.0,"timestamp":1609637019,"path_taken":["M","?","M","M","?","R","?","M","T","R","E","M","?","M","R","BOSS","M","?","?","$","?","R","?","M","T","M","M","R","?","?","R","BOSS"],"items_purchased_type":["Relic","Card"],"build_version":"2020-12-22","purchased_purges":0,"victory":false,"max_hp_per_floor":[68,68,68,68,68,68,68,68,68,68,68,68,68,68,68,68,68,68,68,68,68,68,68,68,68,68,68,68,68,68,68,68,68,68],"relic_stats":{"counters":[15,47],"Shuriken":[0],"obtain_stats":[{"ReplayTheSpireMod:Ninjato":31,"Shuriken":26,"Enchiridion":30,"Runic Capacitor":21,"Frozen Egg 2":11,"Cracked Core":0,"PrismaticShard":24},{"ReplayTheSpireMod:Ninjato":14,"Shuriken":12,"Enchiridion":14,"Runic Capacitor":10,"Frozen Egg 2":5,"Cracked Core":0,"PrismaticShard":11},{"ReplayTheSpireMod:Ninjato":44,"Shuriken":39,"Enchiridion":44,"Runic Capacitor":33,"Frozen Egg 2":15,"Cracked Core":0,"PrismaticShard":36}]},"card_choices":[{"not_picked":["Rebound","Cold Snap"],"picked":"FTL","floor":1.0},{"not_picked":["Streamline","Barrage"],"picked":"Redo","floor":3.0},{"not_picked":["Aggregate","Barrage"],"picked":"BasicCrystalCard","floor":4.0},{"not_picked":["Double Energy","Leap"],"picked":"Static Discharge","floor":8.0},{"not_picked":["Streamline","Beam Cell"],"picked":"Barrage","floor":11.0},{"not_picked":["Chill","Streamline"],"picked":"Panic Button","floor":12.0},{"not_picked":["ReplayTheSpireMod:Repulse","Panic Button"],"picked":"Ball Lightning","floor":13.0},{"not_picked":["Sweeping Beam","ReplayTheSpireMod:GoodbyeWorld+1"],"picked":"Seek","floor":14.0},{"not_picked":["Echo Form+1","ReplayTheSpireMod:Omega Cannon"],"picked":"Electrodynamics+1","floor":16.0},{"not_picked":["Compile Driver","ReplayTheSpireMod:GoodbyeWorld+1"],"picked":"Crystallizer+1","floor":18},{"not_picked":["Cold Snap","Coolheaded"],"picked":"Static Discharge+1","floor":22},{"not_picked":["Barrage+1","Defragment+1"],"picked":"Loop+1","floor":24},{"not_picked":["Coolheaded","Slimebound:ForwardTackle"],"picked":"sneckomod:IronFang","floor":25},{"not_picked":["champ:Haymaker+1","sneckomod:SoulRoll","sneckomod:UnknownStrike+1"],"picked":"SKIP","floor":27},{"not_picked":["Hologram+1","Cleave"],"picked":"Collect","floor":28}],"player_experience":208054,"relics_obtained":[{"floor":11.0,"key":"Frozen Egg 2"},{"floor":24,"key":"PrismaticShard"},{"floor":26,"key":"Shuriken"},{"floor":30,"key":"Enchiridion"},{"floor":31,"key":"ReplayTheSpireMod:Ninjato"}],"event_choices":[{"damage_healed":0.0,"max_hp_gain":0.0,"max_hp_loss":0.0,"gold_gain":0.0,"event_name":"Living Wall","player_choice":"Grow","floor":5.0,"gold_loss":0.0,"damage_taken":0.0,"cards_upgraded":["BasicCrystalCard"]},{"cards_removed":["hexamod:Haunted"],"damage_healed":0.0,"max_hp_gain":0.0,"max_hp_loss":0.0,"gold_gain":0.0,"event_name":"Purifier","player_choice":"Purged","floor":7.0,"gold_loss":0.0,"damage_taken":0.0},{"damage_healed":0,"gold_gain":0,"player_choice":"Ignored","damage_taken":0,"max_hp_gain":0,"max_hp_loss":0,"event_name":"Ghosts","floor":19,"gold_loss":0},{"damage_healed":0,"gold_gain":0,"player_choice":"Upgraded Two","damage_taken":0,"max_hp_gain":0,"max_hp_loss":0,"event_name":"Designer","floor":20,"gold_loss":40,"cards_upgraded":["Barrage","Leap"]},{"damage_healed":0,"gold_gain":0,"player_choice":"Obtained Book","damage_taken":16,"max_hp_gain":0,"max_hp_loss":0,"event_name":"Cursed Tome","floor":30,"gold_loss":0}],"is_beta":false,"boss_relics":[{"not_picked":["Runic Dome","Coffee Dripper","Runic Pyramid"]}],"items_purged_floors":[],"is_endless":false,"potions_floor_spawned":[1,3,12,16,25,28],"killed_by":"Champ","ascension_level":2}}