{"host":"sl4rf9j4s63ev6os","time":1609664322,"event":{"mods":["AchievementEnabler","BaseMod","Colored Map","Colored Powertips","DeckTracker","Minty Spire (QoL Compilation)","Relic Sorter"],"gold_per_floor":[114,64,164,179,194,224,239,314,314,314,329,29,59,74,74,174,174,189,189,239,254,269,299,299,299,324,324,339,354,369,384,384,484,534,549,549,564,564,164,179,179,209,209,224,224,224],"floor_reached":45,"playtime":3718,"items_purged":[],"score":504,"play_id":"fc270277-34e8-443e-b63a-8af4b1fdf083","local_time":"20210103185842","daily_mods":["Allstar","Hoarder","Terminal"],"is_ascension_mode":false,"campfire_choices":[{"data":"Perfected Strike","floor":10,"key":"SMITH"},{"data":"PanicButton","floor":15,"key":"SMITH"},{"data":"Perfected Strike","floor":24,"key":"SMITH"},{"data":"Perfected Strike","floor":27,"key":"SMITH"},{"data":"Thinking Ahead","floor":32,"key":"SMITH"},{"data":"Metallicize","floor":41,"key":"SMITH"}],"circlet_count":0,"master_deck":["Strike_R","Strike_R","Strike_R","Strike_R","Strike_R","Defend_R+1","Defend_R","Defend_R","Defend_R","Bash","Thinking Ahead","Thinking Ahead","Thinking Ahead+1","The Bomb","The Bomb","The Bomb","PanicButton+1","Secret Weapon","Secret Weapon","Secret Weapon","Good Instincts","Good Instincts","Good Instincts","Perfected Strike+1","Perfected Strike+1","Perfected Strike+1","True Grit","True Grit","True Grit","Writhe","Writhe","Writhe","Shrug It Off","Shrug It Off","Shrug It Off","Metallicize","Metallicize","Metallicize+1"],"relics":["Burning Blood","Thread and Needle","Anchor","CaptainsWheel","Kunai","SacredBark","Omamori","Mercury Hourglass","Strawberry","Tiny House","Pear","TheAbacus","Peace Pipe","Dead Branch"],"acts_visited":["Exordium","TheCity","TheBeyond"],"potions_floor_usage":[13,16,16,16,22,33,35,42,44],"damage_taken":[{"damage":0,"enemies":"Small Slimes","floor":1,"turns":6},{"damage":0,"enemies":"2 Louse","floor":4,"turns":4},{"damage":0,"enemies":"Cultist","floor":5,"turns":3},{"damage":4,"enemies":"3 Sentries","floor":6,"turns":6},{"damage":18,"enemies":"Gremlin Gang","floor":7,"turns":4},{"damage":0,"enemies":"2 Fungi Beasts","floor":11,"turns":2},{"damage":5,"enemies":"Gremlin Nob","floor":13,"turns":4},{"damage":0,"enemies":"Exordium Wildlife","floor":14,"turns":3},{"damage":50,"enemies":"Hexaghost","floor":16,"turns":13},{"damage":0,"enemies":"3 Byrds","floor":18,"turns":3},{"damage":0,"enemies":"Spheric Guardian","floor":21,"turns":4},{"damage":0,"enemies":"Shelled Parasite and Fungi","floor":22,"turns":4},{"damage":19,"enemies":"Slavers","floor":23,"turns":6},{"damage":0,"enemies":"3 Cultists","floor":28,"turns":3},{"damage":0,"enemies":"Snecko","floor":29,"turns":5},{"damage":0,"enemies":"Chosen and Byrds","floor":30,"turns":6},{"damage":0,"enemies":"Snake Plant","floor":31,"turns":3},{"damage":39,"enemies":"Collector","floor":33,"turns":13},{"damage":1,"enemies":"3 Shapes","floor":35,"turns":3},{"damage":0,"enemies":"Orb Walker","floor":37,"turns":3},{"damage":11,"enemies":"Spire Growth","floor":40,"turns":8},{"damage":28,"enemies":"Nemesis","floor":42,"turns":12},{"damage":0,"enemies":"Sphere and 2 Shapes","floor":44,"turns":5},{"damage":44,"enemies":"Reptomancer","floor":45,"turns":2}],"seed_played":"4251252283042701915","potions_obtained":[{"floor":1,"key":"GamblersBrew"},{"floor":7,"key":"SteroidPotion"},{"floor":11,"key":"FearPotion"},{"floor":13,"key":"Explosive Potion"},{"floor":18,"key":"Strength Potion"},{"floor":21,"key":"AttackPotion"},{"floor":34,"key":"ColorlessPotion"},{"floor":35,"key":"Dexterity Potion"},{"floor":42,"key":"Ancient Potion"},{"floor":44,"key":"ElixirPotion"}],"is_trial":false,"path_per_floor":["M","?","?","M","M","E","M","?","T","R","M","$","E","M","R","B",null,"M","?","?","M","M","E","R","?","T","R","M","M","M","M","R","B",null,"M","?","M","?","$","M","R","E","T","M","E"],"character_chosen":"IRONCLAD","items_purchased":["CaptainsWheel","Pear","TheAbacus"],"campfire_rested":0,"item_purchase_floors":[12,39,39],"current_hp_per_floor":[78,77,76,75,74,73,61,50,50,50,56,56,57,63,63,19,62,61,60,59,58,57,44,44,44,51,51,57,57,56,55,54,21,57,56,55,54,50,59,54,54,32,32,38,0,0],"gold":224,"neow_bonus":"","is_daily":true,"chose_seed":false,"campfire_upgraded":6,"win_rate":0.0,"timestamp":1609664322,"path_taken":["M","?","?","M","?","E","?","?","T","R","M","?","E","M","R","BOSS","M","?","?","?","M","E","R","?","T","R","M","M","M","M","R","BOSS","M","?","M","?","$","M","R","E","T","M","E"],"items_purchased_type":["Relic","Relic","Relic"],"build_version":"2020-12-22","purchased_purges":0,"victory":false,"max_hp_per_floor":[78,77,76,75,74,73,72,71,70,69,68,67,66,65,64,63,62,61,60,59,58,57,56,55,54,60,59,58,57,56,55,54,53,57,56,55,54,50,59,58,57,56,55,54,54,54],"card_choices":[{"not_picked":["Hemokinesis","Iron Wave","Twin Strike"],"picked":"SKIP","floor":1},{"not_picked":["Armaments","Anger"],"picked":"Perfected Strike","floor":4},{"not_picked":["Flex","Combust","Burning Pact"],"picked":"SKIP","floor":5},{"not_picked":["Brutality","Combust","Sword Boomerang"],"picked":"SKIP","floor":6},{"not_picked":["Infernal Blade","Sword Boomerang","Clash"],"picked":"SKIP","floor":7},{"not_picked":["Clash","Dropkick","Flex"],"picked":"SKIP","floor":11},{"not_picked":["Headbutt","Entrench","Combust"],"picked":"SKIP","floor":13},{"not_picked":["True Grit","Intimidate","Sword Boomerang"],"picked":"SKIP","floor":14},{"not_picked":["Wild Strike","Pummel"],"picked":"True Grit","floor":18},{"not_picked":["True Grit","Bloodletting","Rage"],"picked":"SKIP","floor":21},{"not_picked":["Anger","Power Through+1","Body Slam"],"picked":"SKIP","floor":22},{"not_picked":["Inflame","Fire Breathing","Headbutt+1"],"picked":"SKIP","floor":23},{"not_picked":["Wild Strike+1","Clothesline+1","Corruption"],"picked":"SKIP","floor":28},{"not_picked":["Pommel Strike","Flex"],"picked":"Shrug It Off","floor":29},{"not_picked":["Headbutt","Combust"],"picked":"Metallicize","floor":30},{"not_picked":["Anger","Heavy Blade","Clothesline"],"picked":"SKIP","floor":31},{"not_picked":["Battle Trance","Second Wind","Sever Soul+1"],"picked":"SKIP","floor":35},{"not_picked":["Shockwave","Sword Boomerang","Headbutt+1"],"picked":"SKIP","floor":37},{"not_picked":["Armaments+1","Fiend Fire","Flame Barrier+1"],"picked":"SKIP","floor":40},{"not_picked":["Entrench+1","Armaments+1","Immolate"],"picked":"SKIP","floor":42},{"not_picked":["Warcry+1","Carnage+1","True Grit+1"],"picked":"SKIP","floor":44}],"player_experience":157817,"relics_obtained":[{"floor":6,"key":"Thread and Needle"},{"floor":9,"key":"Anchor"},{"floor":13,"key":"Kunai"},{"floor":23,"key":"Mercury Hourglass"},{"floor":26,"key":"Strawberry"},{"floor":42,"key":"Peace Pipe"},{"floor":43,"key":"Dead Branch"}],"event_choices":[{"cards_removed":["PanicButton"],"damage_healed":0,"gold_gain":0,"player_choice":"Card Removal","damage_taken":0,"max_hp_gain":0,"max_hp_loss":0,"event_name":"The Cleric","floor":2,"gold_loss":50},{"damage_healed":0,"gold_gain":100,"player_choice":"Pray","damage_taken":0,"max_hp_gain":0,"max_hp_loss":0,"event_name":"Golden Shrine","floor":3,"gold_loss":0},{"damage_healed":0,"gold_gain":75,"player_choice":"Gather Gold","damage_taken":11,"max_hp_gain":0,"max_hp_loss":0,"event_name":"World of Goop","floor":8,"gold_loss":0},{"damage_healed":0,"gold_gain":0,"player_choice":"Opened","damage_taken":0,"relics_obtained":["Omamori"],"max_hp_gain":0,"max_hp_loss":0,"event_name":"The Mausoleum","floor":19,"gold_loss":0,"cards_obtained":["Writhe"]},{"damage_healed":0,"gold_gain":100,"player_choice":"Bet on Murderer","damage_taken":0,"max_hp_gain":0,"max_hp_loss":0,"event_name":"The Joust","floor":20,"gold_loss":50},{"cards_removed":["PanicButton"],"damage_healed":0,"gold_gain":0,"player_choice":"Elegance","damage_taken":0,"max_hp_gain":0,"max_hp_loss":0,"event_name":"Back to Basics","floor":25,"gold_loss":0},{"damage_healed":0,"gold_gain":0,"player_choice":"Ignored","damage_taken":0,"max_hp_gain":0,"max_hp_loss":0,"event_name":"Tomb of Lord Red Mask","floor":36,"gold_loss":0},{"damage_healed":0,"gold_gain":0,"player_choice":"Max HP","damage_taken":0,"max_hp_gain":0,"max_hp_loss":3,"event_name":"Winding Halls","floor":38,"gold_loss":0}],"is_beta":false,"boss_relics":[{"not_picked":["Busted Crown","Fusion Hammer"],"picked":"SacredBark"},{"not_picked":["Sozu","Black Star"],"picked":"Tiny House"}],"items_purged_floors":[],"is_endless":false,"potions_floor_spawned":[1,7,11,13,18,21,35,42,44],"killed_by":"Reptomancer","ascension_level":0}}