{"host":"0azimyi6n3ugndj4","time":1609634261,"event":{"mods":["2.2 Compatiblity","BaseMod","Bestiary","Conspire","Curses Come First","Defuse TimeMaze Blight","Downfall","Hermit","Hyrulean Relics","Infinite Spire","Minty Spire (QoL Compilation)","Relic Filter","Relic Stats","Replay The Spire","StSLib","SuperFastMode","The Cursed","Uncapped","¡¼?Úª?ø«¡½REMEMod"],"gold_per_floor":[132,132,165,165,240,240,336,336,336,417,90,15,60,105,105,342,342,372,381,471,471,513,513,513,513,513],"floor_reached":24,"playtime":754,"items_purged":[],"score":554,"play_id":"619ea31a-61bf-4c84-a2c5-3d2e4e089fad","local_time":"20210103093741","daily_mods":["SealedDeck","Hoarder","Insanity","Chimera","Specialized","Vintage","ControlledChaos","Allstar","Diverse","Colorless Cards","Heirloom","Time Dilation","Flight","downfall:Jewelcrafting","downfall:ChampStances","downfall:Improvised","downfall:Lament","Elite Swarm","Lethality","Midas","downfall:WorldOfGoo","downfall:Enraging","Binary"],"is_ascension_mode":true,"campfire_choices":[{"floor":23,"key":"REST"}],"circlet_count":0,"master_deck":["Echo Form","DevaForm+1","Guardian:ConstructionForm","hexamod:ParanormalForm","Slimebound:DuplicatedForm","sneckomod:SerpentMind","AscendersBane","Bash","Survivor","Zap","Strike_R","Strike_G","Strike_B","Defend_R","Defend_G","Defend_P","TheCursedMod:FleshFromBone","sneckomod:IronFang","TheCursedMod:SoulReap","hermit:HoleUp","Guardian:ChargeCore","Go for the Eyes","Slimebound:ComboTackle","sneckomod:UnknownWeak","Replay:Undeath\u0027s Touch","Dodge and Roll","champ:Lariat","TheCursedMod:PrepareRite","ReplayTheSpireMod:Strike From Hell","Gash","hexamod:RecurringNightmare","hermit:Ricochet","White Noise","Run Through","Concentrate","ClearTheMind","hermit:BodyArmor","Acrobatics","Study","sneckomod:SoulDraw","sneckomod:IronFang","Body Slam","hermit:Snipe","champ:StanceDance","TheCursedMod:CursedBoomerang","sneckomod:UnknownCommonAttack","Slimebound:SlimeTap","champ:FlashCut","Clash","champ:BladeFlurry","Whirlwind","Recycle","hermit:GhostlyPresence","hermit:CalledShot","sneckomod:UnknownVulnerable","Slimebound:LeechEnergy","FlurryOfBlows","Replay:SS_fish_3","Slimebound:ProtectTheBoss","Recycle","sneckomod:WideSting","Armaments","expansioncontent:LastStand","TheCursedMod:CursedSpellbook","BasicCrystalCard","Guardian:ExploitGems","Guardian:ExploitGems","sneckomod:UnknownCommonAttack","sneckomod:UnknownCommonAttack","sneckomod:UnknownCommonAttack","sneckomod:UnknownCommonSkill","sneckomod:UnknownCommonSkill","sneckomod:UnknownCommonSkill","sneckomod:UnknownUncommonAttack","sneckomod:UnknownUncommonSkill","sneckomod:UnknownUncommonPower","sneckomod:Unknown","champ:Encircle","champ:Encircle","champ:Encircle","champ:Encircle","champ:Encircle","champ:Encircle","champ:Encircle+1","champ:Encircle","champ:Encircle","champ:Encircle","champ:Encircle","champ:Encircle","champ:Encircle","champ:Encircle","champ:Encircle","expansioncontent:ManipulateTime","expansioncontent:ManipulateTime","expansioncontent:ManipulateTime","TheCursedMod:HellsGateOpen","TheCursedMod:HellsGateOpen","TheCursedMod:HellsGateOpen","Guardian:WalkerClaw","Guardian:WalkerClaw","Guardian:WalkerClaw","champ:FaceSlap","champ:FaceSlap","champ:FaceSlap","hermit:TakeCover","hermit:TakeCover","hermit:TakeCover","Guardian:Reroute","Guardian:Reroute","Guardian:Reroute","Coolheaded","Coolheaded","Coolheaded","hermit:Headshot","hermit:Headshot","hermit:Headshot","Cold Snap","Cold Snap","Cold Snap","Slimebound:ViciousTackle","Slimebound:ViciousTackle","Slimebound:ViciousTackle","Guardian:Gem_Cyan","Guardian:Gem_Cyan","Guardian:Gem_Cyan","Guardian:Gem_Purple","Guardian:Gem_Purple","Guardian:Gem_Purple","Guardian:Gem_Green","Guardian:Gem_Green","Guardian:Gem_Green","Guardian:Gem_Blue","Guardian:Gem_Blue","Guardian:Gem_Blue","Guardian:Gem_Red","Guardian:Gem_Red","Guardian:Gem_Red"],"relics":["Guardian:ModeShifter","Frozen Eye","Busted Crown","REME_ComplimentaryCards","Guardian:PickAxe","champ:ChampStancesModRelic","NeowsBlessing","Replay:Kaleidoscope","Happy Flower","conspire:TopHat","zeldaRelics:CourageTriforce","zeldaRelics:WisdomPiece","champ:Barbells","Blue Doll","sneckomod:BlankCard","ReplayTheSpireMod:TigerMarble","Fusion Hammer","CeramicFish","Red Mask","REME_HandOfSuture"],"acts_visited":["Exordium","TheCity"],"potions_floor_usage":[24],"damage_taken":[{"damage":0,"enemies":"2 Louse","floor":1,"turns":3},{"damage":0,"enemies":"Cultist","floor":3,"turns":1},{"damage":0,"enemies":"3 Sentries","floor":7,"turns":2},{"damage":3,"enemies":"Gremlin Nob","floor":10,"turns":3},{"damage":17,"enemies":"Jaw Worm","floor":13,"turns":2},{"damage":0,"enemies":"Looter","floor":14,"turns":3},{"damage":21,"enemies":"Hexaghost","floor":16,"turns":7},{"damage":22,"enemies":"Spheric Guardian","floor":18,"turns":3},{"damage":26,"enemies":"Masked Bandits","floor":20,"turns":3},{"damage":28,"enemies":"Shell Parasite","floor":22,"turns":2},{"damage":33,"enemies":"Book of Stabbing","floor":24,"turns":3}],"seed_played":"3499482612339884925","potions_obtained":[{"floor":7,"key":"Regen Potion"},{"floor":14,"key":"BlessingOfTheForge"},{"floor":21,"key":"Slimebound:ThreeZeroPotion"}],"is_trial":true,"path_per_floor":["M","?","M","T","?","R","E","R","T","E","$","?","M","M","R","B",null,"M","?","?","?","M","R","E"],"character_chosen":"GUARDIAN","items_purchased":["champ:Barbells","Blue Doll"],"campfire_rested":1,"item_purchase_floors":[11,11],"current_hp_per_floor":[65,82,82,82,71,71,71,71,71,72,72,72,55,55,55,40,72,55,55,29,29,1,25,0,0,0],"gold":513,"neow_bonus":"","is_daily":false,"chose_seed":false,"campfire_upgraded":0,"win_rate":0.0,"timestamp":1609634261,"path_taken":["M","?","?","?","?","R","E","R","T","E","$","?","?","?","R","BOSS","M","?","?","?","?","R","E"],"items_purchased_type":["Relic","Relic"],"build_version":"2020-12-22","purchased_purges":0,"victory":false,"max_hp_per_floor":[72,82,82,82,82,82,82,82,82,82,82,82,82,82,82,82,82,82,82,82,82,82,82,82,82,82],"relic_stats":{"Busted Crown":12,"Happy Flower":[10],"counters":[11,32],"CeramicFish":9,"obtain_stats":[{"champ:Barbells":11,"zeldaRelics:WisdomPiece":10,"champ:ChampStancesModRelic":0,"NeowsBlessing":0,"Happy Flower":1,"sneckomod:BlankCard":13,"CeramicFish":18,"Guardian:ModeShifter":0,"Blue Doll":11,"Replay:Kaleidoscope":0,"conspire:TopHat":3,"zeldaRelics:CourageTriforce":9,"Guardian:PickAxe":0,"Frozen Eye":0,"Busted Crown":0,"Fusion Hammer":17,"REME_HandOfSuture":22,"zeldaRelics:CouragePiece":4,"ReplayTheSpireMod:TigerMarble":14,"Red Mask":20,"REME_ComplimentaryCards":0},{"champ:Barbells":4,"zeldaRelics:WisdomPiece":4,"champ:ChampStancesModRelic":0,"NeowsBlessing":0,"Happy Flower":1,"sneckomod:BlankCard":5,"CeramicFish":8,"Guardian:ModeShifter":0,"Blue Doll":4,"Replay:Kaleidoscope":0,"conspire:TopHat":2,"zeldaRelics:CourageTriforce":3,"Guardian:PickAxe":0,"Frozen Eye":0,"Busted Crown":0,"Fusion Hammer":7,"REME_HandOfSuture":10,"zeldaRelics:CouragePiece":2,"ReplayTheSpireMod:TigerMarble":6,"Red Mask":9,"REME_ComplimentaryCards":0},{"champ:Barbells":9,"zeldaRelics:WisdomPiece":9,"champ:ChampStancesModRelic":0,"NeowsBlessing":0,"Happy Flower":3,"sneckomod:BlankCard":11,"CeramicFish":24,"Guardian:ModeShifter":0,"Blue Doll":9,"Replay:Kaleidoscope":0,"conspire:TopHat":4,"zeldaRelics:CourageTriforce":6,"Guardian:PickAxe":0,"Frozen Eye":0,"Busted Crown":0,"Fusion Hammer":21,"REME_HandOfSuture":29,"zeldaRelics:CouragePiece":4,"ReplayTheSpireMod:TigerMarble":14,"Red Mask":27,"REME_ComplimentaryCards":0}]},"card_choices":[],"player_experience":1517613,"relics_obtained":[{"floor":1,"key":"Happy Flower"},{"floor":3,"key":"conspire:TopHat"},{"floor":4,"key":"zeldaRelics:CouragePiece"},{"floor":7,"key":"zeldaRelics:CouragePiece"},{"floor":9,"key":"zeldaRelics:CouragePiece"},{"floor":10,"key":"zeldaRelics:WisdomPiece"},{"floor":13,"key":"sneckomod:BlankCard"},{"floor":14,"key":"ReplayTheSpireMod:TigerMarble"},{"floor":18,"key":"CeramicFish"},{"floor":20,"key":"Red Mask"},{"floor":22,"key":"REME_HandOfSuture"}],"event_choices":[{"cards_removed":["Demon Form"],"damage_healed":7,"gold_gain":0,"player_choice":"Offered Rare","damage_taken":0,"max_hp_gain":10,"max_hp_loss":0,"event_name":"Bonfire Elementals","floor":2,"gold_loss":0},{"damage_healed":0,"gold_gain":75,"player_choice":"Gather Gold","damage_taken":11,"max_hp_gain":0,"max_hp_loss":0,"event_name":"World of Goop","floor":5,"gold_loss":0},{"cards_removed":["Eruption"],"damage_healed":0,"gold_gain":0,"player_choice":"Card Removal","damage_taken":0,"max_hp_gain":0,"max_hp_loss":0,"event_name":"The Cleric","floor":12,"gold_loss":75},{"damage_healed":0,"gold_gain":0,"player_choice":"Fought Bandits","damage_taken":0,"max_hp_gain":0,"max_hp_loss":0,"event_name":"Masked Bandits","floor":20,"gold_loss":0},{"damage_healed":0,"gold_gain":0,"player_choice":"Got Potions","damage_taken":0,"max_hp_gain":0,"max_hp_loss":0,"event_name":"Lab","floor":21,"gold_loss":0}],"is_beta":false,"boss_relics":[{"not_picked":["expansioncontent:StudyCardRelic","Guardian:StasisSlotReductionRelic"],"picked":"Fusion Hammer"}],"items_purged_floors":[],"is_endless":false,"potions_floor_spawned":[7,14,22],"killed_by":"Book of Stabbing","ascension_level":20}}