{"host":"7rmsgc3rayi00cdt","time":1609679145,"event":{"mods":["BaseMod","Minty Spire (QoL Compilation)"],"gold_per_floor":[119,119,84,104,115,148,148,165,239,239,68,68,68,78,78,149,149,165,1,1,1,1,1,1,21,44,44,57,57,89,107,107,107,107],"floor_reached":33,"playtime":1073,"items_purged":[],"score":500,"play_id":"2c754f6c-d34d-447c-936b-6c5c57ab570c","local_time":"20210103130545","is_ascension_mode":true,"campfire_choices":[{"floor":10,"key":"REST"},{"floor":12,"key":"REST"},{"data":"Noxious Fumes","floor":15,"key":"SMITH"},{"data":"Survivor","floor":23,"key":"SMITH"},{"floor":27,"key":"REST"},{"floor":32,"key":"REST"}],"circlet_count":0,"master_deck":["AscendersBane","Strike_G+1","Strike_G+1","Strike_G+1","Strike_G+1","Strike_G+1","Defend_G+1","Defend_G+1","Defend_G+1","Defend_G+1","Defend_G+1","Survivor+1","Neutralize+1","Noxious Fumes+1","Poisoned Stab","Bane+1","Cloak And Dagger","Glass Knife+1","Backstab","Shame","Footwork+1","Terror","Noxious Fumes+1","Die Die Die","Dagger Throw"],"relics":["Ring of the Snake","Gambling Chip","Frozen Egg 2","Tiny Chest","SlaversCollar","ClockworkSouvenir","Omamori","StrikeDummy","Whetstone","Singing Bowl"],"acts_visited":["Exordium","TheCity"],"potions_floor_usage":[6,16,28,30],"damage_taken":[{"damage":2,"enemies":"2 Louse","floor":1,"turns":4},{"damage":6,"enemies":"Jaw Worm","floor":4,"turns":4},{"damage":0,"enemies":"Cultist","floor":5,"turns":3},{"damage":33,"enemies":"Lagavulin","floor":6,"turns":7},{"damage":13,"enemies":"Large Slime","floor":8,"turns":7},{"damage":2,"enemies":"Blue Slaver","floor":14,"turns":5},{"damage":7,"enemies":"The Guardian","floor":16,"turns":10},{"damage":19,"enemies":"Chosen","floor":18,"turns":5},{"damage":14,"enemies":"Spheric Guardian","floor":25,"turns":5},{"damage":2,"enemies":"Snake Plant","floor":28,"turns":5},{"damage":8,"enemies":"Slavers","floor":30,"turns":5},{"damage":2,"enemies":"Shelled Parasite and Fungi","floor":31,"turns":7},{"damage":62,"enemies":"Automaton","floor":33,"turns":8}],"seed_played":"-2159831777550451310","potions_obtained":[{"floor":4,"key":"Strength Potion"},{"floor":8,"key":"Block Potion"},{"floor":16,"key":"AttackPotion"},{"floor":25,"key":"Swift Potion"},{"floor":31,"key":"Ancient Potion"}],"is_trial":false,"path_per_floor":["M","?","?","M","M","E","$","M","T","R","$","R","?","M","R","B",null,"M","$","?","?","T","R","$","M","T","R","M","?","E","M","R","B"],"character_chosen":"THE_SILENT","items_purchased":["Tiny Chest","ClockworkSouvenir"],"campfire_rested":4,"item_purchase_floors":[11,19],"current_hp_per_floor":[63,41,59,53,53,20,20,7,7,28,28,49,49,47,47,40,64,45,45,45,45,45,45,45,31,31,52,50,50,42,40,61,0,0],"gold":107,"neow_bonus":"TEN_PERCENT_HP_BONUS","is_daily":false,"chose_seed":false,"campfire_upgraded":2,"win_rate":0.0,"timestamp":1609679145,"path_taken":["M","?","?","M","M","E","?","?","T","R","?","R","?","M","R","BOSS","M","$","?","?","?","R","$","M","T","R","M","?","E","M","R","BOSS"],"items_purchased_type":["Relic","Relic"],"build_version":"2020-12-22","purchased_purges":0,"victory":false,"max_hp_per_floor":[72,72,72,72,72,72,72,72,72,72,72,72,72,72,72,72,72,72,72,72,72,72,72,72,72,72,72,72,72,72,72,72,72,72],"card_choices":[{"not_picked":["PiercingWail","Setup","Deflect"],"picked":"SKIP","floor":1},{"not_picked":["Deflect","Deadly Poison","Well Laid Plans"],"picked":"SKIP","floor":4},{"not_picked":["Predator","Masterful Stab"],"picked":"Noxious Fumes","floor":5},{"not_picked":["Flying Knee","Corpse Explosion"],"picked":"Poisoned Stab","floor":6},{"not_picked":["Dodge and Roll","Setup"],"picked":"Bane","floor":8},{"not_picked":["Underhanded Strike","Dodge and Roll"],"picked":"Cloak And Dagger","floor":14},{"not_picked":["Phantasmal Killer","Doppelganger"],"picked":"Glass Knife","floor":16},{"not_picked":["Deadly Poison","Underhanded Strike"],"picked":"Backstab","floor":18},{"not_picked":["Dodge and Roll+1","Backflip"],"picked":"Footwork+1","floor":25},{"not_picked":["Flying Knee+1","Bane+1"],"picked":"Terror","floor":28},{"not_picked":["Accuracy+1","Dodge and Roll+1"],"picked":"Die Die Die","floor":30},{"not_picked":["Underhanded Strike","PiercingWail"],"picked":"Dagger Throw","floor":31}],"player_experience":741768,"relics_obtained":[{"floor":6,"key":"Gambling Chip"},{"floor":9,"key":"Frozen Egg 2"},{"floor":22,"key":"StrikeDummy"},{"floor":26,"key":"Whetstone"},{"floor":30,"key":"Singing Bowl"}],"event_choices":[{"damage_healed":0,"gold_gain":0,"player_choice":"Entered Light","damage_taken":22,"max_hp_gain":0,"max_hp_loss":0,"event_name":"Shining Light","floor":2,"gold_loss":0,"cards_upgraded":["Strike_G","Strike_G"]},{"damage_healed":18,"gold_gain":0,"player_choice":"Healed","damage_taken":0,"max_hp_gain":0,"max_hp_loss":0,"event_name":"The Cleric","floor":3,"gold_loss":35},{"damage_healed":0,"gold_gain":0,"player_choice":"Grow","damage_taken":0,"max_hp_gain":0,"max_hp_loss":0,"event_name":"Living Wall","floor":13,"gold_loss":0,"cards_upgraded":["Neutralize"]},{"damage_healed":0,"gold_gain":0,"player_choice":"Stole Relic","damage_taken":0,"relics_obtained":["Omamori"],"max_hp_gain":0,"max_hp_loss":0,"event_name":"Addict","floor":20,"gold_loss":0,"cards_obtained":["Shame"]},{"damage_healed":0,"gold_gain":0,"player_choice":"Simplicity","damage_taken":0,"max_hp_gain":0,"max_hp_loss":0,"event_name":"Back to Basics","floor":21,"gold_loss":0,"cards_upgraded":["Strike_G","Strike_G","Strike_G","Defend_G","Defend_G","Defend_G","Defend_G","Defend_G"]},{"damage_healed":0,"gold_gain":0,"player_choice":"Copied","damage_taken":0,"max_hp_gain":0,"max_hp_loss":0,"event_name":"Duplicator","floor":29,"gold_loss":0,"cards_obtained":["Noxious Fumes"]}],"is_beta":false,"boss_relics":[{"not_picked":["Runic Dome","Fusion Hammer"],"picked":"SlaversCollar"}],"items_purged_floors":[],"is_endless":false,"potions_floor_spawned":[4,8,16,25,31],"killed_by":"Automaton","ascension_level":18}}