{"host":"lvhfn8l5bvc4nolx","time":1609647188,"event":{"mods":["AchievementEnabler","BaseMod","Colored Map","Keyboard Shortcuts","Minty Spire (QoL Compilation)","Permanent Neow","Quick Restart","SuperFastMode"],"gold_per_floor":[365,380,350,203,218,218,248,248,272,272,305,322,48,58,58,158,158,177,177,177,193,41,60,71,86,86,86,86,99,112,122,122,122,122],"floor_reached":33,"playtime":869,"items_purged":["Strike_B","Defend_B","Strike_B"],"score":274,"play_id":"a3e2b67c-8ea6-478a-8c2c-517b56ff3a01","local_time":"20210103131308","is_ascension_mode":true,"campfire_choices":[{"data":"Dualcast","floor":6.0,"key":"SMITH"},{"data":"Turbo","floor":8.0,"key":"SMITH"},{"floor":15.0,"key":"REST"},{"floor":27,"key":"REST"},{"floor":32,"key":"REST"}],"circlet_count":0,"master_deck":["Strike_B","Strike_B","Defend_B","Defend_B","Defend_B","Zap","Dualcast+1","Ball Lightning","Streamline","Go for the Eyes","Coolheaded","Turbo+1","Leap","Beam Cell","Gash","BootSequence","Gash","Flash of Steel","Recycle","Reboot","CurseOfTheBell","Stack","RitualDagger","FTL","Gash","Leap","Steam","Leap+1","Go for the Eyes","Conserve Battery"],"relics":["Cracked Core","MealTicket","Boot","Oddly Smooth Stone","Letter Opener","Calling Bell","Regal Pillow","Pear","Calipers","Shuriken","CultistMask"],"acts_visited":["Exordium","TheCity"],"potions_floor_usage":[29,29,33,33],"damage_taken":[{"damage":1.0,"enemies":"Jaw Worm","floor":1.0,"turns":3.0},{"damage":5.0,"enemies":"Cultist","floor":2.0,"turns":4.0},{"damage":3.0,"enemies":"Small Slimes","floor":5.0,"turns":3.0},{"damage":22.0,"enemies":"3 Sentries","floor":7.0,"turns":7.0},{"damage":6.0,"enemies":"Gremlin Nob","floor":11.0,"turns":3.0},{"damage":3.0,"enemies":"Red Slaver","floor":12.0,"turns":3.0},{"damage":0.0,"enemies":"Blue Slaver","floor":14.0,"turns":2.0},{"damage":16,"enemies":"Slime Boss","floor":16,"turns":8},{"damage":17,"enemies":"2 Thieves","floor":18,"turns":4},{"damage":10,"enemies":"Spheric Guardian","floor":21,"turns":5},{"damage":14,"enemies":"Chosen and Byrds","floor":23,"turns":6},{"damage":26,"enemies":"Snecko","floor":24,"turns":6},{"damage":21,"enemies":"Cultist and Chosen","floor":25,"turns":8},{"damage":8,"enemies":"Snake Plant","floor":29,"turns":3},{"damage":27,"enemies":"Snecko","floor":30,"turns":6},{"damage":0,"enemies":"Chosen and Byrds","floor":31,"turns":6},{"damage":56,"enemies":"Champ","floor":33,"turns":12}],"seed_played":"-1578314431158947210","potions_obtained":[{"floor":2.0,"key":"Swift Potion"},{"floor":3.0,"key":"EssenceOfSteel"},{"floor":3.0,"key":"FearPotion"},{"floor":7.0,"key":"Block Potion"},{"floor":16,"key":"DuplicationPotion"},{"floor":20,"key":"DuplicationPotion"},{"floor":20,"key":"ColorlessPotion"},{"floor":31,"key":"Swift Potion"}],"is_trial":false,"path_per_floor":["M","M","?","$","M","R","E","R","T","?","E","M","$","M","R","B",null,"M","?","?","M","$","M","M","M","T","R","?","M","M","M","R","B"],"character_chosen":"DEFECT","items_purchased":["Go for the Eyes","Coolheaded","BootSequence","Gash","Flash of Steel","Gash","Leap"],"campfire_rested":3,"item_purchase_floors":[4,4,13,13,13,22,22],"current_hp_per_floor":[53,48,48,48,45,45,23,23,23,16,10,7,22,22,44,28,85,68,62,62,52,67,53,27,6,6,46,46,38,11,11,51,0,0],"gold":122,"neow_bonus":"TWO_FIFTY_GOLD","is_daily":false,"chose_seed":false,"campfire_upgraded":2,"win_rate":0.0,"timestamp":1609647188,"path_taken":["M","M","?","$","?","R","E","R","T","?","E","M","?","M","R","BOSS","M","?","?","M","$","M","M","?","T","R","?","M","M","?","R","BOSS"],"items_purchased_type":["Card","Card","Card","Card","Card","Card","Card"],"build_version":"2020-12-22","purchased_purges":3,"victory":false,"max_hp_per_floor":[75,75,75,75,75,75,75,75,75,75,75,75,75,75,75,75,85,85,85,85,85,85,85,85,85,85,85,85,85,85,85,85,85,85],"card_choices":[{"not_picked":["FTL","Steam Power"],"picked":"Ball Lightning","floor":1.0},{"not_picked":["Hello World","Redo"],"picked":"Streamline","floor":2.0},{"not_picked":["Steam","Leap"],"picked":"Turbo","floor":5.0},{"not_picked":["Barrage","Capacitor"],"picked":"Leap","floor":7.0},{"not_picked":["Coolheaded","Stack"],"picked":"Beam Cell","floor":11.0},{"not_picked":["Auto Shields","Darkness"],"picked":"Gash","floor":12.0},{"not_picked":["Storm","Sweeping Beam"],"picked":"Recycle","floor":14.0},{"not_picked":["Echo Form","Machine Learning"],"picked":"Reboot","floor":16},{"not_picked":["Rebound","Chill"],"picked":"Stack","floor":18},{"not_picked":["Streamline","Doom and Gloom"],"picked":"FTL","floor":21},{"not_picked":["Cold Snap","Hologram+1"],"picked":"Steam","floor":23},{"not_picked":["Cold Snap","Coolheaded+1"],"picked":"Leap+1","floor":24},{"not_picked":["Defragment","Sweeping Beam"],"picked":"Go for the Eyes","floor":25},{"not_picked":["Streamline","Leap"],"picked":"Conserve Battery","floor":29},{"not_picked":["Rebound","Glacier+1","Lockon"],"picked":"SKIP","floor":30},{"not_picked":["Ball Lightning+1","Capacitor","Tempest"],"picked":"SKIP","floor":31}],"player_experience":371124,"relics_obtained":[{"floor":7.0,"key":"MealTicket"},{"floor":9.0,"key":"Boot"},{"floor":11.0,"key":"Letter Opener"},{"floor":17,"key":"Regal Pillow"},{"floor":17,"key":"Pear"},{"floor":17,"key":"Calipers"},{"floor":26,"key":"Shuriken"}],"event_choices":[{"damage_healed":0.0,"max_hp_gain":0.0,"max_hp_loss":0.0,"gold_gain":0.0,"event_name":"The Woman in Blue","player_choice":"Bought 2 Potions","floor":3.0,"gold_loss":0.0,"damage_taken":0.0},{"damage_healed":0.0,"max_hp_gain":0.0,"max_hp_loss":0.0,"gold_gain":0.0,"event_name":"Scrap Ooze","player_choice":"Success","floor":10.0,"gold_loss":0.0,"damage_taken":7.0,"relics_obtained":["Oddly Smooth Stone"]},{"damage_healed":0,"gold_gain":0,"player_choice":"Joined the Cult","damage_taken":6,"max_hp_gain":0,"max_hp_loss":0,"event_name":"Nest","floor":19,"gold_loss":0,"cards_obtained":["RitualDagger"]},{"damage_healed":0,"gold_gain":0,"player_choice":"Got Potions","damage_taken":0,"max_hp_gain":0,"max_hp_loss":0,"event_name":"Lab","floor":20,"gold_loss":0},{"damage_healed":0,"gold_gain":0,"player_choice":"Trade","damage_taken":0,"relics_obtained":["CultistMask"],"max_hp_gain":0,"max_hp_loss":0,"event_name":"FaceTrader","floor":28,"gold_loss":0}],"is_beta":false,"boss_relics":[{"not_picked":["Runic Pyramid","Tiny House"],"picked":"Calling Bell"}],"items_purged_floors":[4,13,22],"is_endless":false,"potions_floor_spawned":[2,7,16,21,25,31],"killed_by":"Champ","ascension_level":1}}