{"host":"w9yruvs4bqht6bhw","time":1609636959,"event":{"mods":["BaseMod","Colored Powertips","Minty Spire (QoL Compilation)"],"gold_per_floor":[212,226,1,1,1,11,42,42,94,9,9,9,26,58,58,162,162,150,168,18,34,47,47,63,63,63,79,79,79,95,109,109,109,109],"floor_reached":33,"playtime":1153,"items_purged":["Strike_R","Strike_R"],"score":350,"play_id":"3d0eae47-7591-4536-9d4e-dd56966491f8","local_time":"20210102202239","is_ascension_mode":true,"campfire_choices":[{"data":"Spot Weakness","floor":8,"key":"SMITH"},{"data":"Clothesline","floor":12,"key":"SMITH"},{"data":"Bash","floor":15,"key":"SMITH"},{"data":"Defend_R","floor":23,"key":"SMITH"},{"floor":25,"key":"REST"},{"data":"Defend_R","floor":28,"key":"SMITH"},{"data":"Ghostly Armor","floor":32,"key":"SMITH"}],"circlet_count":0,"master_deck":["Strike_R+1","Strike_R","Defend_R+1","Defend_R+1","Defend_R+1","Defend_R+1","Bash+1","Cleave+1","Clothesline+1","Spot Weakness+1","Rampage+1","Ghostly Armor","Iron Wave+1","Reaper+1","Anger+1","Thunderclap+1","Shrug It Off+1","Clash+1","Ghostly Armor+1"],"relics":["Black Blood","Whetstone","War Paint","Molten Egg 2","Paper Frog","InkBottle"],"acts_visited":["Exordium","TheCity"],"potions_floor_usage":[2,6,16,19,21,24,31,33],"damage_taken":[{"damage":0,"enemies":"Small Slimes","floor":1,"turns":4},{"damage":2,"enemies":"Jaw Worm","floor":2,"turns":3},{"damage":0,"enemies":"Cultist","floor":6,"turns":4},{"damage":26,"enemies":"Gremlin Nob","floor":7,"turns":4},{"damage":20,"enemies":"Lots of Slimes","floor":13,"turns":2},{"damage":22,"enemies":"Lagavulin","floor":14,"turns":6},{"damage":31,"enemies":"Slime Boss","floor":16,"turns":7},{"damage":31,"enemies":"2 Thieves","floor":18,"turns":4},{"damage":20,"enemies":"Spheric Guardian","floor":19,"turns":4},{"damage":39,"enemies":"Snake Plant","floor":21,"turns":6},{"damage":27,"enemies":"3 Cultists","floor":22,"turns":4},{"damage":22,"enemies":"Centurion and Healer","floor":24,"turns":9},{"damage":19,"enemies":"Chosen and Byrds","floor":27,"turns":7},{"damage":10,"enemies":"Sentry and Sphere","floor":30,"turns":4},{"damage":4,"enemies":"Shelled Parasite and Fungi","floor":31,"turns":7},{"damage":112,"enemies":"Champ","floor":33,"turns":10}],"seed_played":"-9155294380476205080","potions_obtained":[{"floor":1,"key":"FearPotion"},{"floor":2,"key":"Regen Potion"},{"floor":18,"key":"DuplicationPotion"},{"floor":22,"key":"Swift Potion"},{"floor":30,"key":"HeartOfIron"},{"floor":31,"key":"Regen Potion"}],"is_trial":false,"path_per_floor":["M","M","$","?","?","M","E","R","T","$","?","R","M","E","R","B",null,"M","M","$","M","M","R","M","R","T","M","R","?","M","M","R","B"],"character_chosen":"IRONCLAD","items_purchased":["Whetstone","Rampage+1","SteroidPotion","SteroidPotion"],"campfire_rested":1,"item_purchase_floors":[3,10,10,20],"current_hp_per_floor":[78,80,80,80,68,80,60,60,60,60,80,80,66,50,50,25,66,65,57,57,35,44,44,43,67,67,60,60,60,62,70,70,0,0],"gold":109,"neow_bonus":"HUNDRED_GOLD","is_daily":false,"chose_seed":false,"campfire_upgraded":6,"win_rate":0.0,"timestamp":1609636959,"path_taken":["M","M","$","?","?","M","E","R","T","$","?","R","?","E","R","BOSS","M","?","$","M","M","R","M","R","T","?","R","?","?","M","R","BOSS"],"items_purchased_type":["Relic","Card","Potion","Potion"],"build_version":"2020-12-22","purchased_purges":2,"victory":false,"max_hp_per_floor":[80,80,80,80,80,80,80,80,80,80,80,80,80,80,80,80,80,80,80,80,80,80,80,80,80,80,80,80,80,80,80,80,80,80],"card_choices":[{"not_picked":["Rage","True Grit"],"picked":"Cleave","floor":1},{"not_picked":["Cleave","Shrug It Off"],"picked":"Clothesline","floor":2},{"not_picked":["Offering","Cleave","Heavy Blade"],"picked":"SKIP","floor":6},{"not_picked":["Shrug It Off","Headbutt+1"],"picked":"Spot Weakness","floor":7},{"not_picked":["Armaments","Wild Strike+1"],"picked":"Ghostly Armor","floor":13},{"not_picked":["Feed+1","Clothesline+1"],"picked":"Iron Wave+1","floor":14},{"not_picked":["Barricade","Demon Form"],"picked":"Reaper+1","floor":16},{"not_picked":["Armaments","Headbutt+1"],"picked":"Anger+1","floor":18},{"not_picked":["Dropkick+1","Heavy Blade+1"],"picked":"Thunderclap+1","floor":19},{"not_picked":["Body Slam+1","Disarm","Dropkick+1"],"picked":"SKIP","floor":21},{"not_picked":["Entrench+1","Heavy Blade+1"],"picked":"Shrug It Off+1","floor":22},{"not_picked":["Whirlwind+1","Body Slam+1","Fiend Fire+1"],"picked":"SKIP","floor":24},{"not_picked":["Sword Boomerang+1","Searing Blow+1"],"picked":"Clash+1","floor":27},{"not_picked":["Hemokinesis+1","Perfected Strike+1","Thunderclap+1"],"picked":"SKIP","floor":30},{"not_picked":["Shrug It Off","Perfected Strike+1"],"picked":"Ghostly Armor","floor":31}],"player_experience":281595,"relics_obtained":[{"floor":7,"key":"Molten Egg 2"},{"floor":14,"key":"Paper Frog"},{"floor":26,"key":"InkBottle"}],"event_choices":[{"damage_healed":0,"gold_gain":0,"player_choice":"Ignored","damage_taken":0,"max_hp_gain":0,"max_hp_loss":0,"event_name":"Liars Game","floor":4,"gold_loss":0},{"damage_healed":0,"gold_gain":0,"player_choice":"Success","damage_taken":12,"relics_obtained":["War Paint"],"max_hp_gain":0,"max_hp_loss":0,"event_name":"Scrap Ooze","floor":5,"gold_loss":0},{"damage_healed":26,"gold_gain":0,"player_choice":"Banana","damage_taken":0,"max_hp_gain":0,"max_hp_loss":0,"event_name":"Big Fish","floor":11,"gold_loss":0},{"cards_removed":["Strike_R"],"damage_healed":0,"gold_gain":0,"player_choice":"Purged","damage_taken":0,"max_hp_gain":0,"max_hp_loss":0,"event_name":"Purifier","floor":29,"gold_loss":0}],"is_beta":false,"boss_relics":[{"not_picked":["SlaversCollar","Mark of Pain"],"picked":"Black Blood"}],"items_purged_floors":[3,20],"is_endless":false,"potions_floor_spawned":[1,2,18,22,30,31],"killed_by":"Champ","ascension_level":7}}