{"host":"ox77rn1xcurm2t5a","time":1609635593,"event":{"mods":["2.2 Compatiblity","AchievementEnabler","Act Like it!","Aspiration","BaseMod","Best Route Mod","Better Match","Better Note","Better Sensory Stone","Block Reminder","Colored Map","Colored Powertips","Conjunction","Conspire","Custom Start","Energized Spire","GifTheSpireLib","Gold Saver","Gremlin Skip","Halation","Highlight Path","Hubris","Infinite Spire","Minty Spire (QoL Compilation)","Pale of the Ancients","Quick Restart","Replay The Spire","Reworked Bosses","ShortenTheSpire","Spire Exporter","StSLib","Stuff the Spire","Wandering Minibosses","vexMod"],"gold_per_floor":[116,116,42,42,58,58,87,87,87,87,107,36,67,67,67,171,171,171,171,171,171,171,171,171,171,171],"floor_reached":25,"playtime":431,"items_purged":[],"score":468,"play_id":"6149ac01-8432-4b20-b09e-3c878f4dd2f3","local_time":"20210103025953","is_ascension_mode":true,"campfire_choices":[{"data":"Zap","floor":6.0,"key":"SMITH"},{"floor":8.0,"key":"RECALL"},{"data":"Dualcast","floor":10.0,"key":"SMITH"},{"data":"Go for the Eyes","floor":15.0,"key":"SMITH"}],"circlet_count":0,"master_deck":["AscendersBane","Strike_B","Strike_B","Strike_B","Strike_B","Defend_B","Defend_B","Defend_B","Defend_B","Zap+1","Dualcast+1","Injury","Defragment+1","Biased Cognition+1","Go for the Eyes+1","Storm+1","StuffTheSpire:ForEach+1","Gash","Ball Lightning","Streamline+1"],"relics":["Cracked Core","NeowsBlessing","Frozen Egg 2","vexMod:InvisibilityCloak","hubris:ToyBattleship","Ectoplasm","halation:QuantumPhysicsTextbook"],"acts_visited":["Exordium","TheCity"],"potions_floor_usage":[16,16,20,20,24],"damage_taken":[{"damage":0.0,"enemies":"Cultist","floor":1.0,"turns":1.0},{"damage":0.0,"enemies":"2 Louse","floor":5.0,"turns":1.0},{"damage":0.0,"enemies":"3 Sentries","floor":7.0,"turns":2.0},{"damage":6.0,"enemies":"Jaw Worm","floor":11.0,"turns":3.0},{"damage":18.0,"enemies":"Lagavulin","floor":13.0,"turns":5.0},{"damage":0,"enemies":"Slime Boss","floor":16,"turns":5},{"damage":5,"enemies":"Chosen","floor":18,"turns":3},{"damage":0,"enemies":"3 Byrds","floor":20,"turns":3},{"damage":20,"enemies":"Book of Stabbing","floor":23,"turns":3},{"damage":12,"enemies":"Snecko","floor":24,"turns":3},{"damage":17,"enemies":"Nightmare","floor":25,"turns":5}],"seed_played":"5890613601220195445","potions_obtained":[{"floor":4.0,"key":"Dexterity Potion"},{"floor":4.0,"key":"CultistPotion"},{"floor":16,"key":"Conjunction:LightningMarble"},{"floor":18,"key":"Reflective Coating"},{"floor":23,"key":"FocusPotion"}],"is_trial":false,"path_per_floor":["M","?","$","?","M","R","E","R","T","R","M","$","E","?","R","B",null,"M","?","M","?","?","E","M","NM"],"character_chosen":"DEFECT","items_purchased":["Defragment+1","Storm+1"],"campfire_rested":0,"item_purchase_floors":[3,12],"current_hp_per_floor":[68,68,68,68,68,68,68,68,68,68,62,62,44,51,51,51,69,64,50,50,50,50,30,18,1,1],"gold":171,"neow_bonus":"THREE_ENEMY_KILL","is_daily":false,"chose_seed":false,"campfire_upgraded":3,"win_rate":0.0,"timestamp":1609635593,"path_taken":["M","?","$","?","M","R","E","R","T","R","?","$","E","?","R","BOSS","M","?","M","?","?","E","M","NM"],"items_purchased_type":["Card","Card"],"build_version":"2020-12-22","purchased_purges":0,"victory":false,"max_hp_per_floor":[75,75,75,75,75,75,75,75,75,75,75,75,75,75,75,75,75,75,80,80,80,80,80,80,80,80],"card_choices":[{"not_picked":["Barrage","Turbo","Hologram"],"picked":"SKIP","floor":1.0},{"not_picked":["Beam Cell","ReplaySolidLightProjector","Fusion"],"picked":"SKIP","floor":5.0},{"not_picked":["Go for the Eyes","StuffTheSpire:Purify"],"picked":"Biased Cognition+1","floor":7.0},{"not_picked":["Cold Snap","Leap"],"picked":"Go for the Eyes","floor":11.0},{"not_picked":["Redo","Go for the Eyes","Sunder"],"picked":"SKIP","floor":13.0},{"not_picked":["StuffTheSpire:EventHorizon","All For One"],"picked":"StuffTheSpire:ForEach","floor":16},{"not_picked":["Compile Driver","BasicCrystalCard+1"],"picked":"Gash","floor":18},{"not_picked":["Steam","Hologram"],"picked":"Ball Lightning","floor":20},{"not_picked":["Sunder","Hologram","Tempest"],"picked":"SKIP","floor":23},{"not_picked":["Barrage","Go for the Eyes"],"picked":"Streamline+1","floor":24}],"player_experience":2881829,"relics_obtained":[{"floor":7.0,"key":"vexMod:InvisibilityCloak"},{"floor":13.0,"key":"hubris:ToyBattleship"},{"floor":23,"key":"halation:QuantumPhysicsTextbook"}],"event_choices":[{"damage_healed":0.0,"max_hp_gain":0.0,"max_hp_loss":0.0,"gold_gain":0.0,"event_name":"Lab","player_choice":"Got Potions","floor":4.0,"gold_loss":0.0,"damage_taken":0.0},{"damage_healed":0,"gold_gain":0,"player_choice":"Shed Blood","damage_taken":19,"max_hp_gain":5,"max_hp_loss":0,"event_name":"Forgotten Altar","floor":19,"gold_loss":0}],"is_beta":false,"boss_relics":[{"not_picked":["StuffTheSpire:RunicHypercube","halation:ForbiddenBikini"],"picked":"Ectoplasm"}],"items_purged_floors":[],"is_endless":false,"potions_floor_spawned":[7,16,18,23],"killed_by":"Nightmare","ascension_level":11}}