{"host":"wuk1ltmmka824l9y","time":1609650333,"event":{"mods":["AchievementEnabler","BaseMod","Custom Start","DeckTracker","Minty Spire (QoL Compilation)","Quick Restart","StSLib","SuperFastMode"],"gold_per_floor":[111,111,129,129,143,176,176,204,243,235,258,290,319,351,363,471,483,507,365,365,382,297,297,310,310,310,310,338,238,163,174,174,271,271,281,156,169,169,169,169,185,29,29,29,56,75,75,3,3,3],"floor_reached":51,"playtime":1640,"items_purged":["Concentrate","Envenom","Blade Dance"],"score":908,"play_id":"13db2899-fac8-46ff-9b73-e6c469a1a5c0","local_time":"20210103140533","is_ascension_mode":true,"campfire_choices":[{"data":"Unload","floor":7.0,"key":"SMITH"},{"floor":15.0,"key":"REST"},{"data":"Acrobatics","floor":23.0,"key":"SMITH"},{"data":"Night Terror","floor":25.0,"key":"SMITH"},{"data":"Well Laid Plans","floor":27.0,"key":"SMITH"},{"data":"Catalyst","floor":32.0,"key":"SMITH"},{"data":"Tactician","floor":40,"key":"SMITH"},{"data":"Deadly Poison","floor":44,"key":"SMITH"},{"data":"Leg Sweep","floor":47,"key":"SMITH"},{"floor":49,"key":"REST"}],"circlet_count":0,"master_deck":["Survivor","Unload+1","Quick Slash","Corpse Explosion","Tactician+1","Deadly Poison+1","Caltrops","Catalyst+1","Night Terror+1","Leg Sweep+1","Flying Knee","Backflip","Outmaneuver","PiercingWail","Reflex","Well Laid Plans+1","Acrobatics+1","Calculated Gamble+1","Acrobatics+1","Prepared","Venomology","Calculated Gamble","Backflip+1"],"relics":["Ring of the Snake","Anchor","MawBank","Bronze Scales","Pandora\u0027s Box","InkBottle","Dream Catcher","Red Mask","HoveringKite","Oddly Smooth Stone","Bag of Preparation","Shuriken"],"acts_visited":["Exordium","TheCity","TheBeyond"],"potions_floor_usage":[45,46,50],"damage_taken":[{"damage":0.0,"enemies":"2 Louse","floor":1.0,"turns":2.0},{"damage":0.0,"enemies":"Jaw Worm","floor":3.0,"turns":3.0},{"damage":0.0,"enemies":"Small Slimes","floor":5.0,"turns":2.0},{"damage":28.0,"enemies":"Gremlin Nob","floor":6.0,"turns":4.0},{"damage":24.0,"enemies":"Lagavulin","floor":8.0,"turns":6.0},{"damage":0.0,"enemies":"2 Fungi Beasts","floor":11.0,"turns":2.0},{"damage":0.0,"enemies":"Blue Slaver","floor":12.0,"turns":2.0},{"damage":0.0,"enemies":"3 Louse","floor":13.0,"turns":1.0},{"damage":0.0,"enemies":"Gremlin Gang","floor":14.0,"turns":2.0},{"damage":15.0,"enemies":"Hexaghost","floor":16.0,"turns":6.0},{"damage":7.0,"enemies":"Shell Parasite","floor":18.0,"turns":4.0},{"damage":1.0,"enemies":"Chosen","floor":21.0,"turns":4.0},{"damage":8.0,"enemies":"3 Cultists","floor":24.0,"turns":3.0},{"damage":2.0,"enemies":"Masked Bandits","floor":28.0,"turns":2.0},{"damage":4.0,"enemies":"Cultist and Chosen","floor":31.0,"turns":3.0},{"damage":12,"enemies":"Champ","floor":33,"turns":3},{"damage":3,"enemies":"Orb Walker","floor":35,"turns":3},{"damage":4,"enemies":"3 Darklings","floor":37,"turns":2},{"damage":2,"enemies":"Writhing Mass","floor":41,"turns":3},{"damage":5,"enemies":"Nemesis","floor":45,"turns":3},{"damage":23,"enemies":"Spire Growth","floor":46,"turns":4},{"damage":12,"enemies":"Time Eater","floor":50,"turns":3}],"seed_played":"-4681447064384679102","potions_obtained":[{"floor":6.0,"key":"FairyPotion"},{"floor":8.0,"key":"EssenceOfSteel"},{"floor":12.0,"key":"DuplicationPotion"},{"floor":16.0,"key":"BlessingOfTheForge"},{"floor":18.0,"key":"Explosive Potion"},{"floor":21.0,"key":"EssenceOfSteel"},{"floor":31.0,"key":"Block Potion"},{"floor":35,"key":"SteroidPotion"},{"floor":37,"key":"AttackPotion"}],"is_trial":false,"path_per_floor":["M","?","M","?","M","E","R","E","T","?","M","M","M","M","R","B",null,"M","$","?","M","?","R","M","R","T","R","?","$","?","M","R","B",null,"M","$","M","?","?","R","M","$","T","R","E","M","R","$","R","B",null],"character_chosen":"THE_SILENT","items_purchased":["Well Laid Plans","Oddly Smooth Stone","LiquidMemories"],"campfire_rested":2,"item_purchase_floors":[19,42,48],"current_hp_per_floor":[63,56,56,56,56,28,28,4,4,4,4,4,4,4,25,10,55,48,48,48,47,47,47,39,39,39,39,37,37,37,33,33,21,58,55,55,51,51,51,51,49,49,49,49,44,21,21,21,42,30],"gold":3,"neow_bonus":"ONE_RANDOM_RARE_CARD","is_daily":false,"chose_seed":false,"campfire_upgraded":8,"win_rate":0.0,"timestamp":1609650333,"path_taken":["M","?","M","?","M","E","R","E","T","?","M","M","M","M","R","BOSS","M","$","?","M","?","R","M","R","T","R","?","?","?","M","R","BOSS","M","$","M","?","?","R","M","$","T","R","E","?","R","?","R","BOSS"],"items_purchased_type":["Card","Relic","Potion"],"build_version":"2020-12-22","purchased_purges":3,"victory":true,"max_hp_per_floor":[70,70,70,70,70,70,70,70,70,70,70,70,70,70,70,70,70,70,70,70,70,70,70,70,70,70,70,70,70,70,70,70,70,70,70,70,70,70,70,70,70,70,70,70,70,70,70,70,70,70],"card_choices":[{"not_picked":["Backflip","Skewer"],"picked":"Blade Dance","floor":1.0},{"not_picked":["Predator","Slice"],"picked":"Quick Slash","floor":3.0},{"not_picked":["Backflip","Underhanded Strike"],"picked":"Corpse Explosion","floor":5.0},{"not_picked":["Storm of Steel","Concentrate","Choke"],"picked":"SKIP","floor":6.0},{"not_picked":["Dash","Reflex"],"picked":"Tactician","floor":8.0},{"not_picked":["Well Laid Plans","Dodge and Roll"],"picked":"Deadly Poison","floor":11.0},{"not_picked":["Blade Dance","Dagger Spray"],"picked":"Caltrops","floor":12.0},{"not_picked":["Bane","Reflex"],"picked":"Catalyst","floor":13.0},{"not_picked":["Quick Slash","Backstab","Terror"],"picked":"SKIP","floor":14.0},{"not_picked":["Doppelganger","Storm of Steel"],"picked":"Night Terror","floor":16.0},{"not_picked":["Poisoned Stab","Dodge and Roll+1"],"picked":"Reflex","floor":18.0},{"not_picked":["Slice+1","Backflip","Cloak And Dagger"],"picked":"SKIP","floor":21.0},{"not_picked":["Unload","Prepared"],"picked":"Calculated Gamble+1","floor":24.0},{"not_picked":["Choke","Backflip"],"picked":"Acrobatics+1","floor":28.0},{"not_picked":["Quick Slash","Accuracy"],"picked":"Prepared","floor":31.0},{"not_picked":["Glass Knife","Tools of the Trade"],"picked":"Venomology","floor":33},{"not_picked":["Bane","Dagger Spray","Dodge and Roll+1"],"picked":"SKIP","floor":35},{"not_picked":["Dodge and Roll+1","Noxious Fumes","Heel Hook+1"],"picked":"SKIP","floor":37},{"not_picked":["Quick Slash","PiercingWail","Outmaneuver+1"],"picked":"SKIP","floor":41},{"not_picked":["Quick Slash","PiercingWail","Outmaneuver+1"],"picked":"SKIP","floor":41},{"not_picked":["Caltrops","Venomology"],"picked":"Calculated Gamble","floor":45},{"not_picked":["Backflip","Leg Sweep+1","Dagger Throw+1"],"picked":"SKIP","floor":46},{"not_picked":["Backflip","Leg Sweep+1","Dagger Throw+1"],"picked":"SKIP","floor":46},{"not_picked":["Concentrate+1","Underhanded Strike+1"],"picked":"Backflip+1","floor":49}],"player_experience":335000,"relics_obtained":[{"floor":6.0,"key":"Anchor"},{"floor":8.0,"key":"MawBank"},{"floor":9.0,"key":"Bronze Scales"},{"floor":26.0,"key":"Dream Catcher"},{"floor":28.0,"key":"Red Mask"},{"floor":43,"key":"Bag of Preparation"},{"floor":45,"key":"Shuriken"}],"event_choices":[{"cards_removed":["Strike_G"],"damage_healed":0.0,"max_hp_gain":0.0,"max_hp_loss":0.0,"gold_gain":0.0,"event_name":"Golden Wing","player_choice":"Card Removal","floor":2.0,"gold_loss":0.0,"damage_taken":7.0},{"cards_removed":["Strike_G"],"damage_healed":0.0,"max_hp_gain":0.0,"max_hp_loss":0.0,"gold_gain":0.0,"event_name":"Living Wall","player_choice":"Forget","floor":4.0,"gold_loss":0.0,"damage_taken":0.0},{"damage_healed":0.0,"max_hp_gain":0.0,"max_hp_loss":0.0,"gold_gain":0.0,"event_name":"World of Goop","player_choice":"Left Gold","floor":10.0,"gold_loss":20.0,"damage_taken":0.0},{"damage_healed":0.0,"max_hp_gain":0.0,"max_hp_loss":0.0,"gold_gain":0.0,"event_name":"The Library","player_choice":"Read","floor":20.0,"gold_loss":0.0,"damage_taken":0.0,"cards_obtained":["Acrobatics"]},{"damage_healed":0.0,"max_hp_gain":0.0,"max_hp_loss":0.0,"gold_gain":0.0,"event_name":"Addict","player_choice":"Obtained Relic","floor":22.0,"gold_loss":85.0,"damage_taken":0.0,"relics_obtained":["InkBottle"]},{"damage_healed":0.0,"max_hp_gain":0.0,"max_hp_loss":0.0,"gold_gain":0.0,"event_name":"Masked Bandits","player_choice":"Fought Bandits","floor":28.0,"gold_loss":0.0,"damage_taken":0.0},{"cards_removed":["Bane"],"damage_healed":0.0,"max_hp_gain":0.0,"max_hp_loss":0.0,"gold_gain":0.0,"event_name":"Beggar","player_choice":"Gave Gold","floor":30.0,"gold_loss":75.0,"damage_taken":0.0},{"cards_removed":["Neutralize"],"damage_healed":0,"gold_gain":0,"player_choice":"Removed Attack","damage_taken":0,"max_hp_gain":0,"max_hp_loss":0,"event_name":"Falling","floor":38,"gold_loss":0},{"damage_healed":0,"gold_gain":0,"player_choice":"0 cards matched","damage_taken":0,"max_hp_gain":0,"max_hp_loss":0,"event_name":"Match and Keep!","floor":39,"gold_loss":0,"cards_obtained":[]}],"is_beta":false,"boss_relics":[{"not_picked":["SacredBark","Black Star"],"picked":"Pandora\u0027s Box"},{"not_picked":["Velvet Choker","Fusion Hammer"],"picked":"HoveringKite"}],"items_purged_floors":[19,29,36],"is_endless":false,"potions_floor_spawned":[6,8,12,13,16,18,21,31,35,37,41],"ascension_level":6}}