{"host":"5jzx1090woovszu4","time":1609644743,"event":{"mods":["BaseMod","Beaked The Cultist","Minty Spire (QoL Compilation)","Spicy Shops","StSLib","The Bug Knight"],"gold_per_floor":[110,110,130,29,49,75,75,91,115,135,135,145,145,24,24,120,120,130,130,142,162,162,162],"floor_reached":22,"playtime":2557,"items_purged":["Pain"],"score":188,"play_id":"9656c66a-b1ad-4475-a786-e6c345b81bbe","local_time":"20210103043223","is_ascension_mode":false,"campfire_choices":[{"floor":7,"key":"REST"},{"floor":11,"key":"REST"},{"floor":15,"key":"REST"}],"circlet_count":0,"master_deck":["HollowMod:NailStrikeStart","HollowMod:NailStrikeStart","HollowMod:NailStrikeStart","HollowMod:NailStrikeStart","HollowMod:QuickDashStart","HollowMod:QuickDashStart","HollowMod:QuickDashStart","HollowMod:QuickDashStart","HollowMod:FocusHealStart","HollowMod:PogoStrike+1","HollowMod:WraithStrike+1","Regret","HollowMod:MawleksShell+1","HollowMod:DungDefenderAura+1","HollowMod:VengefulVoid","HollowMod:NewJinnsSoul+1","HollowMod:LifebloodCocoon+1","HollowMod:Weaversong","HollowMod:MawleksShell+1","HollowMod:MantisMark+1","HollowMod:InfectedCysts"],"relics":["Cursed Key","Toxic Egg 2","Anchor","Philosopher\u0027s Stone","Nloth\u0027s Gift"],"acts_visited":["Exordium","TheCity"],"potions_floor_usage":[6,16,16,20,21,21,22,22],"damage_taken":[{"damage":5,"enemies":"Small Slimes","floor":1,"turns":3},{"damage":0,"enemies":"Cultist","floor":3,"turns":3},{"damage":2,"enemies":"2 Louse","floor":5,"turns":2},{"damage":35,"enemies":"Gremlin Nob","floor":6,"turns":4},{"damage":3,"enemies":"2 Fungi Beasts","floor":8,"turns":3},{"damage":24,"enemies":"Lots of Slimes","floor":10,"turns":5},{"damage":18,"enemies":"Exordium Wildlife","floor":12,"turns":5},{"damage":31,"enemies":"Hexaghost","floor":16,"turns":15},{"damage":14,"enemies":"Spheric Guardian","floor":18,"turns":3},{"damage":35,"enemies":"3 Byrds","floor":20,"turns":5},{"damage":30,"enemies":"Centurion and Healer","floor":21,"turns":6},{"damage":14,"enemies":"Snake Plant","floor":22,"turns":2}],"seed_played":"-2981001993562486271","potions_obtained":[{"floor":3,"key":"FearPotion"},{"floor":6,"key":"Block Potion"},{"floor":8,"key":"Energy Potion"},{"floor":10,"key":"FearPotion"},{"floor":18,"key":"Regen Potion"},{"floor":21,"key":"EntropicBrew"}],"is_trial":false,"path_per_floor":["M","?","M","$","M","E","R","M","T","M","R","M","?","$","R","B",null,"M","?","M","M","M"],"character_chosen":"THE_BUGKNIGHT","items_purchased":["Toxic Egg 2","HollowMod:LifebloodCocoon+1"],"campfire_rested":3,"item_purchase_floors":[4,14],"current_hp_per_floor":[70,70,70,70,68,33,55,52,52,28,50,32,37,37,61,30,80,66,66,31,13,0,0],"gold":162,"neow_bonus":"BOSS_RELIC","is_daily":false,"chose_seed":false,"campfire_upgraded":0,"win_rate":0.0,"timestamp":1609644743,"path_taken":["M","?","M","$","M","E","R","M","T","M","R","M","?","$","R","BOSS","M","?","M","M","M"],"items_purchased_type":["Relic","Card"],"build_version":"2020-12-22","purchased_purges":1,"victory":false,"max_hp_per_floor":[75,75,75,75,75,75,75,75,75,75,75,75,80,80,80,80,80,80,80,80,80,80,80],"card_choices":[{"not_picked":["HollowMod:NewJinnsSoul","HollowMod:GrimmsGift","HollowMod:PureNailStrike"],"picked":"SKIP","floor":1},{"not_picked":["HollowMod:DungDefenderAura","HollowMod:SharpenedNail"],"picked":"HollowMod:WraithStrike","floor":3},{"not_picked":["HollowMod:BaldurShell","HollowMod:SoulEater"],"picked":"HollowMod:MawleksShell+1","floor":5},{"not_picked":["HollowMod:RecoilStrike","HollowMod:PureVessel"],"picked":"HollowMod:DungDefenderAura+1","floor":6},{"not_picked":["HollowMod:InfectionAssault","HollowMod:CycloneSlash"],"picked":"HollowMod:VengefulVoid","floor":8},{"not_picked":["HollowMod:Grubsong","HollowMod:SoulShaman+1","HollowMod:NewLittleFool"],"picked":"SKIP","floor":10},{"not_picked":["HollowMod:CornifersMapStart+1","HollowMod:SoulEater"],"picked":"HollowMod:NewJinnsSoul+1","floor":12},{"not_picked":["HollowMod:LifebloodCore+1","HollowMod:Hiveblood+1"],"picked":"HollowMod:Weaversong","floor":16},{"not_picked":["HollowMod:SharpenedNail+1","HollowMod:DreamGate+1"],"picked":"HollowMod:MawleksShell+1","floor":18},{"not_picked":["HollowMod:RecoilStrike","HollowMod:NewInfectedGuardian+1"],"picked":"HollowMod:MantisMark+1","floor":20},{"not_picked":["HollowMod:DesolateDive","HollowMod:ShapeofUnn"],"picked":"HollowMod:InfectedCysts","floor":21}],"player_experience":620571,"relics_obtained":[{"floor":6,"key":"Whetstone"},{"floor":9,"key":"Anchor"}],"event_choices":[{"damage_healed":0,"gold_gain":0,"player_choice":"Donut","damage_taken":0,"max_hp_gain":5,"max_hp_loss":0,"event_name":"Big Fish","floor":13,"gold_loss":0},{"damage_healed":0,"gold_gain":0,"player_choice":"Traded Relic","damage_taken":0,"relics_obtained":["Nloth\u0027s Gift"],"max_hp_gain":0,"max_hp_loss":0,"event_name":"N\u0027loth","floor":19,"relics_lost":["Whetstone"],"gold_loss":0}],"is_beta":false,"boss_relics":[{"not_picked":["Tiny House","Ectoplasm"],"picked":"Philosopher\u0027s Stone"}],"items_purged_floors":[14],"is_endless":false,"potions_floor_spawned":[3,6,8,10,12,18,21],"killed_by":"Snake Plant","ascension_level":0}}