{"host":"rgcz6yx3duq0lh14","time":1609698264,"event":{"mods":["ATMod(à¢‡ıMod)","AchievementEnabler","Act Like it!","Aspiration","Astrologer","BaseMod","CapriCore","Chen","Colored Map","Decade(â§è¨ñæ)","Friendly Minions","Gensokyo","GungeonMod","Hermit","Jedi Mod","KinomotoSakuraMod(ñÿîVñ{?)","Koishi","Mari Mod (Legacy)","Mari\u0027s V1 Patch","MarisaÅiñ∂âJÅ@ñÇóùçπÅj","Minty Spire (QoL Compilation)","MostiFishMod","Pale of the Ancients","Permanent Neow","Potionbrewer","Prisma Mod","Quick Restart","ReimuÅiîé??öÎÅj","Replay The Spire","Robot Space Explorer","RumiaBox-òIïƒ?ìIê_îÈ·¥éq","Spicy Shops","StSLib","The Alterego","The Animator","The Bug Knight","The Cursed","The Dragon Tamer","The Forsaken","The Gatherer","The Immortal","The Marked","The Mystic","The Poker Player","The Runesmith","The Servant 0.9.4","TheWitcher","Yakumo Yukari mod","YoumuÅiç∞ÈÆódöÎÅj","Åy?ï®?îvÅzREMEMod"],"gold_per_floor":[12,12,24,36,53,53,65,65,65,81,6,31,48,73,73,173,173,190,208,108,108,122,122,134,169,219,159,176,201,217,249,249,348,348,365,377,5,5,22,22,22,22,104,88,88,58,69,100,100,100,100,100,27,56,56],"floor_reached":56,"playtime":2889,"items_purged":["alterego_mod:Defend","alterego_mod:Defend","Injury"],"score":1401,"play_id":"0c3c0ddf-65d5-478d-8305-7c9dca579d42","local_time":"20210104022424","is_ascension_mode":false,"campfire_choices":[{"data":"AT_DrawKnifeCut","floor":6.0,"key":"SMITH"},{"data":"alterego_mod:Impale","floor":8.0,"key":"SMITH"},{"data":"alterego_mod:Palingenesis","floor":15.0,"key":"SMITH"},{"data":"alterego_mod:TrickOrTreatment","floor":23.0,"key":"SMITH"},{"data":"alterego_mod:Collar","floor":32.0,"key":"SMITH"},{"data":"alterego_mod:InsideBaseball","floor":40.0,"key":"SMITH"},{"data":"alterego_mod:DiscoLights","floor":45.0,"key":"SMITH"},{"floor":49,"key":"RECALL"},{"data":"MostiFishMod:WinterMarkForm","floor":52,"key":"SMITH"}],"circlet_count":0,"master_deck":["alterego_mod:Strike","alterego_mod:Strike","alterego_mod:Strike","alterego_mod:Strike","alterego_mod:Defend","alterego_mod:Defend","alterego_mod:Impale+1","alterego_mod:BigMeatyClaws","alterego_mod:BrynhildrsRune","AT_DrawKnifeCut+1","alterego_mod:Birthday","potionbrewer:ChoosePotion","alterego_mod:Cushion+1","alterego_mod:Crossover+1","alterego_mod:MagicResistance+1","alterego_mod:Palingenesis+1","alterego_mod:IndependentAction+1","alterego_mod:TrickOrTreatment+1","MostiFishMod:FrostNova+1","MostiFishMod:WinterMarkForm+1","alterego_mod:Pet+1","alterego_mod:Mirror+1","alterego_mod:RingBreak","alterego_mod:Bunnysuit+1","alterego_mod:RidiculouslyBig+1","alterego_mod:Collar+1","alterego_mod:InsideBaseball+1","alterego_mod:GoddessCore+1","alterego_mod:Birthday+1","alterego_mod:DiscoLights+1","alterego_mod:Bounce+1","alterego_mod:DiscoLights+1","alterego_mod:Rake"],"relics":["alterego_mod:MasochisticConstitution","AT_ATBox","DaveBox","REME_ComplimentaryCards","Eternal Feather","SynthV:TestCard","Toxic Egg 2","DemoMod:PoisonVial","Replay:Rubber Ducky","HollowMod:PaleOreRelic","FrostBlade","Replay:Ringing Soul","Gremlin Food","Thread and Needle","Philosopher\u0027s Stone","potionbrewer:WarMedal","DemoMod:PinkGuonStone","Ccalipers","Happy Flower","Lantern"],"acts_visited":["Exordium","TheCity","TheBeyond","TheEnding"],"potions_floor_usage":[50,50,54],"damage_taken":[{"damage":0.0,"enemies":"2 Louse","floor":1.0,"turns":1.0},{"damage":9.0,"enemies":"Small Slimes","floor":3.0,"turns":5.0},{"damage":0.0,"enemies":"Jaw Worm","floor":4.0,"turns":3.0},{"damage":10.0,"enemies":"Exordium Wildlife","floor":5.0,"turns":4.0},{"damage":13.0,"enemies":"3 Louse","floor":7.0,"turns":2.0},{"damage":1.0,"enemies":"Gremlin Gang","floor":10.0,"turns":3.0},{"damage":13.0,"enemies":"Gremlin Nob","floor":12.0,"turns":4.0},{"damage":2.0,"enemies":"Large Slime","floor":13.0,"turns":4.0},{"damage":7.0,"enemies":"3 Sentries","floor":14.0,"turns":3.0},{"damage":50.0,"enemies":"Hexaghost","floor":16.0,"turns":9.0},{"damage":24.0,"enemies":"3 Byrds","floor":18.0,"turns":5.0},{"damage":0.0,"enemies":"Chosen","floor":19.0,"turns":3.0},{"damage":0.0,"enemies":"Snake Plant","floor":22.0,"turns":4.0},{"damage":10.0,"enemies":"Centurion and Healer","floor":24.0,"turns":6.0},{"damage":15.0,"enemies":"HollowMod:Nosk","floor":25.0,"turns":3.0},{"damage":0.0,"enemies":"Cultist and Chosen","floor":28.0,"turns":5.0},{"damage":2.0,"enemies":"Book of Stabbing","floor":29.0,"turns":5.0},{"damage":7.0,"enemies":"Shelled Parasite and Fungi","floor":30.0,"turns":4.0},{"damage":9.0,"enemies":"Gremlin Leader","floor":31.0,"turns":8.0},{"damage":0.0,"enemies":"Collector","floor":33.0,"turns":5.0},{"damage":0.0,"enemies":"Orb Walker","floor":35.0,"turns":3.0},{"damage":0.0,"enemies":"3 Shapes","floor":36.0,"turns":3.0},{"damage":3.0,"enemies":"Maw","floor":39.0,"turns":5.0},{"damage":0.0,"enemies":"Sphere and 2 Shapes","floor":44.0,"turns":2.0},{"damage":0.0,"enemies":"Spire Growth","floor":46.0,"turns":3.0},{"damage":0,"enemies":"3 Darklings","floor":47,"turns":3},{"damage":0,"enemies":"R_Hoarder","floor":48,"turns":4},{"damage":0,"enemies":"Awakened One","floor":50,"turns":8},{"damage":5,"enemies":"Shield and Spear","floor":54,"turns":4},{"damage":127,"enemies":"The Heart","floor":55,"turns":10}],"seed_played":"2407536485514101731","potions_obtained":[{"floor":4.0,"key":"Explosive Potion"},{"floor":5.0,"key":"Dexterity Potion"},{"floor":7.0,"key":"LiquidMemories"},{"floor":12.0,"key":"potionbrewer:AcidPotion"},{"floor":19.0,"key":"SteroidPotion"},{"floor":22.0,"key":"potionbrewer:ToxicPotion"},{"floor":25.0,"key":"DuplicationPotion"},{"floor":31.0,"key":"LiquidMemories"},{"floor":33.0,"key":"SkillPotion"},{"floor":44.0,"key":"LifebloodPotion"}],"is_trial":false,"path_per_floor":["M","?","M","M","M","R","M","R","T","M","$","E","M","E","R","B",null,"M","M","$","?","M","R","M","E","T","?","M","E","M","E","R","B",null,"M","M","$","?","M","R","$","?","T","M","R","M","M","E","R","B",null,"R","$","E","B",null],"character_chosen":"The_Alterego","items_purchased":["potionbrewer:WarMedal","Happy Flower"],"campfire_rested":0,"item_purchase_floors":[37,53],"current_hp_per_floor":[84,84,78,80,73,82,72,81,81,81,81,71,72,68,77,30,92,71,73,73,55,57,69,82,71,71,71,80,84,95,104,112,115,115,115,118,118,118,119,122,122,122,129,132,132,132,135,138,138,138,138,138,138,137,16],"gold":56,"neow_bonus":"TWENTY_PERCENT_HP_BONUS","is_daily":false,"chose_seed":false,"campfire_upgraded":8,"win_rate":0.0,"timestamp":1609698264,"path_taken":["M","?","M","M","M","R","M","R","T","M","$","E","M","E","R","BOSS","M","M","$","?","M","R","M","E","T","?","M","E","M","E","R","BOSS","M","M","$","?","M","R","$","?","T","?","R","?","M","E","R","BOSS","R","$","E","BOSS"],"items_purchased_type":["Relic","Relic"],"build_version":"2020-12-22","purchased_purges":3,"victory":true,"max_hp_per_floor":[84,84,85,85,86,86,87,87,87,88,88,89,90,91,91,92,92,93,93,93,98,98,98,99,103,103,103,103,107,111,112,112,115,115,115,118,118,118,122,122,122,122,129,132,132,132,135,138,138,138,138,138,138,142,143],"card_choices":[{"not_picked":["alterego_mod:Punishment","alterego_mod:Bunnysuit"],"picked":"alterego_mod:Birthday","floor":1.0},{"not_picked":["alterego_mod:GoddessCore","alterego_mod:Complex","alterego_mod:Nekomimi","alterego_mod:SakuraPetals"],"picked":"alterego_mod:Cushion+1","floor":3.0},{"not_picked":["alterego_mod:MagicResistance+1","alterego_mod:Cushion+1","alterego_mod:ChallengeComplete","alterego_mod:Belts"],"picked":"alterego_mod:Crossover+1","floor":4.0},{"not_picked":["alterego_mod:MaintainEyeContact+1","alterego_mod:Rip","alterego_mod:Undulate+1","alterego_mod:TrashNCrash+1"],"picked":"alterego_mod:MagicResistance+1","floor":5.0},{"not_picked":["alterego_mod:SuperDuperMasochism+1","alterego_mod:SakuraFive","alterego_mod:Punishment","alterego_mod:Bounce","alterego_mod:Cycle+1"],"picked":"SKIP","floor":7.0},{"not_picked":["alterego_mod:Rip","alterego_mod:BreastValley","alterego_mod:Maid","alterego_mod:PerceptionDisorder"],"picked":"alterego_mod:Palingenesis","floor":10.0},{"not_picked":["alterego_mod:DustData","alterego_mod:BeGentle+1","alterego_mod:Santa+1","alterego_mod:Crossover+1","alterego_mod:Cooking+1"],"picked":"SKIP","floor":12.0},{"not_picked":["alterego_mod:GoddessCore","alterego_mod:Complex","alterego_mod:Belle","alterego_mod:RocketPunch","alterego_mod:MagicResistance+1"],"picked":"SKIP","floor":13.0},{"not_picked":["alterego_mod:Undulate+1","alterego_mod:Swimsuit","alterego_mod:Maid","alterego_mod:DeftHands"],"picked":"alterego_mod:IndependentAction+1","floor":14.0},{"not_picked":["alterego_mod:AlterEgo","alterego_mod:Tantrum+1","alterego_mod:Antipathy+1","alterego_mod:ClassAdvantage"],"picked":"alterego_mod:TrickOrTreatment","floor":16.0},{"not_picked":["alterego_mod:Skirt","alterego_mod:TrashNCrash+1","alterego_mod:Complex","alterego_mod:Cooking+1"],"picked":"alterego_mod:Pet+1","floor":18.0},{"not_picked":["alterego_mod:MagicResistance+1","alterego_mod:MaintainEyeContact+1","alterego_mod:ChallengeComplete","alterego_mod:Belle"],"picked":"alterego_mod:Mirror+1","floor":19.0},{"not_picked":["alterego_mod:DeftHands+1","alterego_mod:HighServant+1","alterego_mod:Maid","alterego_mod:Punishment","alterego_mod:Complex"],"picked":"SKIP","floor":22.0},{"not_picked":["alterego_mod:Cycle+1","alterego_mod:Belle","alterego_mod:Mirror+1","alterego_mod:TrashNCrash+1"],"picked":"alterego_mod:RingBreak","floor":24.0},{"not_picked":["alterego_mod:Schoolgirl+1","alterego_mod:Mirror+1","alterego_mod:Punishment","alterego_mod:Pet+1"],"picked":"alterego_mod:Bunnysuit+1","floor":25.0},{"not_picked":["alterego_mod:Belle","alterego_mod:GachaTicket+1","alterego_mod:Clap+1","alterego_mod:Clones+1","alterego_mod:Exercise"],"picked":"SKIP","floor":28.0},{"not_picked":["alterego_mod:Pet+1","alterego_mod:Birthday+1","alterego_mod:Skirt","alterego_mod:Maid"],"picked":"alterego_mod:RidiculouslyBig+1","floor":29.0},{"not_picked":["alterego_mod:Bunnysuit+1","alterego_mod:PurpleHair+1","alterego_mod:BiFurious","alterego_mod:PresenceConcealment"],"picked":"alterego_mod:Collar","floor":30.0},{"not_picked":["alterego_mod:Santa+1","alterego_mod:BiFurious","alterego_mod:Collar","alterego_mod:Lingerie+1","alterego_mod:Mirror+1"],"picked":"SKIP","floor":31.0},{"not_picked":["alterego_mod:IdEs+1","alterego_mod:Lift","alterego_mod:Venus","alterego_mod:RingBreak"],"picked":"alterego_mod:InsideBaseball","floor":33.0},{"not_picked":["alterego_mod:Cycle+1","alterego_mod:BiFurious","alterego_mod:PerceptionDisorder","alterego_mod:Collar","alterego_mod:Belts"],"picked":"SKIP","floor":35.0},{"not_picked":["alterego_mod:PerceptionDisorder","alterego_mod:Undulate+1","alterego_mod:1TonWallop+1","alterego_mod:BeGentle+1"],"picked":"alterego_mod:GoddessCore+1","floor":36.0},{"not_picked":["alterego_mod:SakuraPetals+1","alterego_mod:SakuraFive","alterego_mod:Exercise","alterego_mod:Skirt+1"],"picked":"alterego_mod:Birthday+1","floor":39.0},{"not_picked":["alterego_mod:Cycle+1","alterego_mod:Lingerie","alterego_mod:GachaTicket","alterego_mod:PresenceConcealment"],"picked":"alterego_mod:DiscoLights","floor":44.0},{"not_picked":["alterego_mod:Bloomers+1","alterego_mod:BiFurious+1","alterego_mod:Cycle+1","alterego_mod:SakuraFive+1","alterego_mod:Jiggle+1"],"picked":"SKIP","floor":46.0},{"not_picked":["alterego_mod:SakuraLabyrinth+1","alterego_mod:PurpleHair+1","alterego_mod:MaintainEyeContact+1","alterego_mod:Punishment"],"picked":"alterego_mod:Bounce+1","floor":47},{"not_picked":["alterego_mod:VirginLaserPalladion","alterego_mod:Cycle+1","alterego_mod:Belts","alterego_mod:Skirt+1"],"picked":"alterego_mod:DiscoLights+1","floor":48},{"not_picked":["alterego_mod:Skirt+1","alterego_mod:Belts","alterego_mod:Pet+1","alterego_mod:Belle"],"picked":"alterego_mod:Rake","floor":54}],"player_experience":927926,"relics_obtained":[{"floor":1.0,"key":"SynthV:TestCard"},{"floor":9.0,"key":"DemoMod:PoisonVial"},{"floor":12.0,"key":"Replay:Rubber Ducky"},{"floor":14.0,"key":"HollowMod:PaleOreRelic"},{"floor":25.0,"key":"Replay:Ringing Soul"},{"floor":29.0,"key":"Gremlin Food"},{"floor":31.0,"key":"Thread and Needle"},{"floor":43.0,"key":"DemoMod:PinkGuonStone"},{"floor":48,"key":"Ccalipers"},{"floor":54,"key":"Lantern"}],"event_choices":[{"damage_healed":0.0,"max_hp_gain":5.0,"max_hp_loss":0.0,"gold_gain":0.0,"event_name":"Forgotten Altar","player_choice":"Shed Blood","floor":21.0,"gold_loss":0.0,"damage_taken":23.0},{"damage_healed":0.0,"max_hp_gain":0.0,"max_hp_loss":0.0,"gold_gain":0.0,"event_name":"SecretPortal","player_choice":"Ignored","floor":42.0,"gold_loss":0.0,"damage_taken":0.0}],"is_beta":false,"boss_relics":[{"not_picked":["DiscerningMonocle","Replay:Wanted Poster"],"picked":"FrostBlade"},{"not_picked":["aspiration:MarisaSkillbook","MostiFishMod:Hod"],"picked":"Philosopher\u0027s Stone"}],"items_purged_floors":[11,20,37],"is_endless":false,"potions_floor_spawned":[4,5,7,12,13,19,22,25,31,33,35,44,47,48],"ascension_level":0}}