{"host":"bw13iioxe4nmywrn","time":1609676471,"event":{"mods":["AchievementEnabler","BaseMod","Colored Powertips","Minty Spire (QoL Compilation)"],"gold_per_floor":[114,114,189,203,215,245,245,245,324,289,323,37,54,87,87,87,87],"floor_reached":16,"playtime":751,"items_purged":[],"score":118,"play_id":"21c6151f-a8b0-409c-a5f9-c731e45978f8","local_time":"20210103172111","is_ascension_mode":false,"campfire_choices":[{"floor":15,"key":"REST"}],"circlet_count":0,"master_deck":["Strike_R","Strike_R","Strike_R","Defend_R","Defend_R","Defend_R","Defend_R","Bash","Brutality","Shrug It Off","Rupture","Rampage","Entrench","Pommel Strike","Armaments"],"relics":["Burning Blood","Pear","Letter Opener","Kunai","WingedGreaves","Thread and Needle","Smiling Mask"],"acts_visited":["Exordium"],"potions_floor_usage":[11,13,16],"damage_taken":[{"damage":12,"enemies":"Small Slimes","floor":1,"turns":3},{"damage":2,"enemies":"Jaw Worm","floor":4,"turns":6},{"damage":6,"enemies":"2 Louse","floor":5,"turns":3},{"damage":37,"enemies":"Gremlin Nob","floor":6,"turns":5},{"damage":22,"enemies":"Lagavulin","floor":11,"turns":7},{"damage":2,"enemies":"2 Fungi Beasts","floor":13,"turns":4},{"damage":28,"enemies":"Gremlin Nob","floor":14,"turns":5},{"damage":55,"enemies":"Hexaghost","floor":16,"turns":12}],"seed_played":"-6883262059177756889","potions_obtained":[{"floor":4,"key":"Ancient Potion"},{"floor":6,"key":"BlessingOfTheForge"},{"floor":14,"key":"CultistPotion"}],"is_trial":false,"path_per_floor":["M","?","?","M","M","E","T","?","T","?","E","$","M","E","R","B"],"character_chosen":"IRONCLAD","items_purchased":["Thread and Needle"],"campfire_rested":1,"item_purchase_floors":[12],"current_hp_per_floor":[74,74,63,67,67,46,46,39,39,61,45,45,49,27,54,0,0],"gold":87,"neow_bonus":"TRANSFORM_CARD","is_daily":false,"chose_seed":false,"campfire_upgraded":0,"win_rate":0.0,"timestamp":1609676471,"path_taken":["M","?","?","M","M","E","?","?","T","?","E","$","?","E","R","BOSS"],"items_purchased_type":["Relic"],"build_version":"2020-12-22","purchased_purges":0,"victory":false,"max_hp_per_floor":[80,80,80,80,80,90,90,90,90,90,90,90,90,90,90,90,90],"card_choices":[{"not_picked":["Body Slam","Wild Strike"],"picked":"Shrug It Off","floor":1},{"not_picked":["Evolve","Warcry"],"picked":"Rupture","floor":4},{"not_picked":["Dropkick","Sword Boomerang"],"picked":"Rampage","floor":5},{"not_picked":["Perfected Strike","Intimidate"],"picked":"Entrench","floor":6},{"not_picked":["Heavy Blade","Flex"],"picked":"Pommel Strike","floor":11},{"not_picked":["Headbutt","Carnage"],"picked":"Armaments","floor":13},{"not_picked":["True Grit","Warcry","Exhume"],"picked":"SKIP","floor":14}],"player_experience":223691,"relics_obtained":[{"floor":6,"key":"Pear"},{"floor":7,"key":"Letter Opener"},{"floor":9,"key":"Kunai"},{"floor":11,"key":"WingedGreaves"},{"floor":14,"key":"Smiling Mask"}],"event_choices":[{"damage_healed":0,"gold_gain":0,"player_choice":"Ignored","damage_taken":0,"max_hp_gain":0,"max_hp_loss":0,"event_name":"Liars Game","floor":2,"gold_loss":0},{"damage_healed":0,"gold_gain":75,"player_choice":"Gather Gold","damage_taken":11,"max_hp_gain":0,"max_hp_loss":0,"event_name":"World of Goop","floor":3,"gold_loss":0},{"cards_removed":["Strike_R"],"damage_healed":0,"gold_gain":0,"player_choice":"Card Removal","damage_taken":7,"max_hp_gain":0,"max_hp_loss":0,"event_name":"Golden Wing","floor":8,"gold_loss":0},{"damage_healed":22,"gold_gain":0,"player_choice":"Healed","damage_taken":0,"max_hp_gain":0,"max_hp_loss":0,"event_name":"The Cleric","floor":10,"gold_loss":35}],"is_beta":false,"boss_relics":[],"items_purged_floors":[],"is_endless":false,"potions_floor_spawned":[4,6,14],"killed_by":"Hexaghost","ascension_level":0}}