{"host":"uyrebrj0204enqpc","time":1609691638,"event":{"mods":["Act Like it!","Bard","BaseMod","Block Reminder","Challenge The Spire","Colored Map","Colored Powertips","DeckTracker","Downfall","GifTheSpireLib","HexUI Lib","Highlight Path","Hubris","Infinite Spire","Minty Spire (QoL Compilation)","Pale of the Ancients","Quick Restart","Random Character Button","Relic Sorter","Relic Stats","Replay The Spire","Shop Mod","StSLib","The Blue Laboratory","The Bug Knight","The Cursed","The Jungle","The Marked","Wandering Minibosses"],"gold_per_floor":[15,15,27,27,43,43,72,72,72,72,86,117,129,139,139,239,239,251,251,266,181,201,227,227,255,255,288,288,322,322,333,333,437,437,450,450,468,480,530,593,493,552,552,599,599,599,651,725,725,874,974,1048,1131,1209,499,499,548,548,369,369,369,369,369],"floor_reached":61,"playtime":3762,"items_purged":["Guardian:Strike_Guardian","Guardian:Defend_Guardian"],"score":1660,"play_id":"f1e865ef-73a9-418f-8bd2-c44a877d143d","local_time":"20210103113358","is_ascension_mode":true,"campfire_choices":[{"data":"Guardian:Recover","floor":6.0,"key":"SMITH"},{"data":"Guardian:WalkerClaw","floor":8.0,"key":"SMITH"},{"data":"Guardian:BaubleBeam","floor":15.0,"key":"SMITH"},{"data":"Guardian:TimeCapacitor","floor":24.0,"key":"SMITH"},{"data":"Guardian:FierceBash","floor":28.0,"key":"SMITH"},{"data":"Guardian:Strike_Guardian","floor":32.0,"key":"PURGE"},{"floor":49.0,"key":"RECALL"},{"data":"Guardian:ExploitGems","floor":56.0,"key":"SMITH"},{"data":"Guardian:BaubleBeam","floor":58.0,"key":"SMITH"}],"circlet_count":0,"master_deck":["Guardian:Defend_Guardian","Guardian:CurlUp","Guardian:TwinSlam","Guardian:Planning","Guardian:ChargeUp","Guardian:BaubleBeam+1","Guardian:TimeCapacitor+1","Guardian:StasisField","Guardian:TemporalShield+1","Guardian:SentryBeam","Guardian:FierceBash+1","Guardian:Planning","Guardian:FastForward","Guardian:Emergency","Guardian:MultiBeam","Guardian:ExploitGems+1","Guardian:ShieldCharger","Guardian:TemporalShield+1","Guardian:PrismaticBarrier","Guardian:ShieldCharger","Guardian:GemFinder+1","Guardian:BaubleBeam+1","Guardian:TimeCapacitor+1","Guardian:FierceBash","Guardian:FastForward"],"relics":["Guardian:ModeShifter","hubris:Icosahedron","paleoftheancients:SoulOfTheHexaghost","ReplayTheSpireMod:TigerMarble","Vajra","hubris:OldNail","Shuriken","Blood Vial","Frozen Egg 2","Gremlin Horn","Ice Cream","Question Card","Boot","The Courier","Durian","infinitespire:EvilPickle","Tiny Chest","infinitespire:FocusingShard","Bird Faced Urn","Replay:WaspNest","Replay:Wanted Poster","paleoftheancients:Timepiece","paleoftheancients:KeyRelic","Letter Opener","Spirit Poop","wanderingMiniBosses:AbyssPearl","Onion Ring","Chemical X","Quantum Egg","MerchantsRug","infinitespire:Broken Mirror"],"acts_visited":["Exordium","TheCity","TheBeyond","TheBeyond"],"potions_floor_usage":[],"damage_taken":[{"damage":0.0,"enemies":"Cultist","floor":1.0,"turns":3.0},{"damage":4.0,"enemies":"2 Louse","floor":3.0,"turns":5.0},{"damage":4.0,"enemies":"infinitespire:Voidling","floor":5.0,"turns":3.0},{"damage":0.0,"enemies":"Gremlin Nob","floor":7.0,"turns":3.0},{"damage":5.0,"enemies":"3 Louse","floor":11.0,"turns":3.0},{"damage":9.0,"enemies":"Replay:BlueRogue","floor":12.0,"turns":3.0},{"damage":0.0,"enemies":"Lots of Slimes","floor":13.0,"turns":3.0},{"damage":0.0,"enemies":"2 Fungi Beasts","floor":14.0,"turns":1.0},{"damage":26.0,"enemies":"Slime Boss","floor":16.0,"turns":9.0},{"damage":0.0,"enemies":"3 Byrds","floor":18.0,"turns":4.0},{"damage":3.0,"enemies":"Chosen","floor":20.0,"turns":8.0},{"damage":8.0,"enemies":"Snake Plant","floor":22.0,"turns":3.0},{"damage":18.0,"enemies":"Nightmare","floor":23.0,"turns":8.0},{"damage":0.0,"enemies":"Book of Stabbing","floor":25.0,"turns":5.0},{"damage":0.0,"enemies":"Slavers","floor":27.0,"turns":4.0},{"damage":0.0,"enemies":"Gremlin Leader","floor":29.0,"turns":3.0},{"damage":4.0,"enemies":"3 Cultists","floor":31.0,"turns":6.0},{"damage":7.0,"enemies":"Pondfish","floor":33.0,"turns":9.0},{"damage":20.0,"enemies":"3 Shapes","floor":35.0,"turns":5.0},{"damage":4.0,"enemies":"Orb Walker","floor":37.0,"turns":3.0},{"damage":14.0,"enemies":"Jaw Worm Horde","floor":38.0,"turns":3.0},{"damage":0.0,"enemies":"Sphere and 2 Shapes","floor":39.0,"turns":3.0},{"damage":34.0,"enemies":"Reptomancer","floor":40.0,"turns":5.0},{"damage":24.0,"enemies":"Nightmare","floor":42.0,"turns":6.0},{"damage":12.0,"enemies":"2 Orb Walkers","floor":44.0,"turns":2.0},{"damage":0.0,"enemies":"Spire Growth","floor":47.0,"turns":3.0},{"damage":0.0,"enemies":"Reptomancer","floor":48.0,"turns":3.0},{"damage":2.0,"enemies":"Replay:Hell Engine","floor":50.0,"turns":4.0},{"damage":27.0,"enemies":"Replay:Hell Engine","floor":52.0,"turns":5.0},{"damage":1.0,"enemies":"Replay:Hell Engine","floor":53.0,"turns":4.0},{"damage":0.0,"enemies":"Replay:Hell Engine","floor":57.0,"turns":3.0},{"damage":146,"enemies":"paleoftheancients:N","floor":61,"turns":4}],"seed_played":"-4402745388004690642","potions_obtained":[{"floor":1.0,"key":"blueLaboratory:BottledHope"},{"floor":3.0,"key":"Weak Potion"},{"floor":13.0,"key":"LiquidMemories"},{"floor":16.0,"key":"blueLaboratory:BottleOfVodka"},{"floor":25.0,"key":"Regen Potion"},{"floor":29.0,"key":"hexamod:EctoCoolerPotion"},{"floor":33.0,"key":"LifebloodPotion"},{"floor":40.0,"key":"Strength Potion"},{"floor":48.0,"key":"blueLaboratory:TrueEctoplasm"},{"floor":50.0,"key":"AttackPotion"},{"floor":57.0,"key":"BlessingOfTheForge"}],"is_trial":false,"path_per_floor":["M","T","M","?","M","R","E","R","T","?","M","E","M","M","R","B",null,"M","?","M","?","M","NM","R","E","T","E","R","E","?","M","R_BF","B",null,"M","?","M","M","M","E","NS","NM","T","?","T","?","M","E","R","B",null,"M","M","T","$","R","M","R","$","?","B"],"character_chosen":"GUARDIAN","items_purchased":["Chemical X","Quantum Egg","MerchantsRug","Guardian:TimeCapacitor+1","infinitespire:Broken Mirror","Guardian:FierceBash","Guardian:FastForward"],"campfire_rested":0,"item_purchase_floors":[55,55,55,55,55,59,59],"current_hp_per_floor":[80,80,76,76,72,72,72,72,72,72,67,58,58,58,58,32,80,80,80,77,77,71,55,55,57,57,59,59,61,61,59,59,69,85,65,65,63,51,85,85,85,61,61,51,51,51,55,59,59,61,85,62,69,69,69,69,81,81,81,81,46,46,46],"gold":369,"neow_bonus":"REMOVE_TWO","is_daily":false,"chose_seed":false,"campfire_upgraded":7,"win_rate":0.0,"timestamp":1609691638,"path_taken":["M","?","M","?","?","R","E","R","T","?","M","E","M","M","R","BOSS","M","?","?","?","M","NM","R","E","T","E","R","E","?","M","R_BF","BOSS","M","?","?","M","M","E","NS","NM","T","?","?","?","M","E","R","BOSS","M","M","?","$","R","M","R","$","?","BOSS"],"items_purchased_type":["Relic","Relic","Relic","Card","Relic","Card","Card"],"build_version":"2020-12-22","purchased_purges":2,"victory":false,"max_hp_per_floor":[80,80,80,80,80,80,80,80,80,80,80,80,80,80,80,80,80,80,80,80,80,80,80,80,80,80,80,80,80,80,80,80,80,85,85,85,85,85,85,85,85,85,85,85,85,85,85,85,85,85,85,85,85,85,85,85,85,85,85,85,85,85,85],"relic_stats":{"Blood Vial":34,"Gremlin Horn":[48,54],"counters":[32,136],"Shuriken":[65],"Bird Faced Urn":[22],"Tiny Chest":1,"Letter Opener":[334],"Chemical X":[3],"Question Card":38,"Boot":[26],"obtain_stats":[{"Ice Cream":27,"Gremlin Horn":26,"Vajra":7,"Spirit Poop":51,"wanderingMiniBosses:AbyssPearl":52,"Boot":34,"Blood Vial":21,"Replay:Wanted Poster":51,"hubris:Icosahedron":30,"Tiny Chest":40,"Chemical X":55,"Potion Belt":48,"MerchantsRug":55,"paleoftheancients:KeyRelic":51,"Quantum Egg":55,"paleoftheancients:SoulOfTheHexaghost":57,"Guardian:ModeShifter":0,"The Courier":34,"infinitespire:FocusingShard":42,"Replay:WaspNest":45,"Letter Opener":51,"Frozen Egg 2":25,"Question Card":29,"Calling Bell":34,"infinitespire:EvilPickle":38,"paleoftheancients:Timepiece":51,"Shuriken":12,"infinitespire:Broken Mirror":55,"Bird Faced Urn":44,"Onion Ring":54,"ReplayTheSpireMod:TigerMarble":2,"Durian":34,"hubris:CrackedHourglass":17,"hubris:OldNail":9},{"Ice Cream":15,"Gremlin Horn":14,"Vajra":4,"Spirit Poop":28,"wanderingMiniBosses:AbyssPearl":29,"Boot":18,"Blood Vial":11,"Replay:Wanted Poster":28,"hubris:Icosahedron":16,"Tiny Chest":23,"Chemical X":30,"Potion Belt":27,"MerchantsRug":30,"paleoftheancients:KeyRelic":28,"Quantum Egg":30,"paleoftheancients:SoulOfTheHexaghost":31,"Guardian:ModeShifter":0,"The Courier":18,"infinitespire:FocusingShard":24,"Replay:WaspNest":25,"Letter Opener":28,"Frozen Egg 2":14,"Question Card":16,"Calling Bell":18,"infinitespire:EvilPickle":21,"paleoftheancients:Timepiece":28,"Shuriken":6,"infinitespire:Broken Mirror":30,"Bird Faced Urn":25,"Onion Ring":30,"ReplayTheSpireMod:TigerMarble":1,"Durian":18,"hubris:CrackedHourglass":9,"hubris:OldNail":4},{"Ice Cream":65,"Gremlin Horn":61,"Vajra":14,"Spirit Poop":120,"wanderingMiniBosses:AbyssPearl":125,"Boot":83,"Blood Vial":45,"Replay:Wanted Poster":120,"hubris:Icosahedron":68,"Tiny Chest":102,"Chemical X":129,"Potion Belt":116,"MerchantsRug":129,"paleoftheancients:KeyRelic":120,"Quantum Egg":129,"paleoftheancients:SoulOfTheHexaghost":132,"Guardian:ModeShifter":0,"The Courier":83,"infinitespire:FocusingShard":108,"Replay:WaspNest":110,"Letter Opener":120,"Frozen Egg 2":61,"Question Card":68,"Calling Bell":83,"infinitespire:EvilPickle":94,"paleoftheancients:Timepiece":120,"Shuriken":20,"infinitespire:Broken Mirror":129,"Bird Faced Urn":110,"Onion Ring":129,"ReplayTheSpireMod:TigerMarble":3,"Durian":83,"hubris:CrackedHourglass":33,"hubris:OldNail":14}]},"card_choices":[{"not_picked":["Guardian:Gem_Red","Guardian:Clone"],"picked":"Guardian:Planning","floor":1.0},{"not_picked":["Guardian:PrismaticBarrier","Guardian:Gem_Cyan"],"picked":"Guardian:Recover","floor":3.0},{"not_picked":["Guardian:Gem_Lightblue","Guardian:PiercingHide"],"picked":"Guardian:Gem_White","floor":5.0},{"not_picked":["Guardian:GuardianWhirl","Guardian:RefractedBeam"],"picked":"Guardian:WalkerClaw","floor":7.0},{"not_picked":["Guardian:PiercingHide","Guardian:Gem_Green"],"picked":"Guardian:ChargeUp","floor":11.0},{"not_picked":["Guardian:PrimingBeam","Guardian:Gem_Lightblue"],"picked":"Guardian:BaubleBeam","floor":12.0},{"not_picked":["Guardian:PolyBeam","Guardian:Planning"],"picked":"Guardian:TimeCapacitor","floor":13.0},{"not_picked":["Guardian:Gem_Red","Guardian:SpikerProtocol"],"picked":"Guardian:Gem_Purple","floor":14.0},{"not_picked":["Guardian:AncientConstruct","Guardian:SphericShield"],"picked":"Guardian:StasisField","floor":16.0},{"not_picked":["Guardian:Reroute+1","Guardian:PolyBeam"],"picked":"Guardian:Gem_Yellow","floor":18.0},{"not_picked":["Guardian:ShieldSpikes+1","Guardian:VentSteam"],"picked":"Guardian:Gem_Red","floor":20.0},{"not_picked":["Guardian:PiercingHide","Guardian:Reroute"],"picked":"Guardian:TemporalShield+1","floor":22.0},{"not_picked":["Guardian:ShieldCharger+1","Guardian:GuardianWhirl"],"picked":"Guardian:SentryBeam","floor":23.0},{"not_picked":["Guardian:VentSteam","Guardian:TemporalShield"],"picked":"Guardian:FierceBash","floor":25.0},{"not_picked":["Guardian:PrimingBeam","Guardian:PiercingHide","Guardian:ArmoredProtocol+1"],"picked":"SKIP","floor":27.0},{"not_picked":["Guardian:ShieldSpikes","Guardian:TemporalStrike"],"picked":"Guardian:Planning","floor":29.0},{"not_picked":["Guardian:Gem_Green","Guardian:ChargeUp+1","Guardian:PiercingHide"],"picked":"Guardian:Gem_White","floor":31.0},{"not_picked":["Guardian:RevengeProtocol+1","Guardian:HyperBeam_Guardian","Guardian:ConstructionForm+1"],"picked":"Guardian:FastForward","floor":33.0},{"not_picked":["Guardian:WalkerClaw+1","Guardian:Gem_Blue","Guardian:Gem_Purple"],"picked":"Guardian:Emergency","floor":35.0},{"not_picked":["Guardian:GuardianWhirl","Guardian:ChargeCore","Guardian:SpikerProtocol+1"],"picked":"Guardian:Gem_Purple","floor":37.0},{"not_picked":["Guardian:FloatingOrbs+1","Guardian:Gem_Red","Guardian:RefractedBeam"],"picked":"Guardian:ShieldCharger","floor":38.0},{"not_picked":["Guardian:GuardianWhirl","Guardian:Recover","Guardian:VentSteam"],"picked":"Guardian:Gem_Yellow","floor":39.0},{"not_picked":["Guardian:BronzeArmor","Guardian:Gem_Green","Guardian:SentryBeam"],"picked":"Guardian:Gem_Crimson","floor":40.0},{"not_picked":["Guardian:Gem_Red","Guardian:ShieldCharger","Guardian:Gem_Green"],"picked":"Guardian:TemporalShield+1","floor":42.0},{"not_picked":["Guardian:Gem_Red","Guardian:SpikerProtocol+1","Guardian:Gem_Green"],"picked":"Guardian:PrismaticBarrier","floor":44.0},{"not_picked":["Guardian:BronzeOrb","Guardian:TemporalStrike+1","Guardian:ShieldSpikes"],"picked":"Guardian:Gem_Fragmented","floor":47.0},{"not_picked":["Guardian:Suspension","Guardian:Recover","Guardian:SentryBeam+1"],"picked":"Guardian:ShieldCharger","floor":48.0},{"not_picked":["Guardian:RevengeProtocol+1","Guardian:HyperBeam_Guardian","Guardian:ConstructionForm+1"],"picked":"Guardian:GemFinder+1","floor":50.0},{"not_picked":["Guardian:Gem_Cyan","Guardian:TemporalStrike+1","Guardian:Suspension+1"],"picked":"Guardian:Gem_White","floor":52.0},{"not_picked":["Guardian:Gem_Lightblue","Guardian:Suspension","Guardian:TemporalStrike"],"picked":"Guardian:BaubleBeam","floor":53.0},{"not_picked":["Guardian:FloatingOrbs+1","Guardian:PrismaticBarrier","Guardian:CrystalBeam+1","Guardian:GuardianWhirl+1"],"picked":"SKIP","floor":57.0}],"player_experience":1030869,"relics_obtained":[{"floor":2.0,"key":"ReplayTheSpireMod:TigerMarble"},{"floor":7.0,"key":"Vajra"},{"floor":9.0,"key":"hubris:OldNail"},{"floor":12.0,"key":"Shuriken"},{"floor":25.0,"key":"Frozen Egg 2"},{"floor":26.0,"key":"Gremlin Horn"},{"floor":27.0,"key":"Ice Cream"},{"floor":29.0,"key":"Question Card"},{"floor":34.0,"key":"Boot"},{"floor":34.0,"key":"The Courier"},{"floor":34.0,"key":"Durian"},{"floor":40.0,"key":"Tiny Chest"},{"floor":42.0,"key":"infinitespire:FocusingShard"},{"floor":44.0,"key":"Bird Faced Urn"},{"floor":45.0,"key":"Replay:WaspNest"},{"floor":48.0,"key":"Potion Belt"},{"floor":52.0,"key":"wanderingMiniBosses:AbyssPearl"},{"floor":54.0,"key":"Onion Ring"},{"floor":57.0,"key":"paleoftheancients:SoulOfTheHexaghost"}],"event_choices":[{"damage_healed":0.0,"max_hp_gain":0.0,"max_hp_loss":0.0,"gold_gain":0.0,"event_name":"Addict","player_choice":"Obtained Relic","floor":21.0,"gold_loss":85.0,"damage_taken":0.0,"relics_obtained":["Blood Vial"]},{"damage_healed":0.0,"max_hp_gain":0.0,"max_hp_loss":0.0,"gold_gain":0.0,"event_name":"Match and Keep!","player_choice":"2 cards matched","floor":36.0,"gold_loss":0.0,"damage_taken":0.0,"cards_obtained":["Guardian:MultiBeam","Guardian:ExploitGems"]},{"damage_healed":0.0,"max_hp_gain":0.0,"max_hp_loss":0.0,"gold_gain":0.0,"event_name":"Mysterious Sphere","player_choice":"Fight","floor":44.0,"gold_loss":0.0,"damage_taken":0.0},{"cards_removed":["Guardian:Strike_Guardian"],"damage_healed":0.0,"max_hp_gain":0.0,"max_hp_loss":0.0,"gold_gain":0.0,"event_name":"Bonfire Elementals","player_choice":"Offered Basic","floor":46.0,"gold_loss":0.0,"damage_taken":0.0}],"is_beta":false,"boss_relics":[{"not_picked":["ReplayTheSpireMod:SealedPack","Philosopher\u0027s Stone"],"picked":"hubris:CrackedHourglass"},{"not_picked":["hubris:Backtick","Coffee Dripper"],"picked":"Calling Bell"},{"not_picked":["hubris:BlackHole","Empty Cage"],"picked":"Replay:Wanted Poster"}],"items_purged_floors":[55,59],"is_endless":true,"potions_floor_spawned":[1,3,13,16,23,25,29,31,33,37,40,42,44,48,50,53,57],"killed_by":"paleoftheancients:N","ascension_level":1}}