{"host":"nx6ib2o6hmd449ys","time":1609658244,"event":{"mods":["2.2 Compatiblity","Act Like it!","Arknights The Spire","Aspiration","BaseMod","Better Silent Start","Better Third Choice","BetterRewards","CCEM","Chen","Conjunction","Conspire","Downfall","Eldritch Tears","Elementarium","Energized Spire","Fireblade Mod","Friendly Minions","Gensokyo","GifTheSpireLib","GungeonMod","Halation","Hallownest","HornydragonMod","Hubris","Infinite Spire","Ironclad Rager","Jedi Mod","Marisa????????","Menagerie","Mimic Mod","Minty Spire (QoL Compilation)","MostiFishMod","Quick Restart","RRrroohrrRGHHhhh!!","Rare Cards Sparkle","RatMod","Replay The Spire","RumiaBox-????????","Shop Mod","Small Relic Pack","Somnambulant","Spicy Shops","Spikes Relics","StSLib","Stuff the Spire","TestMod","The Bladedancer","The Blue Laboratory","The Caster","The Clintock","The Dragon Tamer","The Exalted","The Factory","The Jungle","The Marked","The Runesmith","TheWitcher","Thrall Mod","Wandering Minibosses","Yakumo Yukari mod","[IsaacMod]????","noobMod","sanctuary","vexMod","??????REMEMod"],"gold_per_floor":[115,130,230,246,27,27,45,72,72,2,2,2,19,50,50,155,155,167,37,70,89,52,52,79,91,130,140,169,203,203,234,234,386,386,415,515,562,895,531,543,543],"floor_reached":40,"playtime":51294,"items_purged":["Parasite"],"score":977,"play_id":"3da88649-2249-48c5-9a49-bfff505eaefb","local_time":"20210103081724","is_ascension_mode":true,"campfire_choices":[{"data":"expansioncontent:Corrupt","floor":6,"key":"SMITH"},{"data":"Menagerie:Tinker","floor":11,"key":"SMITH"},{"floor":15,"key":"DIG"},{"data":"EpicFetus","floor":23,"key":"SMITH"},{"data":"MostiFishMod:DarkDeal","floor":30,"key":"SMITH"}],"circlet_count":0,"master_deck":["Strike_R","Strike_R","Strike_R","Strike_R","Strike_R","Defend_R","Defend_R","Defend_R","Defend_R","Bash","EpicFetus+1","expansioncontent:Corrupt+1","Absolvement","Shrug It Off","Uppercut","Shockwave","Armaments","ReplayTheSpireMod:Strike From Hell","Spot Weakness","Flex","Menagerie:Tinker+1","Menagerie:LoxodonWarhammer","Thunderclap","Thunderclap","MostiFishMod:DarkDeal+1","Flex","Heavy Blade","hubris:CleavingFinish","Inflame","StuffTheSpire:Slingshot","Inflame+1","Thunderclap+1","Twin Strike","Perfected Strike","Perfected Strike","Heavy Blade","ReplayTheSpireMod:Strike From Hell+1","StuffTheSpire:Incineration+1","REME_BattleFury+1"],"relics":["Burning Blood","HushsDoor","DaveBox","testmod-TestBox","ice","REME_ComplimentaryCards","SteamSale","SynthV:C4","testmod-ChristmasGift","DemoMod:GnawedKey","CaptainsWheel","GodSword6","conspire:Boomerang","Gambling Chip","infinitespire:ShieldingShard","SynthV:TestCard","testmod-CrystalShield","infinitespire:Beetle Shell","wanderingMiniBosses:CarrionFlame","ats:Originium","BookOfRevelations","CCEMRelics:DerglesHeadphones","DemoMod:JetPack","InkBottle","Replay:Bronze Core","Damocles","Mercury Hourglass","hubris:DeckOfHolding","D6","hubris:TenFootPole","REME_CardOfGreed","StuffTheSpire:Gunfinga","jedi:kaleidoscope","Frozen Egg 2","Garlic","WingedGreaves","Gremlin Food","PreservedInsect","Replay:Bandana","CCEMRelics:Pendulum","Transparent","ReplayTheSpireMod:TigerMarble","DemoMod:GlassGuonStoneRelic","Letter Opener","Sling","SpikesRelics:DaevaFist","StrikeDummy"],"acts_visited":["Menagerie:Menagerie","TheCity","TheCity"],"potions_floor_usage":[7,7,7,7,8,8,8,8,14,14,14,16,24,24,24,24,24,24,27,27,27,27,37,37,37,40],"damage_taken":[{"damage":0,"enemies":"Menagerie:StygianBoar","floor":1,"turns":3},{"damage":0,"enemies":"Menagerie:WhisperingWraith","floor":2,"turns":6},{"damage":0,"enemies":"Menagerie:MonstrousExperiment","floor":4,"turns":3},{"damage":0,"enemies":"Menagerie:Hexasnake","floor":7,"turns":9},{"damage":11,"enemies":"Menagerie:VoidReaper","floor":8,"turns":5},{"damage":0,"enemies":"Menagerie:KEEPER_AND_YOUNG_SUNEATER","floor":13,"turns":4},{"damage":0,"enemies":"Menagerie:MaskedSummoner","floor":14,"turns":3},{"damage":0,"enemies":"Menagerie:Suneater","floor":16,"turns":7},{"damage":0,"enemies":"3 Byrds","floor":18,"turns":3},{"damage":0,"enemies":"conspire:MimicChest","floor":20,"turns":5},{"damage":0,"enemies":"Spheric Guardian","floor":21,"turns":3},{"damage":0,"enemies":"Book of Stabbing","floor":24,"turns":4},{"damage":0,"enemies":"Snecko","floor":25,"turns":3},{"damage":0,"enemies":"Shelled Parasite and Fungi","floor":26,"turns":3},{"damage":0,"enemies":"Shelled Parasite and Fungi","floor":27,"turns":3},{"damage":0,"enemies":"Nightmare","floor":28,"turns":5},{"damage":0,"enemies":"Sentry and Sphere","floor":29,"turns":2},{"damage":0,"enemies":"Centurion and Healer","floor":31,"turns":1},{"damage":5,"enemies":"hubris:MusketHawk","floor":33,"turns":5},{"damage":0,"enemies":"theFactory:4_Mini-Bots","floor":35,"turns":1},{"damage":0,"enemies":"theFactory:2_Experiment_Personnel","floor":37,"turns":1},{"damage":0,"enemies":"Nightmare","floor":40,"turns":2}],"seed_played":"4670552004804968743","potions_obtained":[{"floor":2,"key":"Fire Potion"},{"floor":7,"key":"blueLaboratory:LouseDecoction"},{"floor":13,"key":"Elixir"},{"floor":18,"key":"blueLaboratory:StoneskinPotion"},{"floor":27,"key":"DemoMod:LeadSkinPotion"},{"floor":29,"key":"blueLaboratory:BottleOfRum"}],"is_trial":false,"path_per_floor":["M","M","?","M","$","R","M","E","T","?","R","$","M","E","R","B",null,"M","$","?","M","$","R","E","M","MIM","M","NM","M","R","M","R","B",null,"M","?","M","?","$","NM"],"character_chosen":"IRONCLAD","items_purchased":["DemoMod:GnawedKey","CaptainsWheel","GodSword6","infinitespire:ShieldingShard","testmod-CrystalShield","infinitespire:Beetle Shell","Damocles","Mercury Hourglass","REME_CardOfGreed","Sling","REME_BattleFury+1","SpikesRelics:DaevaFist","StrikeDummy"],"campfire_rested":0,"item_purchase_floors":[0,0,0,0,5,5,17,19,22,39,39,39,39],"current_hp_per_floor":[42,52,52,63,63,63,77,75,75,75,77,77,77,77,77,77,67,67,67,67,67,67,67,67,67,67,67,67,67,67,67,67,67,67,67,67,67,62,62,0,0],"gold":543,"neow_bonus":"","is_daily":false,"chose_seed":false,"campfire_upgraded":4,"win_rate":0.0,"timestamp":1609658244,"path_taken":["M","M","?","M","$","R","M","E","T","?","R","$","M","E","R","BOSS","M","$","?","M","$","R","E","M","MIM","?","NM","M","R","M","R","BOSS","M","?","?","?","$","NM"],"items_purchased_type":["Relic","Relic","Relic","Relic","Relic","Relic","Relic","Relic","Relic","Relic","Card","Relic","Relic"],"build_version":"2020-12-13","purchased_purges":1,"victory":false,"max_hp_per_floor":[77,77,77,77,77,77,77,77,77,77,77,77,77,77,77,77,67,67,67,67,67,67,67,67,67,67,67,67,67,67,67,67,67,67,67,67,67,67,67,67,67],"card_choices":[{"not_picked":[],"picked":"EpicFetus","floor":0},{"not_picked":["Cleave","Invigoration"],"picked":"Uppercut","floor":1},{"not_picked":["Twin Strike","Cleave","Shrug It Off","hubris:CleavingFinish"],"picked":"Shockwave","floor":2},{"not_picked":["Whirlwind","MostiFishMod:Mania","StuffTheSpire:RockThrow","Twin Strike"],"picked":"Armaments","floor":3},{"not_picked":["Sword Boomerang","Pommel Strike","ReplayTheSpireMod:Stacked","Twin Strike"],"picked":"ReplayTheSpireMod:Strike From Hell","floor":4},{"not_picked":["Sword Boomerang","Perfected Strike","Clash","True Grit"],"picked":"Spot Weakness","floor":7},{"not_picked":["Sword Boomerang","MostiFishMod:RainCloud","Infernal Blade","Cleave"],"picked":"Flex","floor":8},{"not_picked":["Menagerie:MirarisWake","Menagerie:RelicOfProgenitus","Menagerie:Skullclamp","Menagerie:CrumblingSanctuary"],"picked":"Menagerie:Tinker","floor":10},{"not_picked":["Menagerie:Foresee","Menagerie:SteelWall","Menagerie:DarkRitual","Menagerie:LightningHelix"],"picked":"Menagerie:LoxodonWarhammer","floor":10},{"not_picked":["Anger","Clothesline","StuffTheSpire:Incineration","Shrug It Off"],"picked":"Thunderclap","floor":13},{"not_picked":["MostiFishMod:Mania","Inflame","ReplayReversal","Sword Boomerang"],"picked":"Thunderclap","floor":14},{"not_picked":["Bludgeon","Offering","MostiFishMod:TemporaryOutbreak","MostiFishMod:Mania"],"picked":"MostiFishMod:DarkDeal","floor":16},{"not_picked":["Rage+1","ReplayTheSpireMod:Muscle Training","Heavy Blade","Twin Strike"],"picked":"Flex","floor":18},{"not_picked":["jedi:fear","StuffTheSpire:RockThrow+1","Pommel Strike","Massacre"],"picked":"Heavy Blade","floor":20},{"not_picked":["True Grit","Headbutt","Fiend Fire","jedi:fear"],"picked":"hubris:CleavingFinish","floor":21},{"not_picked":["ReplayTheSpireMod:Strike From Hell+1","Havoc+1","Sword Boomerang","REME_SingleHolding"],"picked":"Inflame","floor":24},{"not_picked":["Run Through+1","DemoMod:BlackBlade","StuffTheSpire:Pyroclast","Thunderclap"],"picked":"StuffTheSpire:Slingshot","floor":25},{"not_picked":["Clash","Pummel","Twin Strike+1","Flame Barrier"],"picked":"Inflame+1","floor":26},{"not_picked":["Shrug It Off","Twin Strike","jedi:harder","Clothesline"],"picked":"Thunderclap+1","floor":27},{"not_picked":["Flame Barrier+1","conspire:Purge","jedi:controlledanger+1","MostiFishMod:NewArrival"],"picked":"Twin Strike","floor":28},{"not_picked":["hubris:ReadiedAction+1","Headbutt+1","ReplayTheSpireMod:Strike From Hell","Thunderclap"],"picked":"Perfected Strike","floor":29},{"not_picked":["MostiFishMod:FireWorks","conspire:Charge","Wild Strike+1","Cleave"],"picked":"Perfected Strike","floor":31},{"not_picked":["jedi:fear","Clothesline+1","ReplayTheSpireMod:Strike From Hell+1","Intimidate+1"],"picked":"Heavy Blade","floor":35},{"not_picked":["True Grit","Havoc","hubris:ReadiedAction","Replay:Undeath\u0027s Touch"],"picked":"ReplayTheSpireMod:Strike From Hell+1","floor":36},{"not_picked":["Replay:Undeath\u0027s Touch","Sword Boomerang","Clothesline","Cleave+1"],"picked":"StuffTheSpire:Incineration+1","floor":37}],"player_experience":422296,"relics_obtained":[{"floor":1,"key":"SynthV:TestCard"},{"floor":7,"key":"wanderingMiniBosses:CarrionFlame"},{"floor":8,"key":"ats:Originium"},{"floor":8,"key":"BookOfRevelations"},{"floor":9,"key":"CCEMRelics:DerglesHeadphones"},{"floor":14,"key":"ats:Originium"},{"floor":14,"key":"DemoMod:JetPack"},{"floor":15,"key":"InkBottle"},{"floor":20,"key":"hubris:DeckOfHolding"},{"floor":20,"key":"D6"},{"floor":21,"key":"hubris:TenFootPole"},{"floor":24,"key":"StuffTheSpire:Gunfinga"},{"floor":24,"key":"ats:Originium"},{"floor":24,"key":"jedi:kaleidoscope"},{"floor":25,"key":"Frozen Egg 2"},{"floor":26,"key":"Garlic"},{"floor":26,"key":"WingedGreaves"},{"floor":27,"key":"Gremlin Food"},{"floor":28,"key":"PreservedInsect"},{"floor":28,"key":"Replay:Bandana"},{"floor":29,"key":"CCEMRelics:Pendulum"},{"floor":35,"key":"ReplayTheSpireMod:TigerMarble"},{"floor":37,"key":"Letter Opener"}],"event_choices":[],"is_beta":false,"boss_relics":[{"not_picked":["energizedSpire:OgreHead","Coffee Dripper"],"picked":"Replay:Bronze Core"},{"not_picked":[]},{"not_picked":["rorgmod:Empty Cage","Runic Dome"],"picked":"Transparent"},{"not_picked":[]}],"items_purged_floors":[0],"is_endless":true,"potions_floor_spawned":[2,7,13,18,27,29,31,33,37],"killed_by":"Nightmare","ascension_level":9}}