{"host":"8ps3pfk2b2drr3ex","time":1609706463,"event":{"mods":["2.2 Compatiblity","AchievementEnabler","Act Like it!","BaseMod","Bestiary","Better Match","BetterRewards","Card Forge","Colored Map","Colored Powertips","Conspire","Downfall","Evolution","Friendly Minions","Gensokyo","GifTheSpireLib","Gold Saver","Hallownest","Hubris","Minty Spire (QoL Compilation)","Permanent Neow","Random Character Button","Random Character Mod","Rare Cards Sparkle","Relic Filter","Replay The Spire","Shop Mod","StSLib","Stuff the Spire","The Bug Knight"],"gold_per_floor":[1069,654,674,674,674,674,707,707,707,735,735,746,775,785,785,888,888,908,921,921,289,300,400,400],"floor_reached":23,"playtime":2793,"items_purged":["HollowMod:NailStrikeStart","HollowMod:QuickDashStart"],"score":219,"play_id":"80163fa4-3804-480b-97e9-d0622e51d126","local_time":"20210103154103","is_ascension_mode":true,"campfire_choices":[{"data":"HollowMod:CycloneSlash","floor":6.0,"key":"SMITH"},{"data":"HollowMod:ChannelNail","floor":8.0,"key":"SMITH"},{"data":"1","floor":11.0,"key":"LIFT"},{"data":"HollowMod:MidwifesHunger","floor":15.0,"key":"SMITH"}],"circlet_count":0,"master_deck":["HollowMod:SoulStrike+1","HollowMod:SoulStrike","HollowMod:SoulStrike","HollowMod:QuickDashStart","HollowMod:QuickDashStart","HollowMod:QuickDashStart","HollowMod:FocusHealStart","HollowMod:ChannelNail+1","HollowMod:ChannelNail","HollowMod:MidwifesHunger+1","HollowMod:CycloneSlash+1","HollowMod:QuirrelsAssistance+1","HollowMod:BaldurShell","HollowMod:HuntersJournal","HollowMod:ShapeofUnn","HollowMod:PaleKingsBlessing","HollowMod:NewGlowingWomb","HollowMod:HerrahsAnger","HollowMod:SoulSplash+1","HollowMod:SoulVessel","HollowMod:DashSlash","HollowMod:DashSlash","HollowMod:SiblingsSouls+1","HollowMod:QuirrelsAssistance"],"relics":["HollowMod:VesselMask","Hammer of Thor","Seething Fire","Anvil of the Gods","EVO:Axolotl","StuffTheSpire:BottledEssence","Girya","Matryoshka","PreservedInsect","hubris:Icosahedron","MerchantsRug","StuffTheSpire:ForceGauntlet","Orrery"],"acts_visited":["Exordium","Hallownest:CityofTears"],"potions_floor_usage":[22,23,23,23],"damage_taken":[{"damage":0.0,"enemies":"2 Louse","floor":1.0,"turns":2.0},{"damage":6.0,"enemies":"Jaw Worm","floor":3.0,"turns":3.0},{"damage":25.0,"enemies":"Lagavulin","floor":7.0,"turns":8.0},{"damage":14.0,"enemies":"Replay:BlueRogue","floor":10.0,"turns":5.0},{"damage":0.0,"enemies":"Cultist","floor":12.0,"turns":4.0},{"damage":9.0,"enemies":"HollowMod:MossKnight","floor":13.0,"turns":7.0},{"damage":4.0,"enemies":"Large Slime","floor":14.0,"turns":5.0},{"damage":26.0,"enemies":"Slime Boss","floor":16.0,"turns":9.0},{"damage":0.0,"enemies":"Hallownest:Flukemon_and_Top","floor":18.0,"turns":5.0},{"damage":57.0,"enemies":"Hallownest:2_Mistakes","floor":19.0,"turns":10.0},{"damage":17,"enemies":"Hallownest:monsterShrumalOgre","floor":22,"turns":5},{"damage":37,"enemies":"Hallownest:eliteWatcherKnight","floor":23,"turns":7}],"seed_played":"6656378031475924085","potions_obtained":[{"floor":1.0,"key":"champ:CounterPotion"},{"floor":3.0,"key":"GamblersBrew"},{"floor":12.0,"key":"Swift Potion"},{"floor":14.0,"key":"Guardian:BlockOnCardUsePotion"},{"floor":16.0,"key":"Venom Potion"},{"floor":19.0,"key":"SteroidPotion"},{"floor":22,"key":"SkillPotion"}],"is_trial":false,"path_per_floor":["M","$","M","?","?","R","E","R","T","E","R","M","E","M","R","B",null,"M","M","?","$","M","E"],"character_chosen":"THE_BUGKNIGHT","items_purchased":["StuffTheSpire:BottledEssence","HollowMod:ChannelNail","HollowMod:MidwifesHunger","MerchantsRug","StuffTheSpire:ForceGauntlet","Energy Potion","Block Potion","Orrery"],"campfire_rested":0,"item_purchase_floors":[2,2,2,21,21,21,21,21],"current_hp_per_floor":[75,75,75,75,68,68,53,53,53,49,49,55,56,65,65,49,75,75,35,35,35,30,0,0],"gold":400,"neow_bonus":"UPGRADE_CARD","is_daily":false,"chose_seed":false,"campfire_upgraded":3,"win_rate":0.0,"timestamp":1609706463,"path_taken":["M","$","M","?","?","R","E","R","T","E","R","M","E","M","R","BOSS","M","?","?","$","M","E"],"items_purchased_type":["Relic","Card","Card","Relic","Relic","Potion","Potion","Relic"],"build_version":"2020-12-22","purchased_purges":2,"victory":false,"max_hp_per_floor":[75,75,75,75,75,75,75,75,75,75,75,75,75,75,75,75,75,75,75,75,75,75,75,75],"card_choices":[{"not_picked":["HollowMod:AbyssShriek","HollowMod:SiblingsShadow","HollowMod:SoulStrike"],"picked":"SKIP","floor":1.0},{"not_picked":["HollowMod:InfectedCysts","HollowMod:DashSlash"],"picked":"HollowMod:CycloneSlash","floor":3.0},{"not_picked":["HollowMod:SiblingsSouls","HollowMod:VengefulVoid"],"picked":"HollowMod:BaldurShell","floor":7.0},{"not_picked":["HollowMod:MonarchWings","HollowMod:InfectedCysts"],"picked":"HollowMod:HuntersJournal","floor":10.0},{"not_picked":["HollowMod:NewLittleFool","HollowMod:MothsMistake"],"picked":"HollowMod:ShapeofUnn","floor":12.0},{"not_picked":["HollowMod:SharpenedNail","HollowMod:DreamGate"],"picked":"HollowMod:PaleKingsBlessing","floor":13.0},{"not_picked":["HollowMod:VengefulVoid","HollowMod:CornifersMapStart"],"picked":"HollowMod:NewGlowingWomb","floor":14.0},{"not_picked":["HollowMod:AwokenDreamNail","HollowMod:MidwifesHunger"],"picked":"HollowMod:HerrahsAnger","floor":16.0},{"not_picked":["HollowMod:TaintedHusks","HollowMod:NewLittleFool+1","HollowMod:CornifersMapStart"],"picked":"SKIP","floor":18.0},{"not_picked":["HollowMod:NewLittleFool","HollowMod:NewGlowingWomb"],"picked":"HollowMod:SoulSplash+1","floor":19.0},{"not_picked":["HollowMod:ShadowDash","HollowMod:FallenFury"],"picked":"HollowMod:SoulVessel","floor":21.0},{"not_picked":["HollowMod:SoulSplash","HollowMod:DescendingDark"],"picked":"HollowMod:DashSlash","floor":21.0},{"not_picked":["HollowMod:CloakDash","HollowMod:Weaversong"],"picked":"HollowMod:DashSlash","floor":21.0},{"not_picked":["HollowMod:DesolateDive+1","HollowMod:LifebloodCocoon"],"picked":"HollowMod:SiblingsSouls+1","floor":21.0},{"not_picked":["HollowMod:GrimmsGift","HollowMod:SoulSplash+1"],"picked":"HollowMod:QuirrelsAssistance","floor":22}],"player_experience":819630,"relics_obtained":[{"floor":9.0,"key":"Girya"},{"floor":10.0,"key":"Matryoshka"},{"floor":13.0,"key":"PreservedInsect"}],"event_choices":[{"damage_healed":0.0,"max_hp_gain":0.0,"max_hp_loss":0.0,"gold_gain":0.0,"event_name":"Wheel of Change","player_choice":"Damaged","floor":5.0,"gold_loss":0.0,"damage_taken":7.0}],"is_beta":false,"boss_relics":[{"not_picked":["hubris:GrandSneckoEye","Empty Cage"],"picked":"StuffTheSpire:RunicHypercube"}],"items_purged_floors":[2,21],"is_endless":false,"potions_floor_spawned":[1,3,12,14,16,19,22],"killed_by":"Hallownest:eliteWatcherKnight","ascension_level":1}}