{"host":"zivz6e0vf73jivdq","time":1609671749,"event":{"mods":["ATMod(°¢èªMod)","Act Like it!","BaseMod","Friendly Minions","Gensokyo","HololiveMod","Koishi","Marisa£¨ìFÓê¡¡Ä§ÀíÉ³£©","Minty Spire (QoL Compilation)","MostiFishMod","Pale of the Ancients","Prisma Mod","Reimu£¨²©ÀöÁéÃÎ£©","Remilia£¨ÀÙÃ×ÀòÑÇ£©","Replay The Spire","RumiaBox-Â¶Ã×æ«µÄÉñÃØºÐ×Ó","StSLib","The Jungle","The Servant 0.9.4","Yakumo Yukari mod","Youmu£¨»êÆÇÑýÃÎ£©","¡¾ÒÅÎï¿¨ÅÆ¡¿REMEMod"],"gold_per_floor":[118,118,118,43,53,85,101,101,170,182,182,208,208,237,237,342,342,360,395,138,138,149,177,177,270,270,327,364,364,433,484,484,693,693,829,686,709,744,889,889,1016,1016,1043,1265,1301,1301,1396,1520,1520,1545,1545,1545,175,250,275],"floor_reached":56,"playtime":3207,"items_purged":["Strike_G","Strike_G","Strike_G"],"score":2473,"play_id":"41512c0b-03a6-4872-bc28-f0f9408caddf","local_time":"20210103190229","is_ascension_mode":true,"campfire_choices":[{"data":"Blade Dance","floor":8.0,"key":"SMITH"},{"data":"Malaise","floor":11.0,"key":"SMITH"},{"data":"MostiFishMod:ShivMaster","floor":13.0,"key":"SMITH"},{"data":"Blade Dance","floor":15.0,"key":"SMITH"},{"data":"Burst","floor":24.0,"key":"SMITH"},{"data":"MostiFishMod:Opportunism","floor":32.0,"key":"SMITH"},{"data":"MostiFishMod:HiddenBlade","floor":40.0,"key":"SMITH"},{"data":"Calculated Gamble","floor":42.0,"key":"SMITH"},{"floor":49.0,"key":"RECALL"},{"data":"Hidden Blade","floor":52.0,"key":"SMITH"}],"circlet_count":0,"master_deck":["AscendersBane","Strike_G","Strike_G","Defend_G","Defend_G","Defend_G","Defend_G","Defend_G","Survivor+1","MostiFishMod:ShivMaster+1","Backstab","Blade Dance+1","Calculated Gamble+1","AT_WindFlip","Malaise+1","Blade Dance+1","Backflip","MostiFishMod:Opportunism+1","Burst+1","Acrobatics+1","Hidden Blade+1","Concentrate+1","MostiFishMod:HiddenBlade+1","Escape Plan"],"relics":["Ring of the Snake","DaveBox","REME_ComplimentaryCards","AT_ATBox","NeowsBlessing","NightmareShop","SynthV:TestCard","AT_EbonyIvory","Kunai","Onion Ring","Potion Belt","AT_TrinityForce","Red Mask","Oddly Smooth Stone","AT_MibuBalloonWealth","Bag of Preparation","Hololive_LightStick","Painkiller Herb","War Paint","MealTicket","AT_GuinsooRageblade","Replay:Mystery Machine","FossilizedHelix","Anchor","MetatronsCube","Paper Crane","Mastiff:ReiMu","Mirror"],"acts_visited":["Exordium","TheCity","TheBeyond","TheEnding"],"potions_floor_usage":[55,55,55,55],"damage_taken":[{"damage":0.0,"enemies":"2 Louse","floor":1.0,"turns":1.0},{"damage":0.0,"enemies":"Small Slimes","floor":5.0,"turns":1.0},{"damage":0.0,"enemies":"Lagavulin","floor":6.0,"turns":1.0},{"damage":0.0,"enemies":"Jaw Worm","floor":7.0,"turns":1.0},{"damage":0.0,"enemies":"3 Louse","floor":10.0,"turns":1.0},{"damage":6.0,"enemies":"Gremlin Nob","floor":12.0,"turns":4.0},{"damage":1.0,"enemies":"Lagavulin","floor":14.0,"turns":4.0},{"damage":0.0,"enemies":"Slime Boss","floor":16.0,"turns":7.0},{"damage":3.0,"enemies":"2 Thieves","floor":18.0,"turns":4.0},{"damage":0.0,"enemies":"Masked Bandits","floor":19.0,"turns":2.0},{"damage":0.0,"enemies":"Chosen","floor":22.0,"turns":1.0},{"damage":0.0,"enemies":"REME_1_Revenger","floor":23.0,"turns":3.0},{"damage":6.0,"enemies":"3 Cultists","floor":25.0,"turns":3.0},{"damage":8.0,"enemies":"Book of Stabbing","floor":27.0,"turns":4.0},{"damage":0.0,"enemies":"Snake Plant","floor":28.0,"turns":1.0},{"damage":0.0,"enemies":"Centurion and Healer","floor":30.0,"turns":2.0},{"damage":0.0,"enemies":"REME_1_Revenger","floor":31.0,"turns":2.0},{"damage":0.0,"enemies":"Collector","floor":33.0,"turns":3.0},{"damage":0.0,"enemies":"3 Darklings","floor":35.0,"turns":2.0},{"damage":0.0,"enemies":"Orb Walker","floor":38.0,"turns":1.0},{"damage":0.0,"enemies":"3 Darklings","floor":39.0,"turns":1.0},{"damage":0.0,"enemies":"Reptomancer","floor":41.0,"turns":3.0},{"damage":0.0,"enemies":"R_Hoarder","floor":45.0,"turns":5.0},{"damage":0.0,"enemies":"Sphere and 2 Shapes","floor":47.0,"turns":2.0},{"damage":0.0,"enemies":"Reptomancer","floor":48.0,"turns":2.0},{"damage":24.0,"enemies":"Time Eater","floor":50.0,"turns":4.0},{"damage":0.0,"enemies":"Shield and Spear","floor":54.0,"turns":3.0},{"damage":25,"enemies":"The Heart","floor":55,"turns":7}],"seed_played":"-7630986399760777043","potions_obtained":[{"floor":5.0,"key":"Milkshake"},{"floor":6.0,"key":"AttackPotion"},{"floor":14.0,"key":"Poison Potion"},{"floor":18.0,"key":"AttackPotion"},{"floor":19.0,"key":"BlessingOfTheForge"},{"floor":27.0,"key":"REME_GoldPotion"},{"floor":28.0,"key":"SteroidPotion"},{"floor":29.0,"key":"Dexterity Potion"},{"floor":29.0,"key":"Energy Potion"},{"floor":29.0,"key":"Dexterity Potion"},{"floor":35.0,"key":"Explosive Potion"},{"floor":47.0,"key":"CunningPotion"}],"is_trial":false,"path_per_floor":["M","?","?","$","M","E","M","R","T","M","R","E","R","E","R","B",null,"M","?","$","?","M","E","R","M","T","E","M","?","M","E","R","B",null,"?","T","T","?","?","T","E","T","T","?","E","?","?","E","T","B",null,"T","T","E","B",null],"character_chosen":"THE_SILENT","items_purchased":["Oddly Smooth Stone","War Paint","MetatronsCube","Paper Crane","Mastiff:ReiMu"],"campfire_rested":0,"item_purchase_floors":[20,36,53,53,53],"current_hp_per_floor":[63,49,49,49,49,49,49,49,49,49,49,43,43,42,42,42,63,60,60,60,60,60,60,60,54,54,46,46,46,46,46,46,46,64,64,64,64,64,64,64,64,64,64,64,64,64,64,64,64,40,63,63,70,70,45],"gold":275,"neow_bonus":"THREE_ENEMY_KILL","is_daily":false,"chose_seed":false,"campfire_upgraded":9,"win_rate":0.0,"timestamp":1609671749,"path_taken":["M","?","?","$","M","E","M","R","T","?","R","E","R","E","R","BOSS","M","?","$","?","M","E","R","M","T","E","M","?","?","E","R","BOSS","?","?","?","?","?","T","E","T","T","?","E","?","?","E","T","BOSS","T","T","E","BOSS"],"items_purchased_type":["Relic","Relic","Relic","Relic","Relic"],"build_version":"2020-12-22","purchased_purges":3,"victory":true,"max_hp_per_floor":[70,70,70,70,70,70,70,70,70,70,70,70,70,70,70,70,70,70,70,70,70,70,70,70,70,70,70,70,70,70,70,70,70,70,70,70,70,70,70,70,70,70,70,70,70,70,70,70,70,70,70,70,70,70,70],"card_choices":[{"not_picked":["Slice","AT_WindRun"],"picked":"Backstab","floor":1.0},{"not_picked":["AT_ArcaneSupremacy","Deadly Poison","Bouncing Flask","Blur"],"picked":"Blade Dance","floor":5.0},{"not_picked":["Dagger Throw","Expertise","PiercingWail","Terror"],"picked":"Calculated Gamble","floor":6.0},{"not_picked":["Flying Knee","REME_ShadowStrike","Deadly Poison","AT_TinkerSharpsword"],"picked":"AT_WindFlip","floor":7.0},{"not_picked":["Masterful Stab","AT_WomanClash","Draining Mist","Prepared"],"picked":"Malaise","floor":10.0},{"not_picked":["Slice","Predator","Dodge and Roll","AT_KingSlayer"],"picked":"Blade Dance","floor":12.0},{"not_picked":["Bane","AT_WindRun","Draining Mist","AT_WomanClash","Dagger Throw"],"picked":"SKIP","floor":14.0},{"not_picked":["MostiFishMod:Wind","A Thousand Cuts","Storm of Steel","MostiFishMod:VineMother"],"picked":"MostiFishMod:FullyArmed","floor":16.0},{"not_picked":["Deadly Poison","Calculated Gamble","Dagger Spray+1","Bouncing Flask+1"],"picked":"Backflip","floor":18.0},{"not_picked":["Dagger Throw+1","AT_WindFlip","Concentrate","All Out Attack"],"picked":"MostiFishMod:Opportunism","floor":19.0},{"not_picked":["Acrobatics","AT_FocusSwordFire","Terror","Blade Dance","Underhanded Strike"],"picked":"SKIP","floor":22.0},{"not_picked":["Underhanded Strike","Sucker Punch","Dodge and Roll","MostiFishMod:PerfectParry"],"picked":"Burst","floor":23.0},{"not_picked":["Endless Agony","AT_WindFlip+1","Infinite Blades","Dodge and Roll"],"picked":"Acrobatics","floor":25.0},{"not_picked":["Dodge and Roll","AT_ArcaneSupremacy+1","AT_Desolate","Bullet Time"],"picked":"Hidden Blade","floor":27.0},{"not_picked":["Replay:Poison Smokescreen","Poisoned Stab","Backflip","Dagger Throw"],"picked":"Concentrate","floor":28.0},{"not_picked":["REME_ShadowStrike+1","Dodge and Roll","Quick Slash","Slice","Deflect"],"picked":"SKIP","floor":30.0},{"not_picked":["Bane","Quick Slash+1","ReplayTheSpireMod:Shiv Toss","Infinite Blades","Toxin Wave"],"picked":"SKIP","floor":31.0},{"not_picked":["AT_MyraUnstableElement","ReplayTheSpireMod:From All Sides","REME_CopyPotion","Tools of the Trade"],"picked":"MostiFishMod:HiddenBlade","floor":33.0},{"not_picked":["Bouncing Flask","Footwork","PiercingWail","AT_WindFlip+1","Fluid Movement"],"picked":"SKIP","floor":35.0},{"not_picked":["Setup","Deflect","Blade Dance+1","Dodge and Roll","Sucker Punch"],"picked":"SKIP","floor":38.0},{"not_picked":["Flying Knee","Catalyst","Concentrate","Hidden Blade","Blade Dance"],"picked":"SKIP","floor":39.0},{"not_picked":["Catalyst","AT_WindRun","Dagger Throw+1","Finisher+1","REME_GreenPollution"],"picked":"SKIP","floor":41.0},{"not_picked":["Cloak And Dagger","Sucker Punch+1","Slice","AT_WindRun","Caltrops"],"picked":"SKIP","floor":45.0},{"not_picked":["Quick Slash","Deadly Poison+1","Deflect","Glass Knife"],"picked":"Escape Plan","floor":47.0},{"not_picked":["AT_WomanClash","Underhanded Strike","Acrobatics+1","Expertise+1","Sucker Punch"],"picked":"SKIP","floor":48.0},{"not_picked":["Dagger Throw","ReplayTheSpireMod:Exploit Weakness","Backflip","Riddle With Holes+1","Acrobatics+1"],"picked":"SKIP","floor":54.0}],"player_experience":783831,"relics_obtained":[{"floor":1.0,"key":"SynthV:TestCard"},{"floor":6.0,"key":"AT_EbonyIvory"},{"floor":9.0,"key":"Kunai"},{"floor":12.0,"key":"Onion Ring"},{"floor":14.0,"key":"Potion Belt"},{"floor":19.0,"key":"Red Mask"},{"floor":23.0,"key":"AT_MibuBalloonWealth"},{"floor":27.0,"key":"Bag of Preparation"},{"floor":31.0,"key":"Hololive_LightStick"},{"floor":37.0,"key":"MealTicket"},{"floor":41.0,"key":"AT_GuinsooRageblade"},{"floor":43.0,"key":"Replay:Mystery Machine"},{"floor":45.0,"key":"FossilizedHelix"},{"floor":48.0,"key":"Anchor"},{"floor":54.0,"key":"Mirror"}],"event_choices":[{"damage_healed":0.0,"max_hp_gain":0.0,"max_hp_loss":0.0,"gold_gain":0.0,"event_name":"Shining Light","player_choice":"Entered Light","floor":2.0,"gold_loss":0.0,"damage_taken":14.0,"cards_upgraded":["Survivor","Neutralize"]},{"damage_healed":0.0,"max_hp_gain":0.0,"max_hp_loss":0.0,"gold_gain":0.0,"event_name":"Masked Bandits","player_choice":"Fought Bandits","floor":19.0,"gold_loss":0.0,"damage_taken":0.0},{"damage_healed":0.0,"max_hp_gain":0.0,"max_hp_loss":0.0,"gold_gain":0.0,"event_name":"Lab","player_choice":"Got Potions","floor":29.0,"gold_loss":0.0,"damage_taken":0.0},{"damage_healed":0.0,"max_hp_gain":0.0,"max_hp_loss":0.0,"gold_gain":222.0,"event_name":"Tomb of Lord Red Mask","player_choice":"Wore Mask","floor":44.0,"gold_loss":0.0,"damage_taken":0.0},{"cards_removed":["Neutralize"],"damage_healed":0.0,"max_hp_gain":0.0,"max_hp_loss":0.0,"gold_gain":0.0,"event_name":"Falling","player_choice":"Removed Attack","floor":46.0,"gold_loss":0.0,"damage_taken":0.0}],"is_beta":false,"boss_relics":[{"not_picked":["Abe\u0027s Treasure","Tiny House"],"picked":"AT_TrinityForce"},{"not_picked":["MostiFishMod:Hod","RhineCircuit"],"picked":"Painkiller Herb"}],"items_purged_floors":[4,20,53],"is_endless":false,"potions_floor_spawned":[5,6,7,14,18,19,27,28,30,35,39,47],"ascension_level":12}}