{"host":"armnliea5o2aqs4b","time":1609668216,"event":{"mods":["BaseMod","Hubris","Infinite Spire","Minty Spire (QoL Compilation)","Quick Restart","StSLib"],"gold_per_floor":[118,118,88,19,33,58,68,86,141,152,179,191,222,237,237,341,391,404,404,319,370,389,389,420,420,420,420,447,158,170,182,182,278,278,297,317,317,317,332,332,332],"floor_reached":40,"playtime":1412,"items_purged":[],"score":573,"play_id":"8b982379-fa6c-4913-8f07-067fab260981","local_time":"20210103210336","is_ascension_mode":true,"campfire_choices":[{"floor":15,"key":"REST"},{"data":"Demon Form","floor":23,"key":"SMITH"},{"data":"Inflame","floor":25,"key":"SMITH"},{"data":"Reaper","floor":27,"key":"SMITH"},{"data":"Heavy Blade","floor":32,"key":"SMITH"}],"circlet_count":0,"master_deck":["Strike_R","Strike_R","Strike_R+1","Strike_R","Strike_R","Defend_R","Defend_R","Defend_R","Defend_R","Bash","Flex","Heavy Blade+1","Flex","hubris:ReadiedAction","Cleave","Reaper+1","hubris:SharpeningStone","Dual Wield","Battle Trance+1","Whirlwind","hubris:DuctTapeCard"],"relics":["Burning Blood","NeowsBlessing","hubris:Icosahedron","Nunchaku","Tiny Chest","Mummified Hand","Sundial","Tiny House","MutagenicStrength","Lantern","Strawberry","infinitespire:Satchel","InkBottle","Happy Flower","Lee\u0027s Waffle","hubris:Backtick","hubris:DuctTape","hubris:ToyBattleship"],"acts_visited":["Exordium","TheCity","TheBeyond"],"potions_floor_usage":[11,13,16,16,28,28,33,33,40],"damage_taken":[{"damage":0.0,"enemies":"Small Slimes","floor":1.0,"turns":1.0},{"damage":0,"enemies":"Cultist","floor":5,"turns":1},{"damage":0,"enemies":"Gremlin Nob","floor":6,"turns":1},{"damage":2,"enemies":"Jaw Worm","floor":7,"turns":2},{"damage":27,"enemies":"Exordium Thugs","floor":8,"turns":4},{"damage":1,"enemies":"2 Fungi Beasts","floor":10,"turns":3},{"damage":25,"enemies":"3 Sentries","floor":11,"turns":6},{"damage":0,"enemies":"Exordium Wildlife","floor":12,"turns":2},{"damage":20,"enemies":"Gremlin Nob","floor":13,"turns":4},{"damage":19,"enemies":"Large Slime","floor":14,"turns":5},{"damage":6,"enemies":"The Guardian","floor":16,"turns":6},{"damage":33,"enemies":"Spheric Guardian","floor":18,"turns":4},{"damage":26,"enemies":"Chosen","floor":22,"turns":5},{"damage":47,"enemies":"Gremlin Leader","floor":24,"turns":5},{"damage":49,"enemies":"Slavers","floor":28,"turns":4},{"damage":28,"enemies":"Snake Plant","floor":30,"turns":4},{"damage":18,"enemies":"Snecko","floor":31,"turns":3},{"damage":26,"enemies":"hubris:MusketHawk","floor":33,"turns":6},{"damage":6,"enemies":"Orb Walker","floor":35,"turns":2},{"damage":13,"enemies":"3 Darklings","floor":36,"turns":4},{"damage":23,"enemies":"Transient","floor":39,"turns":5},{"damage":106,"enemies":"Reptomancer","floor":40,"turns":6}],"seed_played":"60730366975156595","potions_obtained":[{"floor":3.0,"key":"EssenceOfSteel"},{"floor":3.0,"key":"Block Potion"},{"floor":7,"key":"HeartOfIron"},{"floor":10,"key":"Strength Potion"},{"floor":11,"key":"BlessingOfTheForge"},{"floor":17,"key":"DistilledChaos"},{"floor":24,"key":"SteroidPotion"},{"floor":28,"key":"FearPotion"},{"floor":31,"key":"Strength Potion"}],"is_trial":false,"path_per_floor":["M","?","?","$","M","E","M","M","T","M","E","M","E","M","R","B",null,"M","?","?","T","M","R","E","R","T","R","E","$","M","M","R","B",null,"M","M","AVR","?","M","E"],"character_chosen":"IRONCLAD","items_purchased":["Inflame","Whirlwind","Lee\u0027s Waffle","LiquidBronze"],"campfire_rested":1,"item_purchase_floors":[4,29,29,29],"current_hp_per_floor":[80,80,80,80,80,80,80,59,59,64,45,51,37,24,48,48,85,58,58,58,65,53,53,67,67,67,67,40,99,90,87,87,78,99,99,92,92,92,75,0,0],"gold":332,"neow_bonus":"THREE_ENEMY_KILL","is_daily":false,"chose_seed":false,"campfire_upgraded":4,"win_rate":0.0,"timestamp":1609668216,"path_taken":["M","?","?","$","M","E","M","M","T","?","E","M","E","M","R","BOSS","M","?","?","?","?","R","E","R","T","R","E","$","M","M","R","BOSS","M","M","AVR","?","M","E"],"items_purchased_type":["Card","Card","Relic","Potion"],"build_version":"2020-12-22","purchased_purges":0,"victory":false,"max_hp_per_floor":[80,80,80,80,80,80,80,80,80,80,80,80,80,80,80,80,85,85,85,85,92,92,92,92,92,92,92,92,99,99,99,99,99,99,99,99,99,94,94,94,94],"card_choices":[{"not_picked":["Clash","Sentinel"],"picked":"Flex","floor":1.0},{"not_picked":["Dropkick","Feel No Pain","Twin Strike"],"picked":"SKIP","floor":5},{"not_picked":["Hemokinesis","hubris:ReadiedAction"],"picked":"Heavy Blade","floor":6},{"not_picked":["Second Wind","Clothesline","Warcry"],"picked":"SKIP","floor":7},{"not_picked":["Perfected Strike","Wild Strike"],"picked":"Demon Form","floor":8},{"not_picked":["Thunderclap","Hemokinesis"],"picked":"Flex","floor":10},{"not_picked":["Twin Strike","Anger"],"picked":"hubris:ReadiedAction","floor":11},{"not_picked":["Sentinel","Sword Boomerang","Clothesline"],"picked":"SKIP","floor":12},{"not_picked":["Armaments","hubris:SharpeningStone"],"picked":"Cleave","floor":13},{"not_picked":["Perfected Strike","Rampage","Heavy Blade"],"picked":"SKIP","floor":14},{"not_picked":["Offering","Immolate"],"picked":"Reaper","floor":16},{"not_picked":["True Grit","Headbutt"],"picked":"hubris:SharpeningStone","floor":17},{"not_picked":["Pommel Strike","Body Slam","Burning Pact"],"picked":"SKIP","floor":18},{"not_picked":["Twin Strike+1","Iron Wave"],"picked":"Dual Wield","floor":22},{"not_picked":["Armaments","Twin Strike+1","Clothesline+1"],"picked":"SKIP","floor":24},{"not_picked":["Fire Breathing","Body Slam"],"picked":"Battle Trance+1","floor":28},{"not_picked":["Pommel Strike","Warcry+1","Armaments"],"picked":"SKIP","floor":30},{"not_picked":["Shockwave","Metallicize","Sentinel"],"picked":"SKIP","floor":31},{"not_picked":["Perfected Strike+1","Metallicize","hubris:ReadiedAction"],"picked":"SKIP","floor":35},{"not_picked":["Rupture","Second Wind+1","Warcry"],"picked":"SKIP","floor":36},{"not_picked":["Twin Strike","hubris:StunningStrike","Heavy Blade+1"],"picked":"SKIP","floor":39}],"player_experience":145887,"relics_obtained":[{"floor":6,"key":"Nunchaku"},{"floor":9,"key":"Tiny Chest"},{"floor":11,"key":"Mummified Hand"},{"floor":13,"key":"Sundial"},{"floor":21,"key":"Strawberry"},{"floor":24,"key":"infinitespire:Satchel"},{"floor":26,"key":"InkBottle"},{"floor":28,"key":"Happy Flower"}],"event_choices":[{"damage_healed":0.0,"max_hp_gain":0.0,"max_hp_loss":0.0,"gold_gain":0.0,"event_name":"The Woman in Blue","player_choice":"Bought 2 Potions","floor":3.0,"gold_loss":0.0,"damage_taken":0.0},{"damage_healed":0,"gold_gain":0,"player_choice":"Inject Mutagens","damage_taken":0,"relics_obtained":["MutagenicStrength"],"max_hp_gain":0,"max_hp_loss":0,"event_name":"Drug Dealer","floor":19,"gold_loss":0},{"damage_healed":0,"gold_gain":0,"player_choice":"Obtained Relic","damage_taken":0,"relics_obtained":["Lantern"],"max_hp_gain":0,"max_hp_loss":0,"event_name":"Addict","floor":20,"gold_loss":85},{"damage_healed":0,"gold_gain":0,"player_choice":"Max HP","damage_taken":0,"max_hp_gain":0,"max_hp_loss":5,"event_name":"Winding Halls","floor":38,"gold_loss":0}],"is_beta":false,"boss_relics":[{"not_picked":["hubris:ScarierMask","Empty Cage"],"picked":"Tiny House"},{"not_picked":["Runic Dome","hubris:RunicObelisk"],"picked":"hubris:Backtick"}],"items_purged_floors":[],"is_endless":false,"potions_floor_spawned":[7,8,10,11,24,28,31],"killed_by":"Reptomancer","ascension_level":3}}