{"host":"bczg3e1yq3rp3pkk","time":1609647714,"event":{"mods":["BaseMod","Hermit","Marisa£®ÏF”Í°°ƒß¿Ì…≥£©","Minty Spire (QoL Compilation)","Quick Restart","Replay The Spire","StSLib","The Runesmith","The Servant 0.9.4","vexMod"],"gold_per_floor":[113,129,129,51,62,94,109,125,150,165,165,183,183,196,196,196,196],"floor_reached":16,"playtime":1817,"items_purged":[],"score":106,"play_id":"42580ae2-5326-4147-b5c8-d655904f8aed","local_time":"20210103122154","is_ascension_mode":false,"campfire_choices":[{"data":"DC","floor":11.0,"key":"SMITH"},{"data":"RefractionSpark","floor":13.0,"key":"SMITH"},{"data":"MachineGunSpark","floor":15,"key":"SMITH"}],"circlet_count":0,"master_deck":["Strike_MRS","Strike_MRS","Strike_MRS","Strike_MRS","Defend_MRS","Defend_MRS","Defend_MRS","Defend_MRS","MasterSpark","UpSweep","SuperPerseids","StarlightTyphoon","ManaConvection","DC+1","MachineGunSpark+1","MachineGunSpark","RefractionSpark","RefractionSpark+1","DoubleSpark"],"relics":["MiniHakkero","NeowsBlessing","Chameleon Ring","Replay:Baseball"],"acts_visited":["Exordium"],"potions_floor_usage":[16,16],"damage_taken":[{"damage":0.0,"enemies":"2 Louse","floor":1.0,"turns":1.0},{"damage":0.0,"enemies":"Cultist","floor":2.0,"turns":1.0},{"damage":0.0,"enemies":"Small Slimes","floor":5.0,"turns":1.0},{"damage":21.0,"enemies":"Gremlin Nob","floor":6.0,"turns":4.0},{"damage":1.0,"enemies":"Exordium Wildlife","floor":7.0,"turns":3.0},{"damage":7.0,"enemies":"Blue Slaver","floor":8.0,"turns":2.0},{"damage":13.0,"enemies":"Large Slime","floor":10.0,"turns":4.0},{"damage":0.0,"enemies":"Exordium Thugs","floor":12.0,"turns":3.0},{"damage":2,"enemies":"Blue Slaver","floor":14,"turns":2},{"damage":75,"enemies":"Fading Forest","floor":16,"turns":10}],"seed_played":"5285811136888547988","potions_obtained":[{"floor":1.0,"key":"Ancient Potion"},{"floor":6.0,"key":"Reflective Coating"},{"floor":10.0,"key":"Fruit Juice"},{"floor":14,"key":"AttackPotion"}],"is_trial":false,"path_per_floor":["M","M","?","$","M","E","M","M","T","M","R","M","R","M","R","B"],"character_chosen":"MARISA","items_purchased":["StarlightTyphoon"],"campfire_rested":0,"item_purchase_floors":[4],"current_hp_per_floor":[75,75,75,75,75,54,53,46,46,33,33,33,33,31,31,0,0],"gold":196,"neow_bonus":"THREE_ENEMY_KILL","is_daily":false,"chose_seed":false,"campfire_upgraded":3,"win_rate":0.0,"timestamp":1609647714,"path_taken":["M","M","?","?","M","E","M","M","T","M","R","M","R","M","R","BOSS"],"items_purchased_type":["Card"],"build_version":"2020-12-22","purchased_purges":0,"victory":false,"max_hp_per_floor":[75,75,75,75,75,75,75,75,75,75,75,75,75,75,75,82,82],"card_choices":[{"not_picked":["GravityBeat","UnstableBomb"],"picked":"SuperPerseids","floor":1.0},{"not_picked":["ShootTheMoon","MysteriousBeam","AsteroidBelt"],"picked":"SKIP","floor":2.0},{"not_picked":["GrandCross","PowerUp"],"picked":"ManaConvection","floor":5.0},{"not_picked":["ShootTheMoon","AsteroidBelt"],"picked":"DC","floor":6.0},{"not_picked":["DeepEcoloBomb","StarBarrage"],"picked":"MachineGunSpark","floor":7.0},{"not_picked":["NonDirectionalLaser","CollectingQuirk"],"picked":"MachineGunSpark","floor":8.0},{"not_picked":["MilkyWay","LuminesStrike"],"picked":"RefractionSpark","floor":10.0},{"not_picked":["PropBag","ManaConvection"],"picked":"RefractionSpark","floor":12.0},{"not_picked":["EarthLightRay","SporeBomb"],"picked":"DoubleSpark","floor":14}],"player_experience":327908,"relics_obtained":[{"floor":6.0,"key":"Chameleon Ring"},{"floor":9.0,"key":"Replay:Baseball"}],"event_choices":[{"damage_healed":0.0,"max_hp_gain":0.0,"max_hp_loss":0.0,"gold_gain":0.0,"event_name":"The Woman in Blue","player_choice":"Bought 0 Potions","floor":3.0,"gold_loss":0.0,"damage_taken":0.0}],"is_beta":false,"boss_relics":[],"items_purged_floors":[],"is_endless":false,"potions_floor_spawned":[1,6,10,12,14],"killed_by":"Fading Forest","ascension_level":0}}