{"host":"jksa5rawk3m4gilz","time":1609671072,"event":{"mods":["BaseMod","Colored Map","Highlight Path","Minty Spire (QoL Compilation)","Quick Restart"],"gold_per_floor":[15,15,27,40,54,54,72,100,100,100,112,112,142,160,160,160,160],"floor_reached":16,"playtime":564,"items_purged":[],"score":182,"play_id":"c4bdeaee-7399-4ee2-8cc6-4f344efd2dfc","local_time":"20210103115112","is_ascension_mode":true,"campfire_choices":[{"data":"Zap","floor":6,"key":"SMITH"},{"floor":10,"key":"REST"},{"data":"Panache","floor":12,"key":"SMITH"},{"floor":15,"key":"REST"}],"circlet_count":0,"master_deck":["AscendersBane","Strike_B","Strike_B","Strike_B","Defend_B","Defend_B","Defend_B","Defend_B","Zap+1","Dualcast","Panache+1","Beam Cell","Genetic Algorithm","Defragment","Gash","Sunder","Beam Cell","White Noise","Steam"],"relics":["Cracked Core","Vajra","The Courier","Odd Mushroom"],"acts_visited":["Exordium"],"potions_floor_usage":[5,5],"damage_taken":[{"damage":3,"enemies":"2 Louse","floor":1,"turns":2},{"damage":1,"enemies":"Cultist","floor":3,"turns":3},{"damage":0,"enemies":"Small Slimes","floor":4,"turns":3},{"damage":3,"enemies":"Blue Slaver","floor":5,"turns":3},{"damage":3,"enemies":"Exordium Thugs","floor":7,"turns":4},{"damage":23,"enemies":"Lagavulin","floor":8,"turns":7},{"damage":6,"enemies":"Looter","floor":11,"turns":3},{"damage":17,"enemies":"The Mushroom Lair","floor":13,"turns":3},{"damage":0,"enemies":"3 Louse","floor":14,"turns":1},{"damage":50,"enemies":"The Guardian","floor":16,"turns":12}],"seed_played":"1520998302300308224","potions_obtained":[{"floor":1,"key":"ColorlessPotion"},{"floor":4,"key":"GamblersBrew"},{"floor":13,"key":"Weak Potion"},{"floor":14,"key":"CultistPotion"}],"is_trial":false,"path_per_floor":["M","?","M","M","M","R","M","E","T","R","M","R","?","M","R","B"],"character_chosen":"DEFECT","items_purchased":[],"campfire_rested":2,"item_purchase_floors":[],"current_hp_per_floor":[61,61,60,60,57,57,54,31,31,52,46,46,29,29,50,0,0],"gold":160,"neow_bonus":"RANDOM_COLORLESS_2","is_daily":false,"chose_seed":false,"campfire_upgraded":2,"win_rate":0.0,"timestamp":1609671072,"path_taken":["M","?","M","M","?","R","M","E","T","R","M","R","?","M","R","BOSS"],"items_purchased_type":[],"build_version":"2020-12-22","purchased_purges":0,"victory":false,"max_hp_per_floor":[71,71,71,71,71,71,71,71,71,71,71,71,71,71,71,71,71],"card_choices":[{"not_picked":["The Bomb","Secret Weapon"],"picked":"Panache","floor":0},{"not_picked":["Lockon","Ball Lightning"],"picked":"Beam Cell","floor":1},{"not_picked":["Rebound","Streamline"],"picked":"Genetic Algorithm","floor":3},{"not_picked":["Ball Lightning","Storm"],"picked":"Defragment","floor":4},{"not_picked":["Hologram","Rebound"],"picked":"Gash","floor":5},{"not_picked":["Hello World","Force Field","Stack"],"picked":"SKIP","floor":7},{"not_picked":["Barrage","Double Energy"],"picked":"Sunder","floor":8},{"not_picked":["Ball Lightning","Rainbow"],"picked":"Beam Cell","floor":11},{"not_picked":["Leap","Go for the Eyes"],"picked":"White Noise","floor":13},{"not_picked":["Conserve Battery","Capacitor"],"picked":"Steam","floor":14}],"player_experience":2111822,"relics_obtained":[{"floor":8,"key":"Vajra"},{"floor":9,"key":"The Courier"},{"floor":13,"key":"Odd Mushroom"}],"event_choices":[{"cards_removed":["Strike_B"],"damage_healed":0,"gold_gain":0,"player_choice":"Purged","damage_taken":0,"max_hp_gain":0,"max_hp_loss":0,"event_name":"Purifier","floor":2,"gold_loss":0},{"damage_healed":0,"gold_gain":0,"player_choice":"Fought Mushrooms","damage_taken":0,"max_hp_gain":0,"max_hp_loss":0,"event_name":"Mushrooms","floor":13,"gold_loss":0}],"is_beta":false,"boss_relics":[],"items_purged_floors":[],"is_endless":false,"potions_floor_spawned":[1,4,13,14],"killed_by":"The Guardian","ascension_level":15}}