{"host":"xwqwvmlzre68xjvm","time":1609659181,"event":{"mods":["AchievementEnabler","BaseMod","Colored Map","Colored Powertips","Hermit","Marisa£¨Ùöéë¡¡Øª×âÞÞ£©","Minty Spire (QoL Compilation)","Replay The Spire","StSLib","SuperFastMode","The Bug Knight","The Cursed","The Hierophant","The Runesmith"],"gold_per_floor":[113,38,38,50,70,103,103,136,136,165,187,187,271,313,313,405,405,416,356,458,535,547,547],"floor_reached":22,"playtime":1563,"items_purged":["Languid"],"score":576,"play_id":"36cb5d66-1f66-45ad-8f89-21b2464acbb2","local_time":"20210103163301","daily_mods":["Draft","Diverse","Colorless Cards","Heirloom","DeadlyEvents","Elite Swarm"],"is_ascension_mode":true,"campfire_choices":[{"data":"PropBag","floor":7,"key":"SMITH"},{"floor":12,"key":"REST"},{"floor":15,"key":"REST"}],"circlet_count":0,"master_deck":["AscendersBane","hermit:ItchyTrigger","Setup","Cold Snap","Runesmith:HammerThrow","Shrug It Off","PropBag+1","Runesmith:ChiselStab","Inflame+1","MachineGunSpark","Genetic Algorithm","TheCursedMod:SurpriseAttack","Pummel","hermit:Roughhouse","Machine Learning","Venomology","Robbery","Demon Form","hierophant:Kindle","Panache","Barricade+1","hierophant:Cornucopia+1","Rebound+1","MysteriousBeam","Pot Of Greed","Pot Of Greed","Pot Of Greed","Secret Weapon"],"relics":["Ring of the Snake","The Specimen","SsserpentHead","Oddly Smooth Stone","The Courier","PreservedInsect","Lantern","ReplayTheSpireMod:CursedCoin","Tingsha","Pantograph","Astrolabe","Grinning Jar","MawBank","Mummified Hand"],"acts_visited":["Exordium","TheCity"],"potions_floor_usage":[6,14,14,16,16,18,22],"damage_taken":[{"damage":0,"enemies":"2 Louse","floor":1,"turns":2},{"damage":3,"enemies":"Cultist","floor":4,"turns":3},{"damage":1,"enemies":"Small Slimes","floor":5,"turns":3},{"damage":19,"enemies":"3 Sentries","floor":6,"turns":8},{"damage":8,"enemies":"Gremlin Nob","floor":8,"turns":3},{"damage":0,"enemies":"Lagavulin","floor":10,"turns":4},{"damage":7,"enemies":"Gremlin Nob","floor":13,"turns":3},{"damage":12,"enemies":"3 Sentries","floor":14,"turns":4},{"damage":37,"enemies":"The Guardian","floor":16,"turns":8},{"damage":2,"enemies":"Spheric Guardian","floor":18,"turns":3},{"damage":34,"enemies":"HollowMod:Nosk","floor":20,"turns":5},{"damage":21,"enemies":"Shell Parasite","floor":22,"turns":1}],"seed_played":"-2604897683994638193","potions_obtained":[{"floor":5,"key":"SkillPotion"},{"floor":8,"key":"LiquidMemories"},{"floor":10,"key":"Death Potion"},{"floor":16,"key":"DistilledChaos"},{"floor":18,"key":"FearPotion"}],"is_trial":true,"path_per_floor":["M","?","?","M","M","E","R","E","T","E","$","R","E","E","R","B",null,"M","?","E","T","M"],"character_chosen":"THE_SILENT","items_purchased":["ReplayTheSpireMod:CursedCoin","Robbery"],"campfire_rested":2,"item_purchase_floors":[11,11],"current_hp_per_floor":[59,59,59,56,55,36,36,28,28,28,28,47,40,28,47,29,57,55,55,21,21,0,0],"gold":547,"neow_bonus":"","is_daily":false,"chose_seed":false,"campfire_upgraded":1,"win_rate":0.0,"timestamp":1609659181,"path_taken":["M","?","?","M","M","E","R","E","T","E","$","R","?","E","R","BOSS","M","?","?","?","M"],"items_purchased_type":["Relic","Card"],"build_version":"2020-12-22","purchased_purges":1,"victory":false,"max_hp_per_floor":[66,66,66,66,66,66,66,66,66,66,66,66,66,66,66,66,66,66,66,66,66,66,66],"card_choices":[{"not_picked":["Clothesline","Iron Wave"],"picked":"hermit:ItchyTrigger","floor":0},{"not_picked":["Hidden Blade","Runesmith:LithiumIon"],"picked":"Setup","floor":0},{"not_picked":["TheCursedMod:PrepareRite","Wild Strike"],"picked":"Cold Snap","floor":0},{"not_picked":["Accuracy","Backflip"],"picked":"Runesmith:HammerThrow","floor":0},{"not_picked":["HollowMod:GreatSlash","HollowMod:SharpenedNail"],"picked":"Runesmith:EnergizedChisel","floor":0},{"not_picked":["Turbo","HollowMod:CycloneSlash"],"picked":"Shrug It Off","floor":0},{"not_picked":["Runesmith:HammerThrow","Sucker Punch"],"picked":"PropBag","floor":0},{"not_picked":["hermit:ItchyTrigger","DC"],"picked":"Runesmith:ChiselStab","floor":0},{"not_picked":["Panic Button","hermit:Ricochet"],"picked":"hermit:Dive","floor":0},{"not_picked":["HollowMod:DescendingDark","Deflect"],"picked":"Inflame","floor":0},{"not_picked":["TheCursedMod:RavingStaff","MysteriousBeam"],"picked":"MachineGunSpark","floor":0},{"not_picked":["HollowMod:SoulSplash","TheCursedMod:RavingStaff"],"picked":"hierophant:FieryStrike","floor":0},{"not_picked":["TheCursedMod:CursedBlade","hierophant:Blessing"],"picked":"ReplayReversal","floor":0},{"not_picked":["Runesmith:LithiumIon","hierophant:Rebuild"],"picked":"Heatsinks","floor":0},{"not_picked":["Leap","Runesmith:Prism"],"picked":"Genetic Algorithm","floor":0},{"not_picked":["Headbutt","hierophant:AuricBeam","Gash"],"picked":"SKIP","floor":1},{"not_picked":["TheCursedMod:SpitefulStrike","Massacre"],"picked":"TheCursedMod:SurpriseAttack","floor":4},{"not_picked":["TheCursedMod:CursedShiv","Runesmith:Repurpose"],"picked":"Pummel","floor":5},{"not_picked":["Thunder Strike","Mirror Shield"],"picked":"hermit:Roughhouse","floor":6},{"not_picked":["TheCursedMod:DarkBarrier","Runesmith:FissionHammer"],"picked":"Machine Learning","floor":8},{"not_picked":["Rainbow","Storm of Steel"],"picked":"Venomology","floor":10},{"not_picked":["HollowMod:HornetsHelp","hermit:OverwhelmingPower"],"picked":"Demon Form","floor":13},{"not_picked":["Atom Bomb","ManaRampage"],"picked":"hierophant:Kindle","floor":14},{"not_picked":["TheCursedMod:OutForBlood","ReplayUltimateDefense"],"picked":"Panache","floor":16},{"not_picked":["RefractionSpark","Rebound+1"],"picked":"MysteriousBeam","floor":18},{"not_picked":["Reaper","TheCursedMod:AntiAging"],"picked":"Secret Weapon","floor":20}],"player_experience":41677,"relics_obtained":[{"floor":6,"key":"Oddly Smooth Stone"},{"floor":8,"key":"The Courier"},{"floor":9,"key":"PreservedInsect"},{"floor":10,"key":"Lantern"},{"floor":13,"key":"Tingsha"},{"floor":14,"key":"Pantograph"},{"floor":20,"key":"Grinning Jar"},{"floor":21,"key":"MawBank"}],"event_choices":[{"cards_removed":["Heatsinks"],"damage_healed":0,"gold_gain":0,"player_choice":"Card Removal","damage_taken":0,"max_hp_gain":0,"max_hp_loss":0,"event_name":"The Cleric","floor":2,"gold_loss":75},{"damage_healed":0,"gold_gain":0,"player_choice":"Trade","damage_taken":0,"relics_obtained":["SsserpentHead"],"max_hp_gain":0,"max_hp_loss":0,"event_name":"FaceTrader","floor":3,"gold_loss":0},{"cards_removed":["ReplayReversal"],"damage_healed":0,"gold_gain":0,"player_choice":"Upgrade and Remove","damage_taken":0,"max_hp_gain":0,"max_hp_loss":0,"event_name":"Designer","floor":19,"gold_loss":110,"cards_upgraded":["Inflame"]}],"is_beta":false,"boss_relics":[{"not_picked":["Ring of the Serpent","Empty Cage"],"picked":"Astrolabe"}],"items_purged_floors":[11],"is_endless":false,"potions_floor_spawned":[5,8,10,16,18],"killed_by":"Shell Parasite","ascension_level":20}}