{"host":"g76rhe4j5kh9hdf9","time":1609706085,"event":{"mods":["Act Like it!","BaseMod","Better Third Choice","GifTheSpireLib","Minty Spire (QoL Compilation)","Relic Stats","Spicy Shops","StSLib","The Marked"],"gold_per_floor":[118,43,43,55,69,104,104,139,189,201,201,211,230,242,242,345,345,360,373,390,403,318,318,318],"floor_reached":23,"playtime":3719,"items_purged":["theMarked:Strike"],"score":238,"play_id":"4ec9a82f-6f04-4549-bb16-51830c0f35ce","local_time":"20210103123445","is_ascension_mode":true,"campfire_choices":[{"data":"theMarked:SoldierOfQuellstein","floor":7,"key":"SMITH"},{"floor":15,"key":"REST"}],"circlet_count":0,"master_deck":["theMarked:Strike","theMarked:Strike","theMarked:Strike","theMarked:Defend","theMarked:Defend","theMarked:Defend","theMarked:Defend","theMarked:SoldierOfQuellstein+1","theMarked:BindingBlade","theMarked:Levitate","theMarked:SwordAndMagic"],"relics":["Sozu","HornCleat","Nunchaku","Vajra","Runic Pyramid","Ornamental Fan"],"acts_visited":["Exordium","TheCity"],"potions_floor_usage":[],"damage_taken":[{"damage":1,"enemies":"Cultist","floor":1,"turns":3},{"damage":4,"enemies":"Small Slimes","floor":4,"turns":3},{"damage":0,"enemies":"Jaw Worm","floor":5,"turns":4},{"damage":41,"enemies":"Gremlin Nob","floor":6,"turns":5},{"damage":20,"enemies":"3 Sentries","floor":8,"turns":10},{"damage":0,"enemies":"Gremlin Gang","floor":10,"turns":4},{"damage":2,"enemies":"Exordium Thugs","floor":12,"turns":4},{"damage":0,"enemies":"3 Louse","floor":13,"turns":3},{"damage":0,"enemies":"Looter","floor":14,"turns":2},{"damage":17,"enemies":"Hexaghost","floor":16,"turns":10},{"damage":0,"enemies":"Shell Parasite","floor":18,"turns":4},{"damage":4,"enemies":"Spheric Guardian","floor":19,"turns":4},{"damage":3,"enemies":"Cultist and Chosen","floor":20,"turns":6},{"damage":24,"enemies":"Snake Plant","floor":21,"turns":4},{"damage":41,"enemies":"Slavers","floor":23,"turns":4}],"seed_played":"2222404144871239534","potions_obtained":[],"is_trial":false,"path_per_floor":["M","$","?","M","M","E","R","E","T","M","?","M","M","M","R","B",null,"M","M","M","M","?","E"],"character_chosen":"THE_DEFAULT","items_purchased":[],"campfire_rested":1,"item_purchase_floors":[],"current_hp_per_floor":[69,69,69,65,65,24,24,4,4,4,4,2,2,2,23,6,70,70,66,63,39,39,0,0],"gold":318,"neow_bonus":"BOSS_RELIC","is_daily":false,"chose_seed":false,"campfire_upgraded":1,"win_rate":0.0,"timestamp":1609706085,"path_taken":["M","?","?","?","M","E","R","E","T","M","?","M","M","M","R","BOSS","M","?","M","M","?","E"],"items_purchased_type":[],"build_version":"2020-12-22","purchased_purges":1,"victory":false,"max_hp_per_floor":[70,70,70,70,70,70,70,70,70,70,70,70,70,70,70,70,70,70,70,70,70,70,70,70],"relic_stats":{"Sozu":8,"Nunchaku":[10],"counters":[15,70],"Ornamental Fan":[12],"obtain_stats":[{"Sozu":0,"theMarked:ArtifactOfAir":0,"Nunchaku":8,"HornCleat":6,"Ornamental Fan":22,"Vajra":9,"Runic Pyramid":17},{"Sozu":0,"theMarked:ArtifactOfAir":0,"Nunchaku":5,"HornCleat":4,"Ornamental Fan":14,"Vajra":5,"Runic Pyramid":10},{"Sozu":0,"theMarked:ArtifactOfAir":0,"Nunchaku":25,"HornCleat":15,"Ornamental Fan":66,"Vajra":25,"Runic Pyramid":48}]},"card_choices":[{"not_picked":["theMarked:ShockingTouch","theMarked:WardOff","theMarked:Aftermath"],"picked":"SKIP","floor":1},{"not_picked":["theMarked:Convert","theMarked:Static","theMarked:Polarize"],"picked":"SKIP","floor":4},{"not_picked":["theMarked:CreepingChasm","theMarked:Overcharge","theMarked:RepellingDischarge"],"picked":"SKIP","floor":5},{"not_picked":["theMarked:TwofoldDefense","theMarked:Improvise","theMarked:Aftermath"],"picked":"SKIP","floor":6},{"not_picked":["theMarked:Overthink","theMarked:Generate","theMarked:TakeCover"],"picked":"SKIP","floor":8},{"not_picked":["theMarked:Parkour","theMarked:WastefulAttack","theMarked:Aftermath"],"picked":"SKIP","floor":10},{"not_picked":["theMarked:Parkour","theMarked:WastefulAttack","theMarked:Aftermath"],"picked":"SKIP","floor":10},{"not_picked":["theMarked:ResourceFulStrike","theMarked:WastefulDefense","theMarked:BanishingStrike"],"picked":"SKIP","floor":12},{"not_picked":["theMarked:Aftermath","theMarked:ComboAttacks"],"picked":"theMarked:BindingBlade","floor":13},{"not_picked":["theMarked:Convert","theMarked:Static","theMarked:WardOff"],"picked":"SKIP","floor":14},{"not_picked":["theMarked:Challenge","theMarked:TurnInvisible"],"picked":"theMarked:Levitate","floor":16},{"not_picked":["theMarked:ResourceFulStrike+1","theMarked:Opportunist","theMarked:TwofoldDefense+1"],"picked":"SKIP","floor":18},{"not_picked":["theMarked:SelfDefenseTraining","theMarked:WastefulDefense","theMarked:Standoff"],"picked":"SKIP","floor":19},{"not_picked":["theMarked:WardOff","theMarked:Generate"],"picked":"theMarked:SwordAndMagic","floor":20},{"not_picked":["theMarked:TakeCover","theMarked:Seal","theMarked:AttractMetal"],"picked":"SKIP","floor":21}],"player_experience":463981,"relics_obtained":[{"floor":6,"key":"HornCleat"},{"floor":8,"key":"Nunchaku"},{"floor":9,"key":"Vajra"}],"event_choices":[{"damage_healed":0,"gold_gain":0,"player_choice":"Ignored","damage_taken":0,"max_hp_gain":0,"max_hp_loss":0,"event_name":"WeMeetAgain","floor":3,"gold_loss":0},{"cards_removed":["theMarked:Strike"],"damage_healed":0,"gold_gain":0,"player_choice":"Purged","damage_taken":0,"max_hp_gain":0,"max_hp_loss":0,"event_name":"Purifier","floor":11,"gold_loss":0},{"damage_healed":0,"gold_gain":0,"player_choice":"Obtained Relic","damage_taken":0,"relics_obtained":["Ornamental Fan"],"max_hp_gain":0,"max_hp_loss":0,"event_name":"Addict","floor":22,"gold_loss":85}],"is_beta":false,"boss_relics":[{"not_picked":["Coffee Dripper","Calling Bell"],"picked":"Runic Pyramid"}],"items_purged_floors":[2],"is_endless":false,"potions_floor_spawned":[1,5,8,12,14,16,19,21],"killed_by":"Slavers","ascension_level":3}}