{"host":"7z347kdhnquy3q4q","time":1609663075,"event":{"mods":["Act Like it!","Aspiration","BaseMod","Downfall","Hubris","Infinite Spire","Minty Spire (QoL Compilation)","MostiFishMod","Permanent Neow","Potionbrewer","Replay The Spire","Robot Space Explorer","Spicy Shops","StSLib","Wandering Minibosses","vexMod"],"gold_per_floor":[118,134,134,134,151,151,185,185,210,248,248,270,299,327,327,409,427,449,382,402,411,437,437,490,518,518,518,547,547,556,23,23,111,111,130,130,29,29,63,106,106,150,225,317,317,360,380,407,407,407],"floor_reached":51,"playtime":1989,"items_purged":["RobotSpaceExplorer:Strike"],"score":2293,"play_id":"ef8a6f82-6827-4c6f-8968-7f011b867856","local_time":"20210103023755","is_ascension_mode":true,"campfire_choices":[{"floor":6,"key":"REST"},{"floor":8,"key":"RECALL"},{"data":"RobotSpaceExplorer:MiniBoosters","floor":11,"key":"SMITH"},{"data":"RobotSpaceExplorer:PowerCollector","floor":15,"key":"SMITH"},{"data":"RobotSpaceExplorer:RigExplosive","floor":23,"key":"SMITH"},{"data":"RobotSpaceExplorer:Explosion","floor":29,"key":"SMITH"},{"floor":32,"key":"DIG"},{"floor":41,"key":"DIG"},{"data":"RobotSpaceExplorer:Fix","floor":49,"key":"SMITH"}],"circlet_count":0,"master_deck":["AscendersBane","RobotSpaceExplorer:Strike","RobotSpaceExplorer:Strike","RobotSpaceExplorer:Defend","RobotSpaceExplorer:Defend","RobotSpaceExplorer:Scan","RobotSpaceExplorer:MiniLasers","RobotSpaceExplorer:GearShield","RobotSpaceExplorer:Probe","RobotSpaceExplorer:MetalStrike","RobotSpaceExplorer:MiniBoosters+1","RobotSpaceExplorer:Autoloader","RobotSpaceExplorer:ScrapMissile","RobotSpaceExplorer:PowerCollector+1","RobotSpaceExplorer:Explosion+1","MostiFishMod:FrostNova","MostiFishMod:WinterMarkForm","RobotSpaceExplorer:MiniDrones","Pot Of Greed","Pot Of Greed","RobotSpaceExplorer:Discharger","infinitespire:Starlight","RobotSpaceExplorer:RigExplosive+1","RobotSpaceExplorer:PlasmaMissile","Pot Of Greed","RobotSpaceExplorer:JunkDive+1","RobotSpaceExplorer:LuckyStrike","RobotSpaceExplorer:LuckyStrike","RobotSpaceExplorer:ShockMissile","RobotSpaceExplorer:ScrapMissile","RobotSpaceExplorer:Fix+1","RobotSpaceExplorer:PowerCollector","RobotSpaceExplorer:MiniBoosters","RobotSpaceExplorer:Explosion","RobotSpaceExplorer:StunGrenade","Pot Of Greed","RobotSpaceExplorer:ExhaustFan","RobotSpaceExplorer:LuckyStrike","RobotSpaceExplorer:ScrapMissile","RobotSpaceExplorer:GlueShot+1"],"relics":["RobotSpaceExplorer:RoboCore","DaveBox","ShadowXiaoBlade","aspiration:Nostalgia","m_SnakeBloodCore","SynthV:TestCard","vexMod:RedPlottingStone","HornCleat","CeramicFish","Letter Opener","FrostBlade","Grinning Jar","infinitespire:PuzzleCube","Coffee Dripper","wanderingMiniBosses:AbyssPearl","Boot","infinitespire:Midas Blood","DianDianMeat","Juzu Bracelet","RobotSpaceExplorer:FoglandsKnife","FeatherPendant","hubris:MobiusCoin","Shovel","Question Card","Nunchaku","The Courier","Bottled Lightning","Replay:Rubber Ducky","hubris:Towel","Simple Rune"],"acts_visited":["Exordium","TheCity","TheBeyond"],"potions_floor_usage":[10,16,20,24,25,28,35,35,50],"damage_taken":[{"damage":0,"enemies":"Cultist","floor":1,"turns":2},{"damage":4,"enemies":"Small Slimes","floor":2,"turns":3},{"damage":0,"enemies":"2 Louse","floor":5,"turns":1},{"damage":0,"enemies":"Lagavulin","floor":7,"turns":4},{"damage":4,"enemies":"Replay:BlueRogue","floor":10,"turns":3},{"damage":0,"enemies":"Blue Slaver","floor":12,"turns":2},{"damage":0,"enemies":"Looter","floor":13,"turns":2},{"damage":0,"enemies":"Large Slime","floor":14,"turns":2},{"damage":0,"enemies":"Fading Forest","floor":16,"turns":9},{"damage":0,"enemies":"3 Byrds","floor":18,"turns":4},{"damage":0,"enemies":"2 Thieves","floor":20,"turns":2},{"damage":0,"enemies":"3 Cultists","floor":22,"turns":4},{"damage":0,"enemies":"Replay:Snechameleon","floor":24,"turns":3},{"damage":16,"enemies":"Centurion and Healer","floor":25,"turns":3},{"damage":0,"enemies":"Snecko","floor":28,"turns":2},{"damage":0,"enemies":"Automaton","floor":33,"turns":3},{"damage":0,"enemies":"3 Shapes","floor":35,"turns":1},{"damage":0,"enemies":"Mind Bloom Boss Battle","floor":39,"turns":1},{"damage":0,"enemies":"Giant Head","floor":40,"turns":1},{"damage":0,"enemies":"Reptomancer","floor":42,"turns":1},{"damage":0,"enemies":"Nightmare","floor":44,"turns":1},{"damage":0,"enemies":"R_Hoarder","floor":46,"turns":2},{"damage":0,"enemies":"Orb Walker","floor":47,"turns":1},{"damage":0,"enemies":"Spire Growth","floor":48,"turns":2},{"damage":0,"enemies":"infinitespire:MassOfShapes","floor":50,"turns":2}],"seed_played":"6937753772737489581","potions_obtained":[{"floor":1,"key":"Weak Potion"},{"floor":7,"key":"BlessingOfTheForge"},{"floor":10,"key":"SneckoOil"},{"floor":14,"key":"BlessingOfTheForge"},{"floor":18,"key":"potionbrewer:DiscountPotion"},{"floor":22,"key":"potionbrewer:ToxicPotion"},{"floor":25,"key":"FairyPotion"},{"floor":40,"key":"Swift Potion"},{"floor":46,"key":"Explosive Potion"}],"is_trial":false,"path_per_floor":["M","M","?","?","M","R","E","R","T","E","R","M","M","M","R","B",null,"M","?","M","AVR","M","R","E","M","T","?","M","R","?","$","R","B",null,"M","?","$","?","?","E","R","E","T","NM","?","E","M","M","R","B",null],"character_chosen":"RobotSpaceExplorer","items_purchased":["DianDianMeat","Juzu Bracelet","RobotSpaceExplorer:LuckyStrike","RobotSpaceExplorer:Fix","RobotSpaceExplorer:PowerCollector"],"campfire_rested":1,"item_purchase_floors":[31,31,31,37,37],"current_hp_per_floor":[67,66,66,48,51,71,71,71,71,70,70,71,71,71,71,71,71,71,71,71,71,71,71,71,68,68,68,71,71,71,74,74,77,77,81,81,92,92,99,107,107,126,126,137,137,149,162,176,176,176],"gold":407,"neow_bonus":"NOSTALGIA","is_daily":false,"chose_seed":false,"campfire_upgraded":5,"win_rate":0.0,"timestamp":1609663075,"path_taken":["M","?","?","?","M","R","E","R","T","E","R","M","M","?","R","BOSS","M","?","M","AVR","M","R","E","M","T","?","M","R","?","?","R","BOSS","M","?","$","?","?","E","R","E","T","NM","?","E","M","M","R","BOSS"],"items_purchased_type":["Relic","Relic","Card","Card","Card"],"build_version":"2020-12-22","purchased_purges":1,"victory":true,"max_hp_per_floor":[71,71,71,71,71,71,71,71,71,71,71,71,71,71,71,71,71,71,71,71,71,71,71,71,71,71,71,71,71,71,74,74,77,77,81,81,92,92,99,107,107,126,126,137,137,149,162,176,176,176],"card_choices":[{"not_picked":["RobotSpaceExplorer:FrostMissile","Dagger Throw"],"picked":"RobotSpaceExplorer:GearShield","floor":1},{"not_picked":["RobotSpaceExplorer:ImprovisedAttack","RobotSpaceExplorer:FreezeRay","RobotSpaceExplorer:ShockKick","Burning Pact"],"picked":"RobotSpaceExplorer:Probe","floor":2},{"not_picked":["White Noise","RobotSpaceExplorer:ScrapMissile","RobotSpaceExplorer:StunGrenade","RobotSpaceExplorer:Discharger"],"picked":"RobotSpaceExplorer:Wormhole","floor":5},{"not_picked":["Dual Wield","RobotSpaceExplorer:ShockKick","RobotSpaceExplorer:StarDust","RobotSpaceExplorer:ImprovisedAttack"],"picked":"RobotSpaceExplorer:MetalStrike","floor":7},{"not_picked":["RobotSpaceExplorer:SurgingShield","RobotSpaceExplorer:Pulsar","RobotSpaceExplorer:Reload","RobotSpaceExplorer:Ammunition"],"picked":"RobotSpaceExplorer:MiniBoosters","floor":10},{"not_picked":["RobotSpaceExplorer:FranticSearch","RobotSpaceExplorer:SwiftStep","Dual Wield","RobotSpaceExplorer:Ammunition"],"picked":"RobotSpaceExplorer:Autoloader","floor":12},{"not_picked":["RobotSpaceExplorer:Counterblock","RobotSpaceExplorer:ShovelStrike","RobotSpaceExplorer:Probe","Perfected Strike"],"picked":"RobotSpaceExplorer:ScrapMissile","floor":13},{"not_picked":["RobotSpaceExplorer:DoubleBlock","RobotSpaceExplorer:ScrapMissile","RobotSpaceExplorer:Smokescreen","RobotSpaceExplorer:MetalStrike"],"picked":"RobotSpaceExplorer:PowerCollector","floor":14},{"not_picked":["RobotSpaceExplorer:ChargingLaser","RobotSpaceExplorer:Asteroid","Amplify","RobotSpaceExplorer:Arsenal"],"picked":"RobotSpaceExplorer:Explosion","floor":16},{"not_picked":["RobotSpaceExplorer:Counterblock","RobotSpaceExplorer:GlueShot","RobotSpaceExplorer:SurgingShield","RobotSpaceExplorer:RigExplosive"],"picked":"RobotSpaceExplorer:MiniDrones","floor":18},{"not_picked":["RobotSpaceExplorer:ImprovisedAttack","RobotSpaceExplorer:SwiftStep","RobotSpaceExplorer:ScrapMissile","RobotSpaceExplorer:MetalStrike+1"],"picked":"RobotSpaceExplorer:Discharger","floor":20},{"not_picked":["RobotSpaceExplorer:Counterblock","RobotSpaceExplorer:Pulsar","RobotSpaceExplorer:SurgingStrike","RobotSpaceExplorer:Jetpack+1"],"picked":"RobotSpaceExplorer:RigExplosive","floor":22},{"not_picked":["RobotSpaceExplorer:Jetpack","RobotSpaceExplorer:DoubleFind","RobotSpaceExplorer:Counterblock","RobotSpaceExplorer:TurboDodge"],"picked":"RobotSpaceExplorer:PlasmaMissile","floor":24},{"not_picked":["RobotSpaceExplorer:DualCore","RobotSpaceExplorer:Ammunition","RobotSpaceExplorer:StarDust","RobotSpaceExplorer:ImprovisedAttack"],"picked":"RobotSpaceExplorer:JunkDive+1","floor":25},{"not_picked":["RobotSpaceExplorer:BlastShield","RobotSpaceExplorer:Reload","RobotSpaceExplorer:Calculate","RobotSpaceExplorer:Electroshield"],"picked":"RobotSpaceExplorer:MiniDrones","floor":28},{"not_picked":["RobotSpaceExplorer:Scanner","RobotSpaceExplorer:Explosion","RobotSpaceExplorer:Accelerator","RobotSpaceExplorer:Autoloader"],"picked":"RobotSpaceExplorer:ShockMissile","floor":33},{"not_picked":["RobotSpaceExplorer:BigMissile","RobotSpaceExplorer:GlueShot","RobotSpaceExplorer:MetalStrike","RobotSpaceExplorer:ShockKick"],"picked":"RobotSpaceExplorer:ScrapMissile","floor":35},{"not_picked":["RobotSpaceExplorer:ShovelStrike","RobotSpaceExplorer:FranticSearch","RobotSpaceExplorer:Electroshield","RobotSpaceExplorer:GlueShot"],"picked":"RobotSpaceExplorer:MiniBoosters","floor":39},{"not_picked":["RobotSpaceExplorer:SurgingStrike","RobotSpaceExplorer:MetalStrike","RobotSpaceExplorer:GlueShot","RobotSpaceExplorer:ImprovisedAttack"],"picked":"RobotSpaceExplorer:Explosion","floor":40},{"not_picked":["RobotSpaceExplorer:Counterblock+1","RobotSpaceExplorer:ScrapMissile","RobotSpaceExplorer:ShockKick","RobotSpaceExplorer:SurgingShield","RobotSpaceExplorer:FrostMissile"],"picked":"RobotSpaceExplorer:StunGrenade","floor":42},{"not_picked":["RobotSpaceExplorer:DoubleBlock","RobotSpaceExplorer:FranticSearch","RobotSpaceExplorer:Electroshield","RobotSpaceExplorer:FreezeRay","RobotSpaceExplorer:GearShield"],"picked":"RobotSpaceExplorer:ExhaustFan","floor":44},{"not_picked":["RobotSpaceExplorer:StarDust","RobotSpaceExplorer:SurgingShield","RobotSpaceExplorer:SwiftStep","RobotSpaceExplorer:SlimeMissile","RobotSpaceExplorer:GlueShot"],"picked":"RobotSpaceExplorer:LuckyStrike","floor":46},{"not_picked":["RobotSpaceExplorer:Counterblock+1","RobotSpaceExplorer:MakeshiftVolley","RobotSpaceExplorer:ShovelStrike+1","RobotSpaceExplorer:SurgingShield","RobotSpaceExplorer:SurgingStrike+1"],"picked":"RobotSpaceExplorer:ScrapMissile","floor":47},{"not_picked":["RobotSpaceExplorer:ScrapToss","RobotSpaceExplorer:IronShell+1","RobotSpaceExplorer:Pulsar","RobotSpaceExplorer:Exploration","RobotSpaceExplorer:MakeshiftVolley"],"picked":"RobotSpaceExplorer:GlueShot+1","floor":48}],"player_experience":1934718,"relics_obtained":[{"floor":1,"key":"SynthV:TestCard"},{"floor":7,"key":"HornCleat"},{"floor":9,"key":"CeramicFish"},{"floor":10,"key":"Letter Opener"},{"floor":22,"key":"wanderingMiniBosses:AbyssPearl"},{"floor":24,"key":"Boot"},{"floor":26,"key":"infinitespire:Midas Blood"},{"floor":32,"key":"RobotSpaceExplorer:FoglandsKnife"},{"floor":39,"key":"Shovel"},{"floor":40,"key":"Question Card"},{"floor":41,"key":"Nunchaku"},{"floor":42,"key":"The Courier"},{"floor":43,"key":"Bottled Lightning"},{"floor":44,"key":"Replay:Rubber Ducky"},{"floor":46,"key":"Simple Rune"}],"event_choices":[{"damage_healed":0,"gold_gain":0,"player_choice":"Success","damage_taken":18,"relics_obtained":["vexMod:RedPlottingStone"],"max_hp_gain":0,"max_hp_loss":0,"event_name":"Scrap Ooze","floor":4,"gold_loss":0},{"damage_healed":0,"gold_gain":0,"player_choice":"Obtained Relic","damage_taken":0,"relics_obtained":["Grinning Jar"],"max_hp_gain":0,"max_hp_loss":0,"event_name":"Addict","floor":19,"gold_loss":85},{"damage_healed":0,"gold_gain":0,"player_choice":"Read","damage_taken":0,"max_hp_gain":0,"max_hp_loss":0,"event_name":"The Library","floor":30,"gold_loss":0,"cards_obtained":["RobotSpaceExplorer:Wormhole"]},{"cards_removed":["RobotSpaceExplorer:MiniDrones"],"damage_healed":0,"gold_gain":0,"player_choice":"Removed Attack","damage_taken":0,"max_hp_gain":0,"max_hp_loss":0,"event_name":"Falling","floor":36,"gold_loss":0},{"damage_healed":0,"gold_gain":0,"player_choice":"Gave Potion","damage_taken":0,"relics_obtained":["hubris:MobiusCoin"],"max_hp_gain":0,"max_hp_loss":0,"event_name":"WeMeetAgain","floor":38,"gold_loss":0},{"damage_healed":0,"gold_gain":0,"player_choice":"Fight","damage_taken":0,"max_hp_gain":0,"max_hp_loss":0,"event_name":"MindBloom","floor":39,"gold_loss":0}],"is_beta":false,"boss_relics":[{"not_picked":["GreenFoldingFan","infinitespire:Cupcake"],"picked":"FrostBlade"},{"not_picked":["Tiny House","hubris:CrackedHourglass"],"picked":"FeatherPendant"}],"items_purged_floors":[21],"is_endless":false,"potions_floor_spawned":[1,7,10,14,18,22,25,40,46],"ascension_level":17}}