{"host":"96bpdudduaq3ttpf","time":1609661460,"event":{"mods":["2.2 Compatiblity","Act Like it!","Astrologer","Bard","Bartender","BaseMod","CapriCore","Challenge The Spire","Chen","Downfall","Elementarium","Energized Spire","Friendly Minions","Gensokyo","GifTheSpireLib","Hallownest","Hermit","Jorbs\u0027s Wanderer Trilogy","KinomotoSakuraMod(????)","Koishi","KomeijiMod","Mari Mod (Legacy)","Mari\u0027s V1 Patch","Marisa????????","Mimic Mod","Minty Spire (QoL Compilation)","Prisma Mod","Quick Restart","Remilia??????","Replay The Spire","Robot Space Explorer","Shade Mod","StSLib","Td1madao Mod","The Administrix","The Bladedancer","The Bug Knight","The Construct","The Cursed","The Factory","The Forsaken","The Gatherer","The Hierophant","The Immortal","The IronCluck","The Jungle","The Marked","The Mystic","The Necromancer","The Runesmith","The Senshi","The Servant 0.9.4","Wandering Minibosses","WarShipGirlsR/????R mod","Yohane!","Yuyuko"],"gold_per_floor":[569,183,212,240,279,279,279,55,89,126,156,156,156,156,195,246,246,246],"floor_reached":17,"playtime":2806,"items_purged":["Slimebound:Icky","construct:Strike_Gold","construct:Strike_Gold"],"score":298,"play_id":"51f50351-5d2f-40f7-9ba8-0f37625d73f6","local_time":"20210103011100","daily_mods":["challengethespire:Silver Difficulty","challengethespire:Elite Rush","Uncertain Future"],"is_ascension_mode":true,"campfire_choices":[{"data":"Pot Of Greed","floor":7.0,"key":"SMITH"},{"floor":14,"key":"REST"}],"circlet_count":0,"master_deck":["AscendersBane","construct:Strike_Gold","construct:Strike_Gold","construct:Strike_Gold+2","construct:Defend_Gold+1","construct:Defend_Gold","construct:Defend_Gold+1","construct:Defend_Gold","construct:Defend_Gold","construct:AttackMode","construct:DefenseMode","construct:FlameCore","Pot Of Greed+1","Pot Of Greed+1","construct:Autoturret","expansioncontent:DarkVoid","construct:Antimatter+1","construct:CriticalHit","construct:Versatility","construct:HyperBeam+1","construct:BatteryCore","construct:Synchronize","construct:SuppressiveFire","construct:LongRangeLance","Pot Of Greed"],"relics":["construct:Cogwheel","Black Star","Sling","PreservedInsect","ReplayTheSpireMod:Lightbulb","theForsaken:Lifeblossom","ReplayTheSpireMod:CursedCoin","Grinning Jar","War Paint","Anchor","construct:MegaBattery","Replay:Rubber Ducky","CeramicFish","Blue Doll","sneckomod:SneckoTalon","construct:FoamFinger","Replay:Bottled Eggs","Protect_Vest","Replay:Multitool","ReplayTheSpireMod:Shallot","Quantum Egg","energizedSpire:DeadBattery","Toy Ornithopter","Replay:Accelerometer","Pet Ghost","CaptainsWheel"],"acts_visited":["Exordium"],"potions_floor_usage":[10,11,15,15,17],"damage_taken":[{"damage":21.0,"enemies":"3 Sentries","floor":3.0,"turns":8.0},{"damage":4.0,"enemies":"Gremlin Nob","floor":4.0,"turns":3.0},{"damage":22.0,"enemies":"Lagavulin","floor":5.0,"turns":5.0},{"damage":16.0,"enemies":"Book of Stabbing","floor":9.0,"turns":5.0},{"damage":26,"enemies":"Book of Stabbing","floor":10,"turns":5},{"damage":17,"enemies":"Gremlin Leader","floor":11,"turns":3},{"damage":11,"enemies":"Giant Head","floor":15,"turns":6},{"damage":40,"enemies":"Nemesis","floor":16,"turns":5},{"damage":27,"enemies":"Reptomancer","floor":17,"turns":3}],"seed_played":"-6847016633771111972","potions_obtained":[{"floor":9,"key":"Guardian:BlockOnCardUsePotion"},{"floor":10,"key":"Swift Potion"},{"floor":11,"key":"EssenceOfSteel"},{"floor":16,"key":"Explosive Potion"}],"is_trial":true,"path_per_floor":["$","$","E","E","E","T","R","$","E","E","E","T","R","R","E","E","E"],"character_chosen":"THE_CONSTRUCT_MOD","items_purchased":["ReplayTheSpireMod:Lightbulb","theForsaken:Lifeblossom","construct:FlameCore","ReplayTheSpireMod:CursedCoin","Milkshake","Grinning Jar","construct:Autoturret","expansioncontent:DarkVoid","construct:HyperBeam+1"],"campfire_rested":1,"item_purchase_floors":[1,1,1,1,1,2,2,2,8],"current_hp_per_floor":[77,77,62,63,47,47,47,47,37,17,5,5,30,55,50,16,0,0],"gold":246,"neow_bonus":"","is_daily":false,"chose_seed":false,"campfire_upgraded":1,"win_rate":0.0,"timestamp":1609661460,"path_taken":["$","$","E","E","E","T","R","$","E","E","E","T","R","R","E","E","E"],"items_purchased_type":["Relic","Relic","Card","Relic","Potion","Relic","Card","Card","Card"],"build_version":"2020-12-22","purchased_purges":3,"victory":false,"max_hp_per_floor":[85,85,85,85,85,85,85,85,85,85,85,85,85,85,85,85,85,85],"card_choices":[],"player_experience":783009,"relics_obtained":[{"floor":3.0,"key":"War Paint"},{"floor":3.0,"key":"Anchor"},{"floor":4.0,"key":"construct:MegaBattery"},{"floor":4.0,"key":"Replay:Rubber Ducky"},{"floor":5.0,"key":"CeramicFish"},{"floor":5.0,"key":"Blue Doll"},{"floor":9,"key":"construct:FoamFinger"},{"floor":9,"key":"Replay:Bottled Eggs"},{"floor":10,"key":"Protect_Vest"},{"floor":10,"key":"Replay:Multitool"},{"floor":11,"key":"ReplayTheSpireMod:Shallot"},{"floor":11,"key":"Quantum Egg"},{"floor":15,"key":"Toy Ornithopter"},{"floor":15,"key":"Replay:Accelerometer"},{"floor":16,"key":"Pet Ghost"},{"floor":16,"key":"CaptainsWheel"}],"event_choices":[],"is_beta":false,"boss_relics":[{"not_picked":["Coffee Dripper","Replay:Wanted Poster"],"picked":"sneckomod:SneckoTalon"},{"not_picked":["ReplayTheSpireMod:DimensionalGlitch","energizedSpire:NeverEndingSparkler"],"picked":"energizedSpire:DeadBattery"}],"items_purged_floors":[1,2,8],"is_endless":false,"potions_floor_spawned":[9,10,11,16],"killed_by":"Reptomancer","ascension_level":10}}