{"host":"p6s16n2sj7zvsuor","time":1609683774,"event":{"mods":["BaseMod","Minty Spire (QoL Compilation)"],"gold_per_floor":[115,190,365,380,432,461,478,247,271,271,291,325,325,339,339,339,339],"floor_reached":16,"playtime":621,"items_purged":["Doubt"],"score":176,"play_id":"93dcc3ac-c703-4b5c-83a6-ac71c9742805","local_time":"20210103162254","is_ascension_mode":true,"campfire_choices":[{"data":"Concentrate","floor":10,"key":"SMITH"},{"data":"Phantasmal Killer","floor":13,"key":"SMITH"},{"data":"Blade Dance","floor":15,"key":"SMITH"}],"circlet_count":0,"master_deck":["Strike_G","Strike_G","Strike_G","Strike_G","Strike_G","Defend_G","Defend_G","Defend_G","Defend_G","Defend_G","Survivor","Neutralize","Dagger Throw","Quick Slash","Quick Slash","Concentrate+1","Phantasmal Killer+1","Slice","Blade Dance+1"],"relics":["Ring of the Snake","NeowsBlessing","Regal Pillow","Kunai","Membership Card","PreservedInsect","Blood Vial"],"acts_visited":["Exordium"],"potions_floor_usage":[11,12,16],"damage_taken":[{"damage":0,"enemies":"Cultist","floor":1,"turns":1},{"damage":0,"enemies":"Small Slimes","floor":4,"turns":1},{"damage":0,"enemies":"Lagavulin","floor":6,"turns":1},{"damage":3,"enemies":"Jaw Worm","floor":7,"turns":3},{"damage":10,"enemies":"Exordium Thugs","floor":11,"turns":7},{"damage":13,"enemies":"Gremlin Nob","floor":12,"turns":3},{"damage":0,"enemies":"Large Slime","floor":14,"turns":5},{"damage":34,"enemies":"Hexaghost","floor":16,"turns":7}],"seed_played":"6139563827849484539","potions_obtained":[{"floor":1,"key":"SneckoOil"},{"floor":6,"key":"Block Potion"},{"floor":7,"key":"GamblersBrew"},{"floor":11,"key":"Fire Potion"}],"is_trial":false,"path_per_floor":["M","?","?","M","T","E","M","$","T","R","M","E","R","M","R","B"],"character_chosen":"THE_SILENT","items_purchased":["Membership Card"],"campfire_rested":0,"item_purchase_floors":[8],"current_hp_per_floor":[63,52,52,52,52,52,49,49,49,49,39,26,26,28,28,0,0],"gold":339,"neow_bonus":"THREE_ENEMY_KILL","is_daily":false,"chose_seed":false,"campfire_upgraded":3,"win_rate":0.0,"timestamp":1609683774,"path_taken":["M","?","?","M","?","E","M","$","T","R","M","E","R","M","R","BOSS"],"items_purchased_type":["Relic"],"build_version":"2020-12-22","purchased_purges":1,"victory":false,"max_hp_per_floor":[70,70,70,70,70,70,70,70,70,70,70,70,70,70,70,70,70],"card_choices":[{"not_picked":["Masterful Stab","Poisoned Stab"],"picked":"Dagger Throw","floor":1},{"not_picked":["Riddle With Holes","Deflect"],"picked":"Quick Slash","floor":4},{"not_picked":["Dagger Spray","Distraction"],"picked":"Quick Slash","floor":6},{"not_picked":["Distraction","Dagger Throw"],"picked":"Concentrate","floor":7},{"not_picked":["Deflect","Expertise"],"picked":"Phantasmal Killer","floor":11},{"not_picked":["Finisher","Quick Slash"],"picked":"Slice","floor":12},{"not_picked":["Deadly Poison","Deflect"],"picked":"Blade Dance","floor":14}],"player_experience":779877,"relics_obtained":[{"floor":5,"key":"Regal Pillow"},{"floor":6,"key":"Kunai"},{"floor":9,"key":"PreservedInsect"},{"floor":12,"key":"Blood Vial"}],"event_choices":[{"damage_healed":0,"gold_gain":75,"player_choice":"Gather Gold","damage_taken":11,"max_hp_gain":0,"max_hp_loss":0,"event_name":"World of Goop","floor":2,"gold_loss":0},{"damage_healed":0,"gold_gain":175,"player_choice":"AGREE","damage_taken":0,"max_hp_gain":0,"max_hp_loss":0,"event_name":"Liars Game","floor":3,"gold_loss":0,"cards_obtained":["Doubt"]}],"is_beta":false,"boss_relics":[],"items_purged_floors":[8],"is_endless":false,"potions_floor_spawned":[1,6,7,11],"killed_by":"Hexaghost","ascension_level":6}}