{"host":"gzsdmyo07u314vug","time":1609651651,"event":{"mods":["2.2 Compatiblity","BaseMod","Downfall","GifTheSpireLib","Minty Spire (QoL Compilation)","Quick Restart","Rare Cards Sparkle","Relic Stats","Replay The Spire","Shop Mod","StSLib","The Bug Knight","The Construct","The Elementalist","The IronCluck","The Servant 0.9.4","Unceasing Turn Reminder","everything is the same but u backflip on backflip","slay the spire mod where everything is the same but ironclad has a cowboy hat","vexMod"],"gold_per_floor":[116,142,152,152,227,258,258,278,304,304,52,52,52,68,68,170,170,184,17,29,40,52,52,65,65,137,137,137,155,168,68,68,163,163,181,181,192,192,206,206,206,206,206,241,251,251,263,280,280,280],"floor_reached":51,"playtime":3260,"items_purged":["Strike_P","Replay:Battleflow+1"],"score":1065,"play_id":"158209ac-e090-455c-9933-42c7e37d1de7","local_time":"20210103022731","is_ascension_mode":true,"campfire_choices":[{"data":"Vigilance","floor":7.0,"key":"SMITH"},{"data":"Replay:AtTheReady","floor":10.0,"key":"SMITH"},{"data":"Nirvana","floor":12.0,"key":"SMITH"},{"data":"Weave","floor":15.0,"key":"SMITH"},{"data":"LessonLearned","floor":23.0,"key":"SMITH"},{"data":"ThirdEye","floor":25.0,"key":"SMITH"},{"data":"ThirdEye","floor":27.0,"key":"SMITH"},{"data":"Protect","floor":32,"key":"SMITH"},{"data":"Secret Technique","floor":40,"key":"SMITH"},{"floor":42,"key":"REST"},{"floor":46,"key":"REST"},{"floor":49,"key":"REST"}],"circlet_count":0,"master_deck":["Defend_P","Defend_P","Defend_P+1","Vigilance+1","Tantrum+1","Weave+1","Replay:AtTheReady+1","SandsOfTime+1","CutThroughFate+1","CutThroughFate+1","Weave+1","Nirvana+1","ThirdEye+1","LessonLearned+1","WreathOfFlame+1","ReachHeaven+1","Replay:ManipulateFuture","DevaForm+1","ThirdEye+1","Perseverance+1","JustLucky","Protect+1","Alpha+1","Secret Technique+1","CutThroughFate+1","Madness","Madness","ThirdEye+1"],"relics":["PureWater","NeowsBlessing","Juzu Bracelet","Akabeko","PreservedInsect","Astrolabe","Bottled Tornado","construct:ClawGrip","Meat on the Bone","vexMod:CardConverter"],"acts_visited":["Exordium","TheCity","TheBeyond"],"potions_floor_usage":[30,37,37,45,47,50],"damage_taken":[{"damage":0.0,"enemies":"Cultist","floor":1.0,"turns":1.0},{"damage":0.0,"enemies":"2 Louse","floor":3.0,"turns":1.0},{"damage":0.0,"enemies":"Gremlin Nob","floor":6.0,"turns":1.0},{"damage":0.0,"enemies":"Small Slimes","floor":8.0,"turns":1.0},{"damage":1.0,"enemies":"3 Louse","floor":14.0,"turns":2.0},{"damage":0.0,"enemies":"Slime Boss","floor":16.0,"turns":1.0},{"damage":10.0,"enemies":"2 Thieves","floor":18.0,"turns":3.0},{"damage":7.0,"enemies":"Shell Parasite","floor":20.0,"turns":5.0},{"damage":0.0,"enemies":"Centurion and Healer","floor":21.0,"turns":3.0},{"damage":6.0,"enemies":"Snake Plant","floor":22.0,"turns":5.0},{"damage":0.0,"enemies":"Chosen and Byrds","floor":24.0,"turns":3.0},{"damage":0.0,"enemies":"3 Cultists","floor":29.0,"turns":3.0},{"damage":0,"enemies":"Snake Plant","floor":30,"turns":3},{"damage":26,"enemies":"Pondfish","floor":33,"turns":8},{"damage":0,"enemies":"Orb Walker","floor":35,"turns":3},{"damage":0,"enemies":"3 Darklings","floor":37,"turns":5},{"damage":17,"enemies":"Sphere and 2 Shapes","floor":39,"turns":3},{"damage":1,"enemies":"HollowMod:StalkingDevout","floor":44,"turns":7},{"damage":39,"enemies":"Spire Growth","floor":45,"turns":5},{"damage":22,"enemies":"Jaw Worm Horde","floor":47,"turns":3},{"damage":10,"enemies":"Sphere and 2 Shapes","floor":48,"turns":7},{"damage":12,"enemies":"Donu and Deca","floor":50,"turns":9}],"seed_played":"-5543359806447752581","potions_obtained":[{"floor":1.0,"key":"Elixir"},{"floor":3.0,"key":"Strength Potion"},{"floor":14.0,"key":"DistilledChaos"},{"floor":18.0,"key":"BottledMiracle"},{"floor":21.0,"key":"Adrenaline Potion"},{"floor":24.0,"key":"LifebloodPotion"},{"floor":29.0,"key":"FearPotion"},{"floor":33,"key":"SkillPotion"},{"floor":44,"key":"Adrenaline Potion"},{"floor":45,"key":"Toxic Potion"},{"floor":47,"key":"Venom Potion"}],"is_trial":false,"path_per_floor":["M","T","M","?","?","E","R","M","T","R","$","R","?","M","R","B",null,"M","$","M","M","M","R","M","R","T","R","?","M","M","$","R","B",null,"M","?","M","$","M","R","?","R","T","E","M","R","M","M","R","B",null],"character_chosen":"WATCHER","items_purchased":["CutThroughFate+1","Weave","Nirvana","DevaForm+1","ThirdEye"],"campfire_rested":3,"item_purchase_floors":[11,11,11,19,19],"current_hp_per_floor":[72,72,72,72,61,61,61,61,61,61,61,61,61,60,60,60,72,62,62,55,55,49,49,49,49,49,49,49,49,49,49,49,23,72,72,72,72,72,55,55,46,67,67,66,39,60,40,42,64,52],"gold":280,"neow_bonus":"THREE_ENEMY_KILL","is_daily":false,"chose_seed":false,"campfire_upgraded":9,"win_rate":0.0,"timestamp":1609651651,"path_taken":["M","?","M","?","?","E","R","M","T","R","$","R","?","M","R","BOSS","M","$","M","M","M","R","M","R","T","R","?","M","M","$","R","BOSS","M","?","M","$","M","R","?","R","T","E","M","R","M","M","R","BOSS"],"items_purchased_type":["Card","Card","Card","Card","Card"],"build_version":"2020-12-22","purchased_purges":2,"victory":true,"max_hp_per_floor":[72,72,72,72,72,72,72,72,72,72,72,72,72,72,72,72,72,72,72,72,72,72,72,72,72,72,72,72,72,72,72,72,72,72,72,72,72,72,72,72,72,72,72,72,72,72,74,74,74,74],"relic_stats":{"counters":[22,82],"Astrolabe":["WreathOfFlame","ReachHeaven","Replay:Battleflow"],"PreservedInsect":59,"Juzu Bracelet":2,"obtain_stats":[{"construct:ClawGrip":34,"NeowsBlessing":0,"vexMod:CardConverter":44,"Astrolabe":17,"PreservedInsect":9,"Juzu Bracelet":2,"PureWater":0,"Bottled Tornado":26,"Akabeko":6,"Meat on the Bone":43},{"construct:ClawGrip":14,"NeowsBlessing":0,"vexMod:CardConverter":18,"Astrolabe":6,"PreservedInsect":4,"Juzu Bracelet":1,"PureWater":0,"Bottled Tornado":11,"Akabeko":3,"Meat on the Bone":17},{"construct:ClawGrip":40,"NeowsBlessing":0,"vexMod:CardConverter":58,"Astrolabe":7,"PreservedInsect":4,"Juzu Bracelet":1,"PureWater":0,"Bottled Tornado":26,"Akabeko":3,"Meat on the Bone":51}],"Meat on the Bone":24},"card_choices":[{"not_picked":["Replay:Cycle","Swivel"],"picked":"Tantrum","floor":1.0},{"not_picked":["Protect","WaveOfTheHand"],"picked":"Weave","floor":3.0},{"not_picked":["EmptyBody","Sanctity"],"picked":"SandsOfTime","floor":6.0},{"not_picked":["SashWhip","Replay:ManipulateFuture"],"picked":"CutThroughFate","floor":8.0},{"not_picked":["Replay:AtTheReady","FearNoEvil"],"picked":"ThirdEye","floor":14.0},{"not_picked":["Replay:LoomingThreat","DeusExMachina"],"picked":"LessonLearned","floor":16.0},{"not_picked":["Prostrate","PathToVictory+1"],"picked":"Replay:ManipulateFuture","floor":18.0},{"not_picked":["Nirvana","PathToVictory"],"picked":"Perseverance+1","floor":20.0},{"not_picked":["Conclude","Wireheading","EmptyFist"],"picked":"SKIP","floor":21.0},{"not_picked":["EmptyFist","SashWhip"],"picked":"JustLucky","floor":22.0},{"not_picked":["ForeignInfluence","Wish"],"picked":"Protect","floor":24.0},{"not_picked":["Prostrate","FearNoEvil+1","FlyingSleeves"],"picked":"SKIP","floor":29.0},{"not_picked":["Conclude+1","ClearTheMind","EmptyFist"],"picked":"SKIP","floor":30},{"not_picked":["Brilliance","Wish"],"picked":"Alpha","floor":33},{"not_picked":["Prostrate+1","ReachHeaven+1","Replay:BluntJabs"],"picked":"SKIP","floor":35},{"not_picked":["Specialist","ReplayTheSpireMod:Uncanny Aura"],"picked":"Secret Technique","floor":36},{"not_picked":["Replay:DivineShield","ClearTheMind+1"],"picked":"CutThroughFate+1","floor":37},{"not_picked":["FlyingSleeves+1","ThirdEye+1","Replay:AtTheReady+1"],"picked":"SKIP","floor":39},{"not_picked":["Fasting2+1","Prostrate+1","PathToVictory"],"picked":"SKIP","floor":44},{"not_picked":["SignatureMove+1","Replay:ManipulateFuture+1","EmptyFist+1"],"picked":"SKIP","floor":45},{"not_picked":["DeceiveReality","CarveReality+1"],"picked":"ThirdEye+1","floor":47},{"not_picked":["Crescendo+1","Consecrate+1","Replay:Anticipation+1"],"picked":"SKIP","floor":48}],"player_experience":639799,"relics_obtained":[{"floor":2.0,"key":"Juzu Bracelet"},{"floor":6.0,"key":"Akabeko"},{"floor":9.0,"key":"PreservedInsect"},{"floor":26.0,"key":"Bottled Tornado"},{"floor":43,"key":"Meat on the Bone"},{"floor":44,"key":"vexMod:CardConverter"}],"event_choices":[{"damage_healed":0.0,"max_hp_gain":0.0,"max_hp_loss":0.0,"gold_gain":0.0,"cards_transformed":["Strike_P"],"event_name":"Transmorgrifier","player_choice":"Transformed","floor":4.0,"gold_loss":0.0,"damage_taken":0.0,"cards_obtained":["Replay:AtTheReady"]},{"damage_healed":0.0,"max_hp_gain":0.0,"max_hp_loss":0.0,"gold_gain":75.0,"event_name":"World of Goop","player_choice":"Gather Gold","floor":5.0,"gold_loss":0.0,"damage_taken":11.0},{"cards_removed":["Eruption"],"damage_healed":0.0,"max_hp_gain":0.0,"max_hp_loss":0.0,"gold_gain":0.0,"event_name":"Bonfire Elementals","player_choice":"Offered Basic","floor":13.0,"gold_loss":0.0,"damage_taken":0.0},{"damage_healed":0.0,"max_hp_gain":0.0,"max_hp_loss":0.0,"gold_gain":0.0,"event_name":"Ghosts","player_choice":"Ignored","floor":28.0,"gold_loss":0.0,"damage_taken":0.0},{"damage_healed":0,"gold_gain":0,"player_choice":"Memory 1","damage_taken":0,"max_hp_gain":0,"max_hp_loss":0,"event_name":"SensoryStone","floor":36,"gold_loss":0},{"damage_healed":0,"gold_gain":0,"player_choice":"Embrace Madness","damage_taken":9,"max_hp_gain":0,"max_hp_loss":0,"event_name":"Winding Halls","floor":41,"gold_loss":0,"cards_obtained":["Madness","Madness"]}],"is_beta":false,"boss_relics":[{"not_picked":["SlaversCollar","vexMod:MysteryBossChallenge"],"picked":"Astrolabe"},{"not_picked":["Calling Bell","Painkiller Herb"],"picked":"construct:ClawGrip"}],"items_purged_floors":[11,31],"is_endless":false,"potions_floor_spawned":[1,3,14,18,21,24,29,33,44,45,47],"ascension_level":3}}