{"host":"3vgzk5mhz751jdrj","time":1609661980,"event":{"mods":["2.2 Compatiblity","AchievementEnabler","Act Like it!","Aspiration","BaseMod","Better Match","Better Note","Better Sensory Stone","Better Skull","Better Third Choice","Block Reminder","Colored Map","Conspire","Displayed Cursed Tome","Downfall","Downfall-Rebalance","Friendly Minions","GifTheSpireLib","Halation","Hubris","Marked Mod","Mimic Mod","Minty Spire (QoL Compilation)","Quick Restart","Rare Cards Sparkle","Replay The Spire","Reworked Bosses","Shop Mod","Spicy Shops","Spikes Relics","StSLib","Stuff the Spire","The Dragon Tamer","The Marked","Trackpad","vexMod"],"gold_per_floor":[113,42,77,77,77,102,102,117,152,167,181,198,230,10,10,110,110,126,126,126,126,138,138,151,151,186,202,215,58,85,105,105,208,208,223,223,223,223,233,245,245,245,245],"floor_reached":41,"playtime":3061,"items_purged":["DTMod:Strike"],"score":498,"play_id":"2becf439-0a13-42a8-9635-56c056ee09b2","local_time":"20210103031940","is_ascension_mode":false,"metric_token":2323,"campfire_choices":[{"data":"DTMod:WarmUp","floor":7,"key":"SMITH"},{"floor":15,"key":"REST"},{"data":"DTMod:Training","floor":23,"key":"SMITH"},{"data":"DTMod:CrossStep","floor":25,"key":"SMITH"},{"floor":32,"key":"REST"}],"dtmod_dragon_data":[33,50,1,3,8,2],"circlet_count":0,"master_deck":["DTMod:Strike","DTMod:Strike","DTMod:Strike","DTMod:TargetDefense","DTMod:TargetDefense","DTMod:TargetDefense","DTMod:TargetDefense","DTMod:SwitchingTactic","DTMod:WarmUp+1","DTMod:DragonDance","DTMod:Feint","DTMod:RepeatStrike","DTMod:Training+1","DTMod:DarkBreath","DTMod:HeatWave","DTMod:ComboAttack","DTMod:TriAttack","DTMod:CalculatedDefense+1","DTMod:CrossStep+1","DTMod:SneakAttack+1","DTMod:Dissolve","DTMod:BurningForce+1","DTMod:Prediction","DTMod:Shift+1","DTMod:InvisibleFlame+1"],"relics":["DTMod:MagicStone","NeowsBlessing","Du-Vu Doll","hubris:Icosahedron","Vajra","Nloth\u0027s Gift","Strawberry","aspiration:HummingbirdHeart","DTMod:OddArmor","StuffTheSpire:ForceGauntlet","DTMod:TheChair","hubris:Towel"],"acts_visited":["Exordium","TheCity","TheBeyond"],"potions_floor_usage":[12,13,16,24,28,30,33,33,40,41],"damage_taken":[{"damage":0,"enemies":"Small Slimes","floor":1,"turns":1},{"damage":0,"enemies":"Replay:BlueRogue","floor":6,"turns":1},{"damage":0,"enemies":"Jaw Worm","floor":8,"turns":1},{"damage":0,"enemies":"Cultist","floor":9,"turns":5},{"damage":0,"enemies":"Cultist","floor":10,"turns":3},{"damage":0,"enemies":"Red Slaver","floor":11,"turns":3},{"damage":0,"enemies":"Large Slime","floor":12,"turns":3},{"damage":6,"enemies":"Gremlin Nob","floor":13,"turns":3},{"damage":0,"enemies":"Fading Forest","floor":16,"turns":11},{"damage":0,"enemies":"Chosen","floor":18,"turns":4},{"damage":0,"enemies":"3 Byrds","floor":22,"turns":5},{"damage":5,"enemies":"3 Cultists","floor":24,"turns":4},{"damage":4,"enemies":"Centurion and Healer","floor":26,"turns":5},{"damage":4,"enemies":"Centurion and Healer","floor":27,"turns":4},{"damage":7,"enemies":"Snake Plant","floor":28,"turns":3},{"damage":6,"enemies":"conspire:SneckoGhost","floor":30,"turns":6},{"damage":14,"enemies":"Snecko","floor":31,"turns":5},{"damage":17,"enemies":"conspire:MysteriousRune","floor":33,"turns":9},{"damage":0,"enemies":"Orb Walker","floor":35,"turns":3},{"damage":4,"enemies":"3 Shapes","floor":39,"turns":6},{"damage":10,"enemies":"Spire Growth","floor":40,"turns":5},{"damage":69,"enemies":"Giant Head","floor":41,"turns":7}],"seed_played":"5513253795276088895","potions_obtained":[{"floor":1,"key":"Milkshake"},{"floor":10,"key":"Energy Potion"},{"floor":27,"key":"Strength Potion"},{"floor":28,"key":"LiquidBronze"},{"floor":30,"key":"Languid Potion"},{"floor":31,"key":"SkillPotion"},{"floor":39,"key":"EssenceOfSteel"},{"floor":40,"key":"LiquidBronze"}],"is_trial":false,"path_per_floor":["M","$","?","$","?","E","R","M","MIM","M","M","M","E","$","R","B",null,"M","?","?","$","M","R","M","R","MIM","M","M","$","E","M","R","B",null,"M","?","?","?","M","M","E"],"character_chosen":"THE_DT","items_purchased":["DTMod:DragonDance","DTMod:ComboAttack","Dexterity Potion","Strawberry","DTMod:OddArmor"],"campfire_rested":2,"item_purchase_floors":[2,14,14,21,29],"current_hp_per_floor":[45,45,34,34,34,34,34,34,34,34,34,34,28,28,41,45,45,45,45,45,42,49,49,47,47,48,48,45,45,46,38,52,35,52,52,32,32,32,35,32,0,0,0],"gold":245,"neow_bonus":"THREE_ENEMY_KILL","is_daily":false,"chose_seed":false,"campfire_upgraded":3,"win_rate":0.0,"timestamp":1609661980,"path_taken":["M","$","?","$","?","E","R","M","MIM","M","M","?","E","?","R","BOSS","M","?","?","?","M","R","?","R","MIM","M","M","$","E","M","R","BOSS","M","?","?","?","M","M","E"],"items_purchased_type":["Card","Card","Potion","Relic","Relic"],"build_version":"2020-12-22","purchased_purges":1,"victory":false,"max_hp_per_floor":[45,45,45,45,45,45,45,45,45,45,45,45,45,45,45,45,45,45,45,45,52,52,52,52,52,52,52,52,52,52,52,52,52,52,52,52,52,52,52,52,52,52,52],"card_choices":[{"not_picked":["DTMod:MagicField","DTMod:CleansingStrike"],"picked":"DTMod:WarmUp","floor":1},{"not_picked":["DTMod:Dissolve","DTMod:BizarreTactic"],"picked":"DTMod:Feint","floor":3},{"not_picked":["DTMod:MagicField","DTMod:LowKick"],"picked":"DTMod:RepeatStrike","floor":6},{"not_picked":["DTMod:BreakAttack","DTMod:CleansingStrike"],"picked":"DTMod:Training","floor":8},{"not_picked":["DTMod:Training","DTMod:Cover"],"picked":"DTMod:DarkBreath","floor":10},{"not_picked":["DTMod:Hide","DTMod:BlueScale","DTMod:Adaptation"],"picked":"SKIP","floor":11},{"not_picked":["DTMod:Cover","DTMod:StunTrap","DTMod:BuildUp"],"picked":"SKIP","floor":12},{"not_picked":["DTMod:Observe","DTMod:CleansingStrike"],"picked":"DTMod:HeatWave","floor":13},{"not_picked":["DTMod:EchoTactic","DTMod:ExcessFootwork"],"picked":"DTMod:TriAttack","floor":16},{"not_picked":["DTMod:Cover+1","DTMod:Astonish"],"picked":"DTMod:CalculatedDefense+1","floor":18},{"not_picked":["DTMod:BreakAttack","DTMod:BuildUp+1","DTMod:QuickFly"],"picked":"SKIP","floor":22},{"not_picked":["DTMod:Feint+1","DTMod:MagicField"],"picked":"DTMod:CrossStep","floor":24},{"not_picked":["DTMod:Weaken","DTMod:BlazingStrike"],"picked":"DTMod:SneakAttack+1","floor":26},{"not_picked":["DTMod:Punisher","DTMod:BlazingStrike","DTMod:EchoTactic"],"picked":"SKIP","floor":27},{"not_picked":["DTMod:Training","DTMod:QuickFly"],"picked":"DTMod:Dissolve","floor":28},{"not_picked":["DTMod:LightShield","DTMod:StarRain"],"picked":"DTMod:BurningForce+1","floor":30},{"not_picked":["DTMod:BalancedStrike","DTMod:BuildUp+1","DTMod:HeatWave"],"picked":"SKIP","floor":31},{"not_picked":["DTMod:OpeningTactic","DTMod:ExcessFootwork"],"picked":"DTMod:Prediction","floor":33},{"not_picked":["DTMod:BlueScale","DTMod:MasterPlan"],"picked":"DTMod:Shift+1","floor":35},{"not_picked":["DTMod:Punisher+1","DTMod:Feint","DTMod:DragonDance+1"],"picked":"SKIP","floor":39},{"not_picked":["DTMod:BurningEnergy","DTMod:CleansingStrike+1"],"picked":"DTMod:InvisibleFlame+1","floor":40}],"player_experience":427264,"relics_obtained":[{"floor":3,"key":"Du-Vu Doll"},{"floor":6,"key":"Vajra"},{"floor":13,"key":"Blood Vial"},{"floor":26,"key":"aspiration:HummingbirdHeart"},{"floor":30,"key":"StuffTheSpire:ForceGauntlet"}],"event_choices":[{"damage_healed":0,"gold_gain":0,"player_choice":"Traded Relic","damage_taken":0,"relics_obtained":["Nloth\u0027s Gift"],"max_hp_gain":0,"max_hp_loss":0,"event_name":"N\u0027loth","floor":19,"relics_lost":["Blood Vial"],"gold_loss":0},{"cards_removed":["DTMod:DoubleHit"],"damage_healed":0,"gold_gain":0,"player_choice":"Offered Basic","damage_taken":0,"max_hp_gain":0,"max_hp_loss":0,"event_name":"Bonfire Elementals","floor":20,"gold_loss":0},{"damage_healed":0,"gold_gain":0,"player_choice":"Leave","damage_taken":0,"max_hp_gain":0,"max_hp_loss":0,"event_name":"conspire:Investor","floor":38,"gold_loss":0}],"is_beta":false,"boss_relics":[{"not_picked":["vexMod:MysteryBossChallenge","StuffTheSpire:RunicConfusion"],"picked":"DTMod:MagicStone"},{"not_picked":["halation:MonkeysPaw","Busted Crown"],"picked":"DTMod:TheChair"}],"items_purged_floors":[14],"is_endless":false,"potions_floor_spawned":[1,10,27,28,30,31,39,40],"killed_by":"Giant Head","ascension_level":0}}