{"host":"yvlk1m4foro8gl4v","time":1609646129,"event":{"mods":["AchievementEnabler","Act Like it!","BaseMod","Minty Spire (QoL Compilation)","Relic Stats","StSLib","The Servant 0.9.4","Uncapped"],"gold_per_floor":[111,123,123,143,143,173,173,173,196,196,210,210,227,21,21,118,118,131,93,106,118,135,135,153,153,153],"floor_reached":25,"playtime":1115,"items_purged":["Regret"],"score":297,"play_id":"42f069c1-f7ae-498c-8c1a-f09ad2acd6a8","local_time":"20210103035529","is_ascension_mode":true,"campfire_choices":[{"data":"Shockwave","floor":8.0,"key":"SMITH"},{"floor":10.0,"key":"REST"},{"data":"Spot Weakness","floor":15.0,"key":"SMITH"},{"floor":23,"key":"REST"}],"circlet_count":0,"master_deck":["Strike_R","Strike_R","Strike_R","Strike_R","Strike_R","Defend_R","Defend_R","Defend_R","Defend_R","Bash","Shockwave+1","Spot Weakness+1","Armaments","Sword Boomerang","Heavy Blade","Immolate","Rupture","Ghostly Armor"],"relics":["Black Blood","Bag of Marbles","Ancient Tea Set","Mummified Hand","Mercury Hourglass","Smiling Mask","Eternal Feather","Membership Card"],"acts_visited":["Exordium","TheCity"],"potions_floor_usage":[22,22],"damage_taken":[{"damage":0.0,"enemies":"2 Louse","floor":1.0,"turns":4.0},{"damage":1.0,"enemies":"Small Slimes","floor":2.0,"turns":4.0},{"damage":7.0,"enemies":"Cultist","floor":4.0,"turns":3.0},{"damage":64.0,"enemies":"Lagavulin","floor":6.0,"turns":8.0},{"damage":15.0,"enemies":"Blue Slaver","floor":11.0,"turns":3.0},{"damage":3.0,"enemies":"Gremlin Gang","floor":13.0,"turns":4.0},{"damage":18.0,"enemies":"Slime Boss","floor":16.0,"turns":6.0},{"damage":24,"enemies":"3 Byrds","floor":18,"turns":4},{"damage":19,"enemies":"Chosen","floor":20,"turns":4},{"damage":30,"enemies":"Snake Plant","floor":21,"turns":5},{"damage":25,"enemies":"Shelled Parasite and Fungi","floor":22,"turns":4},{"damage":29,"enemies":"Centurion and Healer","floor":24,"turns":7},{"damage":40,"enemies":"Book of Stabbing","floor":25,"turns":3}],"seed_played":"5867903650850196683","potions_obtained":[{"floor":1.0,"key":"Dexterity Potion"},{"floor":6.0,"key":"BlessingOfTheForge"},{"floor":18,"key":"Explosive Potion"},{"floor":21,"key":"SneckoOil"},{"floor":24,"key":"DuplicationPotion"}],"is_trial":false,"path_per_floor":["M","M","?","M","?","E","?","R","T","R","M","?","M","$","R","B",null,"M","$","M","M","M","R","M","E"],"character_chosen":"IRONCLAD","items_purchased":["Membership Card","Heavy Blade","Rupture"],"campfire_rested":2,"item_purchase_floors":[14,14,19],"current_hp_per_floor":[78,80,80,79,76,18,18,18,18,42,33,33,36,36,45,33,68,56,56,49,31,18,51,34,0,0],"gold":153,"neow_bonus":"RANDOM_COMMON_RELIC","is_daily":false,"chose_seed":false,"campfire_upgraded":2,"win_rate":0.0,"timestamp":1609646129,"path_taken":["M","M","?","M","?","E","?","R","T","R","?","?","M","$","R","BOSS","M","$","?","M","M","R","?","E"],"items_purchased_type":["Relic","Card","Card"],"build_version":"2020-12-22","purchased_purges":1,"victory":false,"max_hp_per_floor":[80,80,80,80,80,80,80,80,80,80,80,80,80,80,80,80,80,80,80,80,80,80,80,80,80,80],"relic_stats":{"counters":[13,58],"Mummified Hand":[3],"Black Blood":99,"Eternal Feather":18,"Smiling Mask":-12,"obtain_stats":[{"Mummified Hand":5,"Black Blood":17,"Eternal Feather":12,"Bag of Marbles":0,"Membership Card":14,"Ancient Tea Set":3,"Smiling Mask":9,"Burning Blood":0,"Mercury Hourglass":6},{"Mummified Hand":3,"Black Blood":7,"Eternal Feather":5,"Bag of Marbles":0,"Membership Card":6,"Ancient Tea Set":2,"Smiling Mask":4,"Burning Blood":0,"Mercury Hourglass":4},{"Mummified Hand":11,"Black Blood":32,"Eternal Feather":22,"Bag of Marbles":0,"Membership Card":26,"Ancient Tea Set":8,"Smiling Mask":19,"Burning Blood":0,"Mercury Hourglass":19}],"Mercury Hourglass":[149]},"card_choices":[{"not_picked":["Warcry","Feel No Pain"],"picked":"Shockwave","floor":1.0},{"not_picked":["Flex","Thunderclap"],"picked":"Spot Weakness","floor":2.0},{"not_picked":["Perfected Strike","Twin Strike"],"picked":"Armaments","floor":4.0},{"not_picked":["Shockwave","Anger","Second Wind"],"picked":"SKIP","floor":6.0},{"not_picked":["Clothesline","Clash","Headbutt"],"picked":"SKIP","floor":11.0},{"not_picked":["Body Slam","Pummel"],"picked":"Sword Boomerang","floor":13.0},{"not_picked":["Barricade","Double Tap"],"picked":"Immolate","floor":16.0},{"not_picked":["Clash","Warcry+1","Anger"],"picked":"SKIP","floor":18},{"not_picked":["Thunderclap","Clothesline","Anger"],"picked":"SKIP","floor":20},{"not_picked":["Wild Strike+1","Heavy Blade+1"],"picked":"Ghostly Armor","floor":21},{"not_picked":["Rupture","True Grit","Pummel"],"picked":"SKIP","floor":22},{"not_picked":["Immolate","Wild Strike","Havoc+1"],"picked":"SKIP","floor":24}],"player_experience":711568,"relics_obtained":[{"floor":6.0,"key":"Mercury Hourglass"},{"floor":9.0,"key":"Smiling Mask"}],"event_choices":[{"damage_healed":0.0,"max_hp_gain":0.0,"max_hp_loss":0.0,"gold_gain":0.0,"event_name":"Big Fish","player_choice":"Box","floor":3.0,"gold_loss":0.0,"damage_taken":0.0,"relics_obtained":["Ancient Tea Set"],"cards_obtained":["Regret"]},{"damage_healed":0.0,"max_hp_gain":0.0,"max_hp_loss":0.0,"gold_gain":0.0,"event_name":"Scrap Ooze","player_choice":"Success","floor":5.0,"gold_loss":0.0,"damage_taken":3.0,"relics_obtained":["Mummified Hand"]},{"damage_healed":0.0,"max_hp_gain":0.0,"max_hp_loss":0.0,"gold_gain":0.0,"event_name":"The Woman in Blue","player_choice":"Bought 0 Potions","floor":7.0,"gold_loss":0.0,"damage_taken":0.0},{"damage_healed":0.0,"max_hp_gain":0.0,"max_hp_loss":0.0,"gold_gain":0.0,"event_name":"WeMeetAgain","player_choice":"Gave Potion","floor":12.0,"gold_loss":0.0,"damage_taken":0.0,"relics_obtained":["Eternal Feather"]}],"is_beta":false,"boss_relics":[{"not_picked":["Philosopher\u0027s Stone","Astrolabe"],"picked":"Black Blood"}],"items_purged_floors":[14],"is_endless":false,"potions_floor_spawned":[1,6,18,21,24],"killed_by":"Book of Stabbing","ascension_level":9}}