{"host":"f5n4tidiz2n5sooh","time":1609643675,"event":{"mods":["BaseMod","Bestiary","Colored Map","Minty Spire (QoL Compilation)","Relic Stats","StSLib"],"gold_per_floor":[119,133,208,235,10,10,10,41,41,55,69,102,102,136,136,211,211,227,227,227,244,36,36,36,36,36,69,69,83,83,3,3,3,3],"floor_reached":33,"playtime":907,"items_purged":["Strike_R"],"score":558,"play_id":"ca088459-200f-4b8a-9e64-dd01a0f99134","local_time":"20210102211435","is_ascension_mode":true,"campfire_choices":[{"data":"Bash","floor":6,"key":"SMITH"},{"floor":13,"key":"REST"},{"floor":15,"key":"REST"},{"floor":23,"key":"REST"},{"floor":25,"key":"REST"},{"floor":32,"key":"REST"}],"circlet_count":0,"master_deck":["AscendersBane","Strike_R","Strike_R","Defend_R","Defend_R","Defend_R","Bash+1","Battle Trance","Anger","Disarm","Second Wind","Pummel","Second Wind","Immolate","Ghostly Armor+1","Ghostly","Ghostly","Ghostly","Ghostly Armor+1","Immolate","Dark Embrace"],"relics":["Empty Cage","Omamori","Red Skull","Letter Opener","Smiling Mask","PreservedInsect","InkBottle","Fusion Hammer","Juzu Bracelet","Centennial Puzzle","Bag of Preparation","Nilry\u0027s Codex","Mummified Hand","Eternal Feather"],"acts_visited":["Exordium","TheCity"],"potions_floor_usage":[8,11,12,14,18,33],"damage_taken":[{"damage":12,"enemies":"Jaw Worm","floor":1,"turns":2},{"damage":19,"enemies":"Small Slimes","floor":2,"turns":3},{"damage":15,"enemies":"Lagavulin","floor":8,"turns":4},{"damage":2,"enemies":"2 Louse","floor":10,"turns":2},{"damage":0,"enemies":"2 Fungi Beasts","floor":11,"turns":3},{"damage":1,"enemies":"Gremlin Nob","floor":12,"turns":3},{"damage":20,"enemies":"3 Sentries","floor":14,"turns":4},{"damage":23,"enemies":"Slime Boss","floor":16,"turns":7},{"damage":23,"enemies":"Spheric Guardian","floor":18,"turns":4},{"damage":16,"enemies":"Shell Parasite","floor":21,"turns":3},{"damage":27,"enemies":"Gremlin Leader","floor":27,"turns":4},{"damage":2,"enemies":"Snecko","floor":29,"turns":5},{"damage":63,"enemies":"Champ","floor":33,"turns":10}],"seed_played":"-4630296009424883804","potions_obtained":[{"floor":10,"key":"BlessingOfTheForge"},{"floor":11,"key":"ColorlessPotion"},{"floor":12,"key":"SteroidPotion"},{"floor":16,"key":"SkillPotion"},{"floor":29,"key":"SpeedPotion"}],"is_trial":false,"path_per_floor":["M","M","?","T","$","R","?","E","T","M","M","E","R","E","R","B",null,"M","?","?","M","$","R","?","R","T","E","?","M","?","$","R","B"],"character_chosen":"IRONCLAD","items_purchased":["Red Skull","BlessingOfTheForge","Bag of Preparation","Dark Embrace"],"campfire_rested":5,"item_purchase_floors":[5,5,22,31],"current_hp_per_floor":[56,37,26,26,26,26,26,11,11,9,9,8,30,10,32,9,59,36,36,36,20,20,42,21,43,43,16,16,14,14,14,37,0,0],"gold":3,"neow_bonus":"BOSS_RELIC","is_daily":false,"chose_seed":false,"campfire_upgraded":1,"win_rate":0.0,"timestamp":1609643675,"path_taken":["M","M","?","?","$","R","?","E","T","M","M","E","R","E","R","BOSS","M","?","?","M","$","R","?","R","T","E","?","M","?","$","R","BOSS"],"items_purchased_type":["Relic","Potion","Relic","Card"],"build_version":"2020-12-22","purchased_purges":1,"victory":false,"max_hp_per_floor":[75,75,75,75,75,75,75,75,75,75,75,75,75,75,75,75,75,75,75,75,75,75,75,75,75,75,75,37,37,37,37,37,37,37],"relic_stats":{"Centennial Puzzle":[12],"counters":[13,54],"Mummified Hand":[2],"Eternal Feather":12,"PreservedInsect":79,"Juzu Bracelet":1,"Bag of Preparation":[6],"Letter Opener":[15],"Smiling Mask":25,"obtain_stats":[{"Nilry\u0027s Codex":24,"Eternal Feather":27,"PreservedInsect":12,"Omamori":4,"Juzu Bracelet":19,"Bag of Preparation":22,"Letter Opener":8,"Empty Cage":0,"Smiling Mask":9,"Burning Blood":0,"Centennial Puzzle":20,"Mummified Hand":26,"Fusion Hammer":17,"Red Skull":5,"InkBottle":14},{"Nilry\u0027s Codex":10,"Eternal Feather":11,"PreservedInsect":6,"Omamori":2,"Juzu Bracelet":9,"Bag of Preparation":10,"Letter Opener":3,"Empty Cage":0,"Smiling Mask":3,"Burning Blood":0,"Centennial Puzzle":9,"Mummified Hand":10,"Fusion Hammer":8,"Red Skull":2,"InkBottle":7},{"Nilry\u0027s Codex":35,"Eternal Feather":39,"PreservedInsect":17,"Omamori":5,"Juzu Bracelet":32,"Bag of Preparation":35,"Letter Opener":9,"Empty Cage":0,"Smiling Mask":9,"Burning Blood":0,"Centennial Puzzle":32,"Mummified Hand":35,"Fusion Hammer":28,"Red Skull":5,"InkBottle":21}],"InkBottle":[9]},"card_choices":[{"not_picked":["Heavy Blade","Anger"],"picked":"Battle Trance","floor":1},{"not_picked":["True Grit","Clothesline"],"picked":"Anger","floor":2},{"not_picked":["Searing Blow","Headbutt"],"picked":"Disarm","floor":8},{"not_picked":["Sword Boomerang","Headbutt"],"picked":"Second Wind","floor":10},{"not_picked":["Searing Blow","Hemokinesis"],"picked":"Pummel","floor":11},{"not_picked":["Bloodletting","Thunderclap","Reckless Charge"],"picked":"SKIP","floor":12},{"not_picked":["Pommel Strike","Body Slam"],"picked":"Second Wind","floor":14},{"not_picked":["Reaper","Fiend Fire"],"picked":"Immolate","floor":16},{"not_picked":["Headbutt","Wild Strike+1","Warcry+1"],"picked":"SKIP","floor":18},{"not_picked":["Headbutt","Ghostly Armor","True Grit"],"picked":"SKIP","floor":21},{"not_picked":["Headbutt","Ghostly Armor","True Grit"],"picked":"SKIP","floor":21},{"not_picked":["Rupture","Rage"],"picked":"Ghostly Armor+1","floor":27},{"not_picked":["Clothesline","Headbutt"],"picked":"Ghostly Armor+1","floor":29}],"player_experience":1966829,"relics_obtained":[{"floor":4,"key":"Omamori"},{"floor":8,"key":"Letter Opener"},{"floor":9,"key":"Smiling Mask"},{"floor":12,"key":"PreservedInsect"},{"floor":14,"key":"InkBottle"},{"floor":24,"key":"Nilry\u0027s Codex"},{"floor":26,"key":"Mummified Hand"},{"floor":27,"key":"Eternal Feather"}],"event_choices":[{"damage_healed":0,"gold_gain":75,"player_choice":"Gather Gold","damage_taken":11,"max_hp_gain":0,"max_hp_loss":0,"event_name":"World of Goop","floor":3,"gold_loss":0},{"damage_healed":0,"gold_gain":0,"player_choice":"Fled","damage_taken":0,"max_hp_gain":0,"max_hp_loss":0,"event_name":"Scrap Ooze","floor":7,"gold_loss":0},{"damage_healed":0,"gold_gain":0,"player_choice":"Stole Relic","damage_taken":0,"relics_obtained":["Juzu Bracelet"],"max_hp_gain":0,"max_hp_loss":0,"event_name":"Addict","floor":19,"gold_loss":0,"cards_obtained":["Shame"]},{"damage_healed":0,"gold_gain":0,"player_choice":"Opened","damage_taken":0,"relics_obtained":["Centennial Puzzle"],"max_hp_gain":0,"max_hp_loss":0,"event_name":"The Mausoleum","floor":20,"gold_loss":0,"cards_obtained":["Writhe"]},{"damage_healed":0,"gold_gain":0,"player_choice":"Obtained Book","damage_taken":21,"max_hp_gain":0,"max_hp_loss":0,"event_name":"Cursed Tome","floor":24,"gold_loss":0},{"damage_healed":0,"gold_gain":0,"player_choice":"Became a Ghost","damage_taken":0,"max_hp_gain":0,"max_hp_loss":38,"event_name":"Ghosts","floor":28,"gold_loss":0,"cards_obtained":["Ghostly","Ghostly","Ghostly"]},{"damage_healed":0,"gold_gain":0,"cards_transformed":["Strike_R"],"player_choice":"Transformed","damage_taken":0,"max_hp_gain":0,"max_hp_loss":0,"event_name":"Transmorgrifier","floor":30,"gold_loss":0,"cards_obtained":["Immolate"]}],"is_beta":false,"boss_relics":[{"not_picked":["Calling Bell","SlaversCollar"],"picked":"Fusion Hammer"}],"items_purged_floors":[22],"is_endless":false,"potions_floor_spawned":[10,11,12,16,29],"killed_by":"Champ","ascension_level":20}}