{"host":"xwqwvmlzre68xjvm","time":1609678621,"event":{"mods":["AchievementEnabler","BaseMod","Colored Map","Colored Powertips","Hermit","Marisa£¨Ùöéë¡¡Øª×âÞÞ£©","Minty Spire (QoL Compilation)","Replay The Spire","StSLib","SuperFastMode","The Bug Knight","The Cursed","The Hierophant","The Runesmith"],"gold_per_floor":[111,111,128,128,128,128,164,188,215,254,49,84,84,102,102,221,221,235,253,102,26,26,26,125,125,125,156,183,218,218,218,218],"floor_reached":31,"playtime":1161,"items_purged":["Strike_B","TheCursedMod:Dregs"],"score":345,"play_id":"acaed3fa-8c9b-46d2-80df-5d7f555b1cec","local_time":"20210103215701","is_ascension_mode":true,"campfire_choices":[{"data":"Dualcast","floor":6,"key":"SMITH"},{"data":"Redo","floor":15,"key":"SMITH"},{"floor":23,"key":"RECALL"},{"floor":25,"key":"REST"}],"circlet_count":0,"master_deck":["Defend_B+1","Zap+1","Dualcast+1","Ball Lightning","All For One+1","Chill","Hologram","Redo+1","Forethought","Steam","Reboot","Streamline","Seek","Turbo","Beam Cell","Go for the Eyes","Redo+1","Gash","All For One","Panic Button"],"relics":["Cracked Core","NeowsBlessing","Bloody Idol","Blood Vial","MealTicket","Toy Ornithopter","Kintsugi","Lantern","Chameleon Ring","Simple Rune","Replay:Antivirus Software"],"acts_visited":["Exordium","TheCity"],"potions_floor_usage":[10,10,16,16,21,29,31],"damage_taken":[{"damage":0,"enemies":"2 Louse","floor":1,"turns":1},{"damage":0,"enemies":"Cultist","floor":3,"turns":1},{"damage":0,"enemies":"Gremlin Nob","floor":7,"turns":1},{"damage":2,"enemies":"Jaw Worm","floor":8,"turns":3},{"damage":11,"enemies":"Lagavulin","floor":10,"turns":5},{"damage":13,"enemies":"3 Sentries","floor":12,"turns":7},{"damage":0,"enemies":"Blue Slaver","floor":14,"turns":2},{"damage":16,"enemies":"Hexaghost","floor":16,"turns":8},{"damage":14,"enemies":"2 Thieves","floor":18,"turns":3},{"damage":2,"enemies":"Spheric Guardian","floor":19,"turns":3},{"damage":65,"enemies":"Cultist and Chosen","floor":21,"turns":7},{"damage":23,"enemies":"Book of Stabbing","floor":27,"turns":4},{"damage":4,"enemies":"Gremlin Leader","floor":29,"turns":5},{"damage":33,"enemies":"Slavers","floor":31,"turns":4}],"seed_played":"8432392664544954463","potions_obtained":[{"floor":7,"key":"FearPotion"},{"floor":8,"key":"ColorlessPotion"},{"floor":10,"key":"SkillPotion"},{"floor":13,"key":"Fire Potion"},{"floor":13,"key":"Toxic Potion"},{"floor":16,"key":"AttackPotion"},{"floor":29,"key":"DuplicationPotion"}],"is_trial":false,"path_per_floor":["M","?","M","?","?","R","E","M","T","E","$","E","?","M","R","B",null,"M","M","$","M","?","R","?","R","T","E","T","E","?","E"],"character_chosen":"DEFECT","items_purchased":["Forethought","Steam","Go for the Eyes"],"campfire_rested":1,"item_purchase_floors":[11,11,20],"current_hp_per_floor":[75,75,75,60,42,42,42,42,42,33,48,37,37,39,39,35,75,61,61,75,15,15,15,15,37,37,16,16,19,19,0,0],"gold":218,"neow_bonus":"THREE_ENEMY_KILL","is_daily":false,"chose_seed":false,"campfire_upgraded":2,"win_rate":0.0,"timestamp":1609678621,"path_taken":["M","?","?","?","?","R","E","M","T","E","$","E","?","M","R","BOSS","M","?","$","M","?","R","?","R","T","E","?","E","?","E"],"items_purchased_type":["Card","Card","Card"],"build_version":"2020-12-22","purchased_purges":2,"victory":false,"max_hp_per_floor":[75,75,75,75,75,75,75,75,75,75,75,75,75,75,75,75,75,75,75,75,75,75,75,75,75,75,75,75,75,75,75,75],"card_choices":[{"not_picked":["Leap","Stack"],"picked":"Ball Lightning","floor":1},{"not_picked":["Rebound","Coolheaded"],"picked":"All For One","floor":3},{"not_picked":["Heatsinks","Hyperbeam"],"picked":"Chill","floor":7},{"not_picked":["Coolheaded","Barrage"],"picked":"Hologram","floor":8},{"not_picked":["ReplayTheSpireMod:GoodbyeWorld","Sweeping Beam"],"picked":"Redo","floor":10},{"not_picked":["Steam","Turbo"],"picked":"Reboot","floor":12},{"not_picked":["ReplayTheSpireMod:System Scan","Hello World"],"picked":"Streamline","floor":14},{"not_picked":["Creative AI","Thunder Strike"],"picked":"Seek","floor":16},{"not_picked":["Time Bomb","Barrage"],"picked":"Turbo","floor":18},{"not_picked":["Steam+1","Creative AI"],"picked":"Beam Cell","floor":19},{"not_picked":["Rebound","Double Energy"],"picked":"Redo+1","floor":21},{"not_picked":["Rip and Tear+1","Doom and Gloom"],"picked":"All For One","floor":27},{"not_picked":["Darkness","Conserve Battery"],"picked":"Panic Button","floor":29}],"player_experience":60406,"relics_obtained":[{"floor":7,"key":"Blood Vial"},{"floor":10,"key":"MealTicket"},{"floor":12,"key":"Toy Ornithopter"},{"floor":26,"key":"Lantern"},{"floor":27,"key":"Chameleon Ring"},{"floor":28,"key":"Simple Rune"},{"floor":29,"key":"Replay:Antivirus Software"}],"event_choices":[{"cards_removed":["Strike_B"],"damage_healed":0,"gold_gain":0,"player_choice":"Purged","damage_taken":0,"max_hp_gain":0,"max_hp_loss":0,"event_name":"Purifier","floor":2,"gold_loss":0},{"damage_healed":0,"gold_gain":0,"player_choice":"Entered Light","damage_taken":15,"max_hp_gain":0,"max_hp_loss":0,"event_name":"Shining Light","floor":4,"gold_loss":0,"cards_upgraded":["Zap","All For One"]},{"damage_healed":0,"gold_gain":0,"player_choice":"Take Damage","damage_taken":18,"relics_obtained":["Golden Idol"],"max_hp_gain":0,"max_hp_loss":0,"event_name":"Golden Idol","floor":5,"gold_loss":0},{"damage_healed":0,"gold_gain":0,"player_choice":"Got Potions","damage_taken":0,"max_hp_gain":0,"max_hp_loss":0,"event_name":"Lab","floor":13,"gold_loss":0},{"damage_healed":0,"gold_gain":0,"player_choice":"Read","damage_taken":0,"max_hp_gain":0,"max_hp_loss":0,"event_name":"The Library","floor":22,"gold_loss":0,"cards_obtained":["Gash"]},{"damage_healed":0,"gold_gain":99,"player_choice":"Stole From Cult","damage_taken":0,"max_hp_gain":0,"max_hp_loss":0,"event_name":"Nest","floor":24,"gold_loss":0},{"damage_healed":0,"gold_gain":0,"player_choice":"Gave Idol","damage_taken":0,"relics_obtained":["Bloody Idol"],"max_hp_gain":0,"max_hp_loss":0,"event_name":"Forgotten Altar","floor":30,"relics_lost":["Golden Idol"],"gold_loss":0}],"is_beta":false,"boss_relics":[{"not_picked":["Philosopher\u0027s Stone","SacredBark"],"picked":"Kintsugi"}],"items_purged_floors":[11,20],"is_endless":false,"potions_floor_spawned":[7,8,10,16,29],"killed_by":"Slavers","ascension_level":2}}