{"host":"2yqfi47fogfu1ic4","time":1609690611,"event":{"mods":["AchievementEnabler","BaseMod","Colored Map","Colored Powertips","Highlight Path","Minty Spire (QoL Compilation)","Permanent Neow","Relic Stats","StSLib"],"gold_per_floor":[109,120,134,134,114,148,148,167,167,187,187,25,43,61,61,138,138,151,151,151,72,42,75,85,85,110,110,129,129,129,143,143,216,216,229,248,248,258,258,258],"floor_reached":39,"playtime":4707,"items_purged":[],"score":810,"play_id":"a344b8ee-7fd9-40be-9fc4-0d8660206e93","local_time":"20210103171651","is_ascension_mode":true,"campfire_choices":[{"floor":7,"key":"REST"},{"data":"Poisoned Stab","floor":11,"key":"SMITH"},{"data":"Bouncing Flask","floor":15,"key":"SMITH"},{"data":"Well Laid Plans","floor":32,"key":"SMITH"}],"circlet_count":0,"master_deck":["AscendersBane","Strike_G+1","Strike_G+1","Strike_G+1","Strike_G+1","Defend_G+1","Defend_G+1","Defend_G+1","Defend_G+1","Survivor","Neutralize","Deadly Poison","Sucker Punch","PiercingWail+1","Flying Knee","Poisoned Stab+1","Calculated Gamble","Blur","Burst","Leg Sweep","Crippling Poison","Bouncing Flask+1","Burst","Writhe","Well Laid Plans+1","Backflip","Bouncing Flask","PiercingWail","Ghostly","Ghostly","Ghostly","Acrobatics","Malaise","Backflip+1"],"relics":["Ring of the Snake","Lantern","Singing Bowl","Orrery","SlaversCollar","Blue Candle","Bottled Tornado","Centennial Puzzle","Paper Crane","HoveringKite"],"acts_visited":["Exordium","TheCity","TheBeyond"],"potions_floor_usage":[23,23,23,33,38,38],"damage_taken":[{"damage":0,"enemies":"2 Louse","floor":1,"turns":4},{"damage":3,"enemies":"Cultist","floor":2,"turns":5},{"damage":3,"enemies":"Small Slimes","floor":3,"turns":3},{"damage":34,"enemies":"3 Sentries","floor":6,"turns":11},{"damage":2,"enemies":"Looter","floor":8,"turns":3},{"damage":0,"enemies":"Exordium Wildlife","floor":10,"turns":3},{"damage":0,"enemies":"Exordium Thugs","floor":13,"turns":5},{"damage":7,"enemies":"3 Louse","floor":14,"turns":4},{"damage":1,"enemies":"Hexaghost","floor":16,"turns":8},{"damage":0,"enemies":"Chosen","floor":18,"turns":5},{"damage":6,"enemies":"2 Thieves","floor":22,"turns":4},{"damage":9,"enemies":"Gremlin Leader","floor":23,"turns":7},{"damage":6,"enemies":"Centurion and Healer","floor":24,"turns":7},{"damage":5,"enemies":"Cultist and Chosen","floor":28,"turns":7},{"damage":4,"enemies":"Snake Plant","floor":31,"turns":4},{"damage":6,"enemies":"Champ","floor":33,"turns":13},{"damage":0,"enemies":"3 Shapes","floor":35,"turns":8},{"damage":0,"enemies":"Orb Walker","floor":36,"turns":6},{"damage":27,"enemies":"3 Darklings","floor":38,"turns":16},{"damage":11,"enemies":"Spire Growth","floor":39,"turns":5}],"seed_played":"3941839526856514216","potions_obtained":[{"floor":2,"key":"Ancient Potion"},{"floor":5,"key":"EntropicBrew"},{"floor":10,"key":"LiquidMemories"},{"floor":24,"key":"Block Potion"},{"floor":28,"key":"PowerPotion"},{"floor":35,"key":"Poison Potion"}],"is_trial":false,"path_per_floor":["M","M","M","?","?","E","R","M","T","M","R","$","M","M","R","B",null,"M","?","?","$","M","E","M","?","T","?","M","T","?","M","R","B",null,"M","M","?","M","M"],"character_chosen":"THE_SILENT","items_purchased":["Orrery","Well Laid Plans"],"campfire_rested":1,"item_purchase_floors":[12,21],"current_hp_per_floor":[59,56,53,35,35,1,19,17,17,19,19,23,23,18,18,17,55,57,57,57,57,51,42,36,35,35,35,32,32,32,30,30,24,35,37,37,37,12,1,1],"gold":258,"neow_bonus":"TRANSFORM_TWO_CARDS","is_daily":false,"chose_seed":false,"campfire_upgraded":3,"win_rate":0.0,"timestamp":1609690611,"path_taken":["M","M","M","?","?","E","R","?","T","M","R","?","M","M","R","BOSS","M","?","?","?","M","E","?","?","T","?","M","?","?","M","R","BOSS","M","M","?","M","M"],"items_purchased_type":["Relic","Card"],"build_version":"2020-12-22","purchased_purges":0,"victory":false,"max_hp_per_floor":[60,60,60,60,60,60,60,60,60,62,62,66,66,68,68,68,68,70,70,70,70,70,70,70,35,35,35,37,37,37,39,39,39,39,41,41,41,43,43,43],"relic_stats":{"Centennial Puzzle":[15],"Singing Bowl":18,"counters":[20,128],"Blue Candle":[4],"HoveringKite":[12],"obtain_stats":[{"SlaversCollar":17,"Lantern":6,"Centennial Puzzle":26,"Singing Bowl":9,"Blue Candle":19,"Orrery":12,"HoveringKite":34,"Bottled Tornado":23,"Paper Crane":29,"Ring of the Snake":0},{"SlaversCollar":9,"Lantern":4,"Centennial Puzzle":13,"Singing Bowl":5,"Blue Candle":10,"Orrery":6,"HoveringKite":16,"Bottled Tornado":12,"Paper Crane":14,"Ring of the Snake":0},{"SlaversCollar":46,"Lantern":23,"Centennial Puzzle":69,"Singing Bowl":26,"Blue Candle":51,"Orrery":29,"HoveringKite":93,"Bottled Tornado":62,"Paper Crane":76,"Ring of the Snake":0}],"Ring of the Snake":[40]},"card_choices":[{"not_picked":["Slice","Cloak And Dagger"],"picked":"PiercingWail","floor":1},{"not_picked":["Prepared","Deflect"],"picked":"Flying Knee","floor":2},{"not_picked":["Finisher","Dash"],"picked":"Poisoned Stab","floor":3},{"not_picked":["Skewer","Flying Knee"],"picked":"Calculated Gamble","floor":6},{"not_picked":["Bane","Dagger Spray"],"picked":"Blur","floor":8},{"not_picked":["Slice","Underhanded Strike","Outmaneuver"],"picked":"Singing Bowl","floor":10},{"not_picked":["Backflip","Poisoned Stab"],"picked":"Burst","floor":12},{"not_picked":["Flying Knee","A Thousand Cuts","Setup"],"picked":"Singing Bowl","floor":12},{"not_picked":["Slice","Choke"],"picked":"Leg Sweep","floor":12},{"not_picked":["Quick Slash","Calculated Gamble","Cloak And Dagger"],"picked":"Singing Bowl","floor":12},{"not_picked":["Leg Sweep","Distraction"],"picked":"Crippling Poison","floor":12},{"not_picked":["Calculated Gamble","Endless Agony"],"picked":"Bouncing Flask","floor":13},{"not_picked":["Flechettes","Deadly Poison","Prepared"],"picked":"Singing Bowl","floor":14},{"not_picked":["Glass Knife","Malaise"],"picked":"Burst","floor":16},{"not_picked":["Cloak And Dagger","Poisoned Stab","Endless Agony"],"picked":"Singing Bowl","floor":18},{"not_picked":["Crippling Poison","Dodge and Roll"],"picked":"Backflip","floor":22},{"not_picked":["Eviscerate","Cloak And Dagger"],"picked":"Bouncing Flask","floor":23},{"not_picked":["Deflect","Die Die Die"],"picked":"PiercingWail","floor":24},{"not_picked":["Leg Sweep","Backflip","Dagger Throw"],"picked":"Singing Bowl","floor":28},{"not_picked":["Terror","Flying Knee","Escape Plan"],"picked":"Singing Bowl","floor":31},{"not_picked":["Unload","Tools of the Trade"],"picked":"Malaise","floor":33},{"not_picked":["Flechettes+1","Backstab","Cloak And Dagger"],"picked":"Singing Bowl","floor":35},{"not_picked":["Deadly Poison","Dodge and Roll"],"picked":"Backflip+1","floor":36},{"not_picked":["Blade Dance","Infinite Blades","Endless Agony"],"picked":"Singing Bowl","floor":38}],"player_experience":2031261,"relics_obtained":[{"floor":6,"key":"Lantern"},{"floor":9,"key":"Singing Bowl"},{"floor":23,"key":"Bottled Tornado"},{"floor":26,"key":"Centennial Puzzle"},{"floor":29,"key":"Paper Crane"}],"event_choices":[{"damage_healed":0,"gold_gain":0,"player_choice":"Entered Light","damage_taken":18,"max_hp_gain":0,"max_hp_loss":0,"event_name":"Shining Light","floor":4,"gold_loss":0,"cards_upgraded":["PiercingWail","Defend_G"]},{"damage_healed":0,"gold_gain":0,"player_choice":"Bought 1 Potion","damage_taken":0,"max_hp_gain":0,"max_hp_loss":0,"event_name":"The Woman in Blue","floor":5,"gold_loss":0},{"damage_healed":0,"gold_gain":0,"player_choice":"Opened","damage_taken":0,"relics_obtained":["Blue Candle"],"max_hp_gain":0,"max_hp_loss":0,"event_name":"The Mausoleum","floor":19,"gold_loss":0,"cards_obtained":["Writhe"]},{"damage_healed":0,"gold_gain":0,"player_choice":"Ignored","damage_taken":0,"max_hp_gain":0,"max_hp_loss":0,"event_name":"Vampires","floor":20,"gold_loss":0},{"damage_healed":0,"gold_gain":0,"player_choice":"Became a Ghost","damage_taken":0,"max_hp_gain":0,"max_hp_loss":35,"event_name":"Ghosts","floor":25,"gold_loss":0,"cards_obtained":["Ghostly","Ghostly","Ghostly"]},{"damage_healed":0,"gold_gain":0,"player_choice":"Simplicity","damage_taken":0,"max_hp_gain":0,"max_hp_loss":0,"event_name":"Back to Basics","floor":27,"gold_loss":0,"cards_upgraded":["Strike_G","Strike_G","Strike_G","Strike_G","Defend_G","Defend_G","Defend_G"]},{"damage_healed":0,"gold_gain":0,"player_choice":"Read","damage_taken":0,"max_hp_gain":0,"max_hp_loss":0,"event_name":"The Library","floor":30,"gold_loss":0,"cards_obtained":["Acrobatics"]},{"damage_healed":0,"gold_gain":0,"player_choice":"Ignored","damage_taken":0,"max_hp_gain":0,"max_hp_loss":0,"event_name":"Tomb of Lord Red Mask","floor":37,"gold_loss":0}],"is_beta":false,"boss_relics":[{"not_picked":["Black Star","Velvet Choker"],"picked":"SlaversCollar"},{"not_picked":["Sozu","Empty Cage"],"picked":"HoveringKite"}],"items_purged_floors":[],"is_endless":false,"potions_floor_spawned":[2,10,18,24,28,35,36],"killed_by":"Spire Growth","ascension_level":20}}