{"host":"rbccvrvdyhsypb23","time":1609649227,"event":{"mods":["AchievementEnabler","Act Like it!","Aspiration","BaseMod","Better Third Choice","BetterRewards","Friendly Minions","Hubris","Infinite Spire","Ironclad Rager","KomeijiMod","Lobotomy","LobotomyExtend","Minty Spire (QoL Compilation)","Replay The Spire","Shade Mod","StSLib","The Blackbeard","The Mystic","Wandering Minibosses","vexMod"],"gold_per_floor":[117,130,146,165,165,165,165],"floor_reached":6,"playtime":376,"items_purged":[],"score":38,"play_id":"51abd5bb-cf95-482e-855f-760b91a10eb6","local_time":"20210103074707","is_ascension_mode":false,"campfire_choices":[],"circlet_count":0,"master_deck":["SpecialBullet","SpecialBullet","SpecialBullet","SpecialBullet","SpecialBullet","SpecialBullet","SpecialBullet","SpecialBullet","TrainingCode","WelfareCode","ControlCode","Ecstasy","Lantern","OSAHOGD","Penitence","Decay"],"relics":["CogitoBucket","vexMod:RetaliationKit","Replay:Towering Pillar of Hats","Sling","LetterFromLob"],"acts_visited":["Exordium"],"potions_floor_usage":[6],"damage_taken":[{"damage":11,"enemies":"Jaw Worm","floor":1,"turns":2},{"damage":9,"enemies":"Cultist","floor":2,"turns":2},{"damage":7,"enemies":"Small Slimes","floor":3,"turns":3},{"damage":13,"enemies":"2 Fungi Beasts","floor":4,"turns":4},{"damage":31,"enemies":"Lagavulin","floor":6,"turns":4}],"seed_played":"-502371463107502912","potions_obtained":[{"floor":2,"key":"SpeedPotion"},{"floor":3,"key":"Toxic Potion"}],"is_trial":false,"path_per_floor":["M","M","M","M","?","E"],"character_chosen":"Angela","items_purchased":["Replay:Towering Pillar of Hats","Sling","Ecstasy"],"campfire_rested":0,"item_purchase_floors":[0,0,0],"current_hp_per_floor":[59,50,43,30,30,0,0],"gold":165,"neow_bonus":"","is_daily":false,"chose_seed":false,"campfire_upgraded":0,"win_rate":0.0,"timestamp":1609649227,"path_taken":["M","M","M","M","?","E"],"items_purchased_type":["Relic","Relic","Card"],"build_version":"2020-12-22","purchased_purges":0,"victory":false,"max_hp_per_floor":[70,70,70,70,70,70,70],"card_choices":[{"not_picked":["Diffraction","Lamp"],"picked":"SKIP","floor":1},{"not_picked":["CrumblingArmor","VoidDream"],"picked":"OSAHOGD","floor":2},{"not_picked":["LifeForTheDareDevil","WristCuter"],"picked":"SKIP","floor":2},{"not_picked":["Tough"],"picked":"Penitence","floor":3},{"not_picked":["Mimicry","CherryBlossom"],"picked":"SKIP","floor":4}],"player_experience":545963,"relics_obtained":[{"floor":1,"key":"LetterFromLob"}],"event_choices":[{"damage_healed":0,"gold_gain":0,"player_choice":"Cursed","damage_taken":0,"max_hp_gain":0,"max_hp_loss":0,"event_name":"Wheel of Change","floor":5,"gold_loss":0,"cards_obtained":["Decay"]}],"is_beta":false,"boss_relics":[],"items_purged_floors":[],"is_endless":false,"potions_floor_spawned":[2,3],"killed_by":"Lagavulin","ascension_level":0}}