{"host":"j0vzbnzm6n2ctevn","time":1609657686,"event":{"mods":["AchievementEnabler","BaseMod","Minty Spire (QoL Compilation)","Quick Restart","Shop Mod","Spicy Shops","StSLib"],"gold_per_floor":[135,16,191,224,224,224,257,10,310,351,417,492,542,556,556,556,556],"floor_reached":16,"playtime":537,"items_purged":["Strike_R"],"score":140,"play_id":"42f321ca-53cd-441f-ae02-9429fcb1ad16","local_time":"20210103150806","is_ascension_mode":true,"campfire_choices":[{"data":"HandOfGreed","floor":6,"key":"SMITH"},{"data":"Shrug It Off","floor":15,"key":"SMITH"}],"circlet_count":0,"master_deck":["Strike_R","Strike_R","Strike_R","Strike_R","Defend_R","Defend_R","Defend_R","Defend_R","Bash","HandOfGreed+1","Sword Boomerang","Shrug It Off+1","Doubt","Heavy Blade","Flex+1","Headbutt","Sword Boomerang","Shockwave+1","Twin Strike+1","Dual Wield+1","Heavy Blade+1"],"relics":["Burning Blood","Golden Idol","Toxic Egg 2","Vajra","Brimstone","Old Coin","Molten Egg 2"],"acts_visited":["Exordium"],"potions_floor_usage":[4,16,16],"damage_taken":[{"damage":11,"enemies":"Jaw Worm","floor":1,"turns":6},{"damage":0,"enemies":"Cultist","floor":4,"turns":3},{"damage":42,"enemies":"Gremlin Nob","floor":7,"turns":5},{"damage":0,"enemies":"Small Slimes","floor":10,"turns":1},{"damage":11,"enemies":"3 Sentries","floor":11,"turns":4},{"damage":0,"enemies":"2 Fungi Beasts","floor":12,"turns":2},{"damage":0,"enemies":"Large Slime","floor":13,"turns":2},{"damage":0,"enemies":"Red Slaver","floor":14,"turns":2},{"damage":40,"enemies":"The Guardian","floor":16,"turns":4}],"seed_played":"8983820428835134904","potions_obtained":[{"floor":1,"key":"SteroidPotion"},{"floor":7,"key":"ColorlessPotion"},{"floor":10,"key":"Block Potion"},{"floor":13,"key":"LiquidMemories"}],"is_trial":false,"path_per_floor":["M","$","?","M","?","R","E","$","T","M","E","M","M","M","R","B"],"character_chosen":"IRONCLAD","items_purchased":["Shrug It Off","Vajra","Headbutt","Brimstone"],"campfire_rested":0,"item_purchase_floors":[2,8,8,8],"current_hp_per_floor":[67,67,67,72,54,54,18,18,18,24,19,25,31,37,37,0,0],"gold":556,"neow_bonus":"RANDOM_COLORLESS_2","is_daily":false,"chose_seed":false,"campfire_upgraded":2,"win_rate":0.0,"timestamp":1609657686,"path_taken":["M","$","?","M","?","R","E","?","T","M","E","?","M","M","R","BOSS"],"items_purchased_type":["Card","Relic","Card","Relic"],"build_version":"2020-12-22","purchased_purges":1,"victory":false,"max_hp_per_floor":[72,72,72,72,72,72,72,72,72,72,72,72,72,72,72,72,72],"card_choices":[{"not_picked":["Secret Weapon","Master of Strategy"],"picked":"HandOfGreed","floor":0},{"not_picked":["True Grit","Metallicize"],"picked":"Sword Boomerang","floor":1},{"not_picked":["Hemokinesis","Carnage"],"picked":"Heavy Blade","floor":4},{"not_picked":["Sword Boomerang","Clash"],"picked":"Flex+1","floor":7},{"not_picked":["Body Slam","Rupture"],"picked":"Sword Boomerang","floor":10},{"not_picked":["Shrug It Off+1","Second Wind+1"],"picked":"Shockwave+1","floor":11},{"not_picked":["Dark Embrace","Sword Boomerang+1"],"picked":"Twin Strike+1","floor":12},{"not_picked":["Warcry+1","Iron Wave+1"],"picked":"Dual Wield+1","floor":13},{"not_picked":["Twin Strike+1","Thunderclap+1"],"picked":"Heavy Blade+1","floor":14}],"player_experience":100512,"relics_obtained":[{"floor":7,"key":"Toxic Egg 2"},{"floor":9,"key":"Old Coin"},{"floor":11,"key":"Molten Egg 2"}],"event_choices":[{"damage_healed":0,"gold_gain":175,"player_choice":"AGREE","damage_taken":0,"max_hp_gain":0,"max_hp_loss":0,"event_name":"Liars Game","floor":3,"gold_loss":0,"cards_obtained":["Doubt"]},{"damage_healed":0,"gold_gain":0,"player_choice":"Take Damage","damage_taken":18,"relics_obtained":["Golden Idol"],"max_hp_gain":0,"max_hp_loss":0,"event_name":"Golden Idol","floor":5,"gold_loss":0}],"is_beta":false,"boss_relics":[],"items_purged_floors":[2],"is_endless":false,"potions_floor_spawned":[1,7,10,13],"killed_by":"The Guardian","ascension_level":5}}