{"host":"p6y17sixyu8q9v1f","time":1609679483,"event":{"mods":["BaseMod","Colored Map","Minty Spire (QoL Compilation)"],"gold_per_floor":[111,122,122,47,57,99,99,128,128,128,128,128],"floor_reached":11,"playtime":534,"items_purged":["Defend_R"],"score":91,"play_id":"52c4feb1-1a66-4a53-8873-47c2903560a8","local_time":"20210103071123","is_ascension_mode":true,"campfire_choices":[{"data":"Armaments","floor":7,"key":"SMITH"},{"data":"Metallicize","floor":10,"key":"SMITH"}],"circlet_count":0,"master_deck":["Strike_R","Strike_R","Strike_R","Strike_R","Strike_R","Defend_R","Defend_R","Defend_R","Bash","Reaper","Whirlwind","Metallicize+1","Armaments+1","Intimidate","Pommel Strike"],"relics":["Burning Blood","CeramicFish","Smiling Mask"],"acts_visited":["Exordium"],"potions_floor_usage":[6,8],"damage_taken":[{"damage":6,"enemies":"Cultist","floor":1,"turns":4},{"damage":9,"enemies":"Small Slimes","floor":2,"turns":4},{"damage":2,"enemies":"2 Louse","floor":5,"turns":2},{"damage":46,"enemies":"Gremlin Nob","floor":6,"turns":5},{"damage":8,"enemies":"Exordium Thugs","floor":8,"turns":4},{"damage":63,"enemies":"Lagavulin","floor":11,"turns":11}],"seed_played":"89405392369043062","potions_obtained":[{"floor":1,"key":"FearPotion"},{"floor":6,"key":"Energy Potion"},{"floor":8,"key":"LiquidMemories"}],"is_trial":false,"path_per_floor":["M","M","?","$","M","E","R","M","T","R","E"],"character_chosen":"IRONCLAD","items_purchased":[],"campfire_rested":0,"item_purchase_floors":[],"current_hp_per_floor":[80,77,80,80,80,46,46,47,47,47,0,0],"gold":128,"neow_bonus":"ONE_RANDOM_RARE_CARD","is_daily":false,"chose_seed":false,"campfire_upgraded":2,"win_rate":0.0,"timestamp":1609679483,"path_taken":["M","M","?","$","M","E","R","?","T","R","E"],"items_purchased_type":[],"build_version":"2020-12-22","purchased_purges":1,"victory":false,"max_hp_per_floor":[80,80,80,80,80,80,80,80,80,80,80,80],"card_choices":[{"not_picked":["Ghostly Armor","Dropkick"],"picked":"Whirlwind","floor":1},{"not_picked":["Warcry","Heavy Blade"],"picked":"Metallicize","floor":2},{"not_picked":["Sever Soul","Heavy Blade"],"picked":"Armaments","floor":5},{"not_picked":["Burning Pact","Carnage"],"picked":"Intimidate","floor":6},{"not_picked":["Intimidate","Limit Break"],"picked":"Pommel Strike","floor":8}],"player_experience":890323,"relics_obtained":[{"floor":6,"key":"CeramicFish"},{"floor":9,"key":"Smiling Mask"}],"event_choices":[{"damage_healed":3,"gold_gain":0,"player_choice":"Full Heal","damage_taken":0,"max_hp_gain":0,"max_hp_loss":0,"event_name":"Wheel of Change","floor":3,"gold_loss":0}],"is_beta":false,"boss_relics":[],"items_purged_floors":[4],"is_endless":false,"potions_floor_spawned":[1,6,8],"killed_by":"Lagavulin","ascension_level":5}}