{"host":"j0vzbnzm6n2ctevn","time":1609658023,"event":{"mods":["AchievementEnabler","BaseMod","Minty Spire (QoL Compilation)","Quick Restart","Shop Mod","Spicy Shops","StSLib"],"gold_per_floor":[110,35,110,110,125,125,138,138,138,148,51,51,51],"floor_reached":12,"playtime":326,"items_purged":["Strike_R"],"score":85,"play_id":"cc5ee869-9c47-445d-a201-783e0a7a00ff","local_time":"20210103151343","is_ascension_mode":true,"campfire_choices":[{"data":"Armaments","floor":6,"key":"SMITH"},{"data":"Barricade","floor":8,"key":"SMITH"}],"circlet_count":0,"master_deck":["Strike_R","Strike_R","Strike_R","Strike_R","Defend_R","Defend_R","Defend_R","Defend_R","Bash","Barricade+1","Body Slam","Regret","Armaments+1","Fire Breathing","Armaments","Body Slam"],"relics":["Burning Blood","FossilizedHelix","Kunai","Happy Flower"],"acts_visited":["Exordium"],"potions_floor_usage":[10,12],"damage_taken":[{"damage":2,"enemies":"2 Louse","floor":1,"turns":4},{"damage":19,"enemies":"Jaw Worm","floor":5,"turns":6},{"damage":2,"enemies":"Small Slimes","floor":7,"turns":4},{"damage":0,"enemies":"Looter","floor":10,"turns":3},{"damage":74,"enemies":"Gremlin Nob","floor":12,"turns":5}],"seed_played":"2605608564244591116","potions_obtained":[{"floor":5,"key":"SteroidPotion"},{"floor":7,"key":"Block Potion"},{"floor":10,"key":"AttackPotion"}],"is_trial":false,"path_per_floor":["M","$","?","?","M","R","M","R","T","M","$","E"],"character_chosen":"IRONCLAD","items_purchased":["Happy Flower","Body Slam"],"campfire_rested":0,"item_purchase_floors":[11,11],"current_hp_per_floor":[80,80,69,69,56,56,60,60,60,66,66,0,0],"gold":51,"neow_bonus":"ONE_RANDOM_RARE_CARD","is_daily":false,"chose_seed":false,"campfire_upgraded":2,"win_rate":0.0,"timestamp":1609658023,"path_taken":["M","$","?","?","M","R","M","R","T","M","?","E"],"items_purchased_type":["Relic","Card"],"build_version":"2020-12-22","purchased_purges":1,"victory":false,"max_hp_per_floor":[80,80,80,80,80,80,80,80,80,80,80,80,80],"card_choices":[{"not_picked":["Cleave","Clothesline"],"picked":"Body Slam","floor":1},{"not_picked":["Intimidate","Uppercut"],"picked":"Armaments","floor":5},{"not_picked":["Battle Trance","Warcry"],"picked":"Fire Breathing","floor":7},{"not_picked":["Sword Boomerang","Heavy Blade"],"picked":"Armaments","floor":10}],"player_experience":100512,"relics_obtained":[{"floor":9,"key":"Kunai"}],"event_choices":[{"damage_healed":0,"gold_gain":75,"player_choice":"Gather Gold","damage_taken":11,"max_hp_gain":0,"max_hp_loss":0,"event_name":"World of Goop","floor":3,"gold_loss":0},{"damage_healed":0,"gold_gain":0,"player_choice":"Box","damage_taken":0,"relics_obtained":["FossilizedHelix"],"max_hp_gain":0,"max_hp_loss":0,"event_name":"Big Fish","floor":4,"gold_loss":0,"cards_obtained":["Regret"]}],"is_beta":false,"boss_relics":[],"items_purged_floors":[2],"is_endless":false,"potions_floor_spawned":[5,7,10],"killed_by":"Gremlin Nob","ascension_level":5}}