{"host":"37dk0reb6x0du8wx","time":1609687295,"event":{"mods":["BaseMod","Colored Map","DeckTracker","Minty Spire (QoL Compilation)","Quick Restart","StSLib"],"gold_per_floor":[112,287,361,361,377,377,70,70,70,70,22,35,35,53,53,153,153,164,183,183,183,183],"floor_reached":21,"playtime":546,"items_purged":[],"score":184,"play_id":"1fd32fa1-8511-4ebd-8c01-1190a88dd425","local_time":"20210104002135","is_ascension_mode":true,"campfire_choices":[{"data":"Zap","floor":6,"key":"SMITH"},{"floor":8,"key":"REST"},{"data":"Defragment","floor":10,"key":"SMITH"},{"data":"Leap","floor":13,"key":"SMITH"},{"data":"Dualcast","floor":15,"key":"SMITH"}],"circlet_count":0,"master_deck":["Strike_B","Strike_B","Strike_B","Defend_B","Defend_B","Defend_B","Defend_B","Zap+1","Dualcast+1","Defragment+1","Doubt","Leap+1"],"relics":["Cracked Core","Bag of Preparation","Mercury Hourglass","Torii","CaptainsWheel","Sozu"],"acts_visited":["Exordium","TheCity"],"potions_floor_usage":[],"damage_taken":[{"damage":1,"enemies":"Cultist","floor":1,"turns":3},{"damage":2,"enemies":"Jaw Worm","floor":5,"turns":3},{"damage":0,"enemies":"2 Louse","floor":12,"turns":2},{"damage":1,"enemies":"Gremlin Gang","floor":14,"turns":3},{"damage":10,"enemies":"The Guardian","floor":16,"turns":12},{"damage":0,"enemies":"Spheric Guardian","floor":18,"turns":4},{"damage":8,"enemies":"3 Byrds","floor":19,"turns":5},{"damage":72,"enemies":"Centurion and Healer","floor":21,"turns":11}],"seed_played":"8104461015413902998","potions_obtained":[{"floor":1,"key":"PotionOfCapacity"},{"floor":14,"key":"Swift Potion"},{"floor":16,"key":"Dexterity Potion"}],"is_trial":false,"path_per_floor":["M","?","T","?","M","R","$","R","T","R","$","M","R","M","R","B",null,"M","M","?","M"],"character_chosen":"DEFECT","items_purchased":["Torii","Leap"],"campfire_rested":1,"item_purchase_floors":[7,11],"current_hp_per_floor":[74,74,74,67,65,65,65,75,75,75,75,75,75,74,74,64,75,75,67,61,0,0],"gold":183,"neow_bonus":"RANDOM_COMMON_RELIC","is_daily":false,"chose_seed":false,"campfire_upgraded":4,"win_rate":0.0,"timestamp":1609687295,"path_taken":["M","?","?","?","M","R","$","R","T","R","?","?","R","M","R","BOSS","M","?","?","M"],"items_purchased_type":["Relic","Card"],"build_version":"2020-12-22","purchased_purges":0,"victory":false,"max_hp_per_floor":[75,75,75,75,75,75,75,75,75,75,75,75,75,75,75,75,75,75,75,75,75,75],"card_choices":[{"not_picked":["Storm","Rebound"],"picked":"Defragment","floor":1},{"not_picked":["Rebound","Steam Power","Storm"],"picked":"SKIP","floor":5},{"not_picked":["Redo","Rip and Tear","Compile Driver"],"picked":"SKIP","floor":12},{"not_picked":["Redo","Turbo","Sweeping Beam"],"picked":"SKIP","floor":14},{"not_picked":["Chill","Compile Driver+1","Aggregate+1"],"picked":"SKIP","floor":18},{"not_picked":["Rebound+1","Reprogram","Steam"],"picked":"SKIP","floor":19}],"player_experience":141583,"relics_obtained":[{"floor":3,"key":"Mercury Hourglass"},{"floor":9,"key":"CaptainsWheel"}],"event_choices":[{"damage_healed":0,"gold_gain":175,"player_choice":"AGREE","damage_taken":0,"max_hp_gain":0,"max_hp_loss":0,"event_name":"Liars Game","floor":2,"gold_loss":0,"cards_obtained":["Doubt"]},{"cards_removed":["Strike_B"],"damage_healed":0,"gold_gain":0,"player_choice":"Card Removal","damage_taken":7,"max_hp_gain":0,"max_hp_loss":0,"event_name":"Golden Wing","floor":4,"gold_loss":0},{"damage_healed":0,"gold_gain":0,"player_choice":"","damage_taken":6,"max_hp_gain":0,"max_hp_loss":0,"event_name":"Knowing Skull","floor":20,"potions_obtained":[],"gold_loss":0,"cards_obtained":[]}],"is_beta":false,"boss_relics":[{"not_picked":["Tiny House","Ectoplasm"],"picked":"Sozu"}],"items_purged_floors":[],"is_endless":false,"potions_floor_spawned":[1,14,16,18],"killed_by":"Centurion and Healer","ascension_level":2}}