{"host":"akjsb4vg7478j4ls","time":1609655584,"event":{"mods":["BaseMod","Colored Map","Colored Powertips","Minty Spire (QoL Compilation)","Rare Cards Sparkle"],"gold_per_floor":[114,114,114,127,139,139,153,153,233,265,265,110,126,3,3,108,108,121,121,132,20,38,38,52,52,52,52,72,83,98,10,10,106,106,120,7,7,7,24,24,44,57,81,113,113,131,131,131,131,131],"floor_reached":51,"playtime":3703,"items_purged":[],"score":679,"play_id":"f79d5206-e023-4349-ac6c-9b41dab176c4","local_time":"20210103043304","is_ascension_mode":false,"campfire_choices":[{"data":"Zap","floor":6,"key":"SMITH"},{"data":"Electrodynamics","floor":11,"key":"SMITH"},{"floor":15,"key":"REST"},{"data":"Thunder Strike","floor":23,"key":"SMITH"},{"floor":32,"key":"REST"},{"floor":40,"key":"REST"},{"floor":45,"key":"REST"},{"floor":49,"key":"REST"}],"circlet_count":0,"master_deck":["Defend_B+1","Defend_B+1","Defend_B+1","Zap+1","Dualcast+1","Chaos+1","FTL+1","Redo+1","Conserve Battery+1","Go for the Eyes+1","Electrodynamics+1","BootSequence+1","Thunder Strike+1","Beam Cell+1","Glacier+1","All For One+1","CurseOfTheBell","Hologram+1","Hello World+1","Leap+1","Loop+1","Rebound+1","Reboot+1","Skim+1","All For One+1","Bite+1","Bite+1","Bite+1","Bite+1","Bite+1","Gash+1","Gash+1","Electrodynamics+1","Hello World+1","Machine Learning+1","Stack+1","Self Repair+1","Tempest+1","Buffer+1","Loop+1","Stack+1","Aggregate+1","Redo+1","Parasite","Stack+1","Madness+1","Madness+1","Ball Lightning+1"],"relics":["Cracked Core","NeowsBlessing","Gremlin Horn","Strawberry","Membership Card","Calling Bell","Potion Belt","HornCleat","StoneCalendar","Tiny Chest","Frozen Egg 2","Fusion Hammer","Dream Catcher","Toxic Egg 2","PreservedInsect","Bag of Preparation","Orichalcum","Mark of the Bloom"],"acts_visited":["Exordium","TheCity","TheBeyond"],"potions_floor_usage":[10,42,50,50],"damage_taken":[{"damage":0,"enemies":"Cultist","floor":1,"turns":1},{"damage":0,"enemies":"Small Slimes","floor":4,"turns":1},{"damage":0,"enemies":"2 Louse","floor":5,"turns":1},{"damage":0,"enemies":"Looter","floor":7,"turns":3},{"damage":23,"enemies":"Lagavulin","floor":10,"turns":6},{"damage":0,"enemies":"2 Fungi Beasts","floor":13,"turns":2},{"damage":50,"enemies":"Hexaghost","floor":16,"turns":10},{"damage":7,"enemies":"Shell Parasite","floor":18,"turns":4},{"damage":0,"enemies":"3 Byrds","floor":20,"turns":4},{"damage":16,"enemies":"Snake Plant","floor":22,"turns":4},{"damage":10,"enemies":"Centurion and Healer","floor":24,"turns":4},{"damage":33,"enemies":"3 Cultists","floor":28,"turns":6},{"damage":21,"enemies":"Snake Plant","floor":29,"turns":5},{"damage":4,"enemies":"Snecko","floor":30,"turns":5},{"damage":21,"enemies":"Champ","floor":33,"turns":8},{"damage":0,"enemies":"3 Shapes","floor":35,"turns":5},{"damage":29,"enemies":"3 Darklings","floor":39,"turns":5},{"damage":20,"enemies":"Sphere and 2 Shapes","floor":41,"turns":5},{"damage":2,"enemies":"Maw","floor":42,"turns":7},{"damage":3,"enemies":"Giant Head","floor":44,"turns":7},{"damage":6,"enemies":"Writhing Mass","floor":46,"turns":7},{"damage":43,"enemies":"Time Eater","floor":50,"turns":9}],"seed_played":"-6521178219886373900","potions_obtained":[{"floor":4,"key":"SkillPotion"},{"floor":20,"key":"SteroidPotion"},{"floor":24,"key":"Swift Potion"},{"floor":39,"key":"Block Potion"},{"floor":41,"key":"DistilledChaos"},{"floor":44,"key":"Energy Potion"},{"floor":46,"key":"Strength Potion"}],"is_trial":false,"path_per_floor":["M","?","$","M","M","R","M","?","T","E","R","$","M","$","R","B",null,"M","?","M","$","M","R","M","?","T","?","M","M","M","$","R","B",null,"M","$","?","T","M","R","M","M","T","E","R","M","?","?","R","B",null],"character_chosen":"DEFECT","items_purchased":["Membership Card","Thunder Strike","Beam Cell","Glacier","Tiny Chest","Loop","Hello World+1","FairyPotion","Self Repair+1","Dream Catcher"],"campfire_rested":5,"item_purchase_floors":[12,14,14,14,21,21,31,31,36,36],"current_hp_per_floor":[75,75,75,75,75,75,75,75,75,59,59,59,59,59,82,32,82,75,75,75,75,59,59,49,49,49,49,28,13,11,11,28,11,57,57,57,57,57,42,57,37,41,41,56,57,57,57,50,50,7],"gold":131,"neow_bonus":"THREE_ENEMY_KILL","is_daily":false,"chose_seed":false,"campfire_upgraded":3,"win_rate":0.0,"timestamp":1609655584,"path_taken":["M","?","$","?","M","R","M","?","T","E","R","$","M","$","R","BOSS","M","?","M","$","M","R","M","?","T","?","M","M","M","$","R","BOSS","M","$","?","?","M","R","M","M","T","E","R","?","?","?","R","BOSS"],"items_purchased_type":["Relic","Card","Card","Card","Relic","Card","Card","Potion","Card","Relic"],"build_version":"2020-12-22","purchased_purges":0,"victory":true,"max_hp_per_floor":[75,75,75,75,75,75,75,75,75,82,82,82,82,82,82,82,82,82,82,82,82,82,82,82,82,82,57,57,57,57,57,57,57,57,57,57,57,57,57,57,57,57,57,57,57,57,57,57,57,57],"card_choices":[{"not_picked":["Rebound","Leap"],"picked":"Chaos","floor":1},{"not_picked":["Heatsinks","Hologram"],"picked":"FTL","floor":4},{"not_picked":["Genetic Algorithm","Consume"],"picked":"Redo","floor":5},{"not_picked":["Aggregate","Coolheaded"],"picked":"Conserve Battery","floor":7},{"not_picked":["Stack","Rip and Tear"],"picked":"Electrodynamics","floor":10},{"not_picked":["Leap","Compile Driver"],"picked":"BootSequence","floor":13},{"not_picked":["Amplify","Machine Learning"],"picked":"All For One","floor":16},{"not_picked":["Auto Shields","Compile Driver"],"picked":"Hologram+1","floor":18},{"not_picked":["Hologram","Glacier"],"picked":"Leap+1","floor":20},{"not_picked":["Fusion","Compile Driver"],"picked":"Rebound","floor":22},{"not_picked":["Rip and Tear","Gash"],"picked":"Reboot","floor":24},{"not_picked":["Steam","Stack"],"picked":"Gash","floor":28},{"not_picked":["Compile Driver","Chill"],"picked":"Gash","floor":29},{"not_picked":["Redo+1","Barrage"],"picked":"Electrodynamics+1","floor":30},{"not_picked":["Reboot","Thunder Strike"],"picked":"Machine Learning+1","floor":33},{"not_picked":["Lockon","Steam+1"],"picked":"Stack+1","floor":35},{"not_picked":["Glacier+1","Steam+1"],"picked":"Tempest+1","floor":39},{"not_picked":["Self Repair+1","Leap+1"],"picked":"Buffer+1","floor":40},{"not_picked":["Beam Cell+1","Blizzard+1"],"picked":"Loop+1","floor":41},{"not_picked":["Leap+1","Darkness+1"],"picked":"Stack+1","floor":42},{"not_picked":["Sweeping Beam","Barrage"],"picked":"Aggregate+1","floor":44},{"not_picked":["Steam+1","Hologram+1"],"picked":"Redo+1","floor":45},{"not_picked":["Lockon+1","Multi-Cast+1"],"picked":"Stack+1","floor":46},{"not_picked":["Compile Driver","Melter"],"picked":"Ball Lightning+1","floor":49}],"player_experience":93920,"relics_obtained":[{"floor":9,"key":"Gremlin Horn"},{"floor":10,"key":"Strawberry"},{"floor":17,"key":"Potion Belt"},{"floor":17,"key":"HornCleat"},{"floor":17,"key":"StoneCalendar"},{"floor":26,"key":"Frozen Egg 2"},{"floor":38,"key":"PreservedInsect"},{"floor":43,"key":"Bag of Preparation"},{"floor":44,"key":"Orichalcum"}],"event_choices":[{"damage_healed":0,"gold_gain":0,"player_choice":"Upgraded","damage_taken":0,"max_hp_gain":0,"max_hp_loss":0,"event_name":"Upgrade Shrine","floor":2,"gold_loss":0,"cards_upgraded":["Chaos"]},{"damage_healed":0,"gold_gain":0,"cards_transformed":["Defend_B"],"player_choice":"Change","damage_taken":0,"max_hp_gain":0,"max_hp_loss":0,"event_name":"Living Wall","floor":8,"gold_loss":0,"cards_obtained":["Go for the Eyes"]},{"damage_healed":0,"gold_gain":0,"player_choice":"Read","damage_taken":0,"max_hp_gain":0,"max_hp_loss":0,"event_name":"The Library","floor":19,"gold_loss":0,"cards_obtained":["Hello World"]},{"damage_healed":0,"gold_gain":0,"cards_transformed":["Strike_B","Strike_B"],"player_choice":"Became Test Subject","damage_taken":0,"max_hp_gain":0,"max_hp_loss":0,"event_name":"Drug Dealer","floor":25,"gold_loss":0,"cards_obtained":["Skim","All For One"]},{"damage_healed":0,"gold_gain":0,"player_choice":"Became a vampire","damage_taken":0,"max_hp_gain":0,"max_hp_loss":25,"event_name":"Vampires","floor":27,"gold_loss":0,"cards_obtained":["Bite","Bite","Bite","Bite","Bite"]},{"damage_healed":0,"gold_gain":0,"player_choice":"Gave Potion","damage_taken":0,"relics_obtained":["Toxic Egg 2"],"max_hp_gain":0,"max_hp_loss":0,"event_name":"WeMeetAgain","floor":37,"gold_loss":0},{"damage_healed":0,"gold_gain":0,"player_choice":"Upgrade","damage_taken":0,"relics_obtained":["Mark of the Bloom"],"max_hp_gain":0,"max_hp_loss":0,"event_name":"MindBloom","floor":47,"gold_loss":0,"cards_upgraded":["Defend_B","Defend_B","Defend_B","Dualcast","FTL","Redo","Conserve Battery","Go for the Eyes","BootSequence","Beam Cell","Glacier","All For One","Hello World","Loop","Rebound","Reboot","Skim","All For One","Bite","Bite","Bite","Bite","Bite","Gash","Gash"]},{"damage_healed":0,"gold_gain":0,"player_choice":"Embrace Madness","damage_taken":7,"max_hp_gain":0,"max_hp_loss":0,"event_name":"Winding Halls","floor":48,"gold_loss":0,"cards_obtained":["Madness","Madness"]}],"is_beta":false,"boss_relics":[{"not_picked":["Snecko Eye","Philosopher\u0027s Stone"],"picked":"Calling Bell"},{"not_picked":["SacredBark","Velvet Choker"],"picked":"Fusion Hammer"}],"items_purged_floors":[],"is_endless":false,"potions_floor_spawned":[4,20,24,39,41,44,46],"ascension_level":0}}