{"host":"qwttrqaysb380yri","time":1609684489,"event":{"mods":["BaseMod","Custom Start","Minty Spire (QoL Compilation)","Permanent Neow","Puzzle Mod","Relic Stats","StSLib","The Hierophant"],"gold_per_floor":[117,117,133,157,157,191,204,204,279,279,291,330,358,392,392,392,392],"floor_reached":16,"playtime":389,"items_purged":[],"score":210,"play_id":"440ef288-7b1b-4abe-8536-1c832235f009","local_time":"20210103153449","is_ascension_mode":true,"campfire_choices":[{"floor":8,"key":"REST"},{"floor":15,"key":"REST"}],"circlet_count":0,"master_deck":["AscendersBane","Strike_G","Strike_G+1","Strike_G","Strike_G","Strike_G","Defend_G","Defend_G","Defend_G","Defend_G","Defend_G","Survivor","Neutralize+1","Deadly Poison","Underhanded Strike","Poisoned Stab","Endless Agony","Dagger Throw","Predator","Masterful Stab","Flying Knee"],"relics":["Ring of the Snake","MealTicket","Darkstone Periapt","Pear","CeramicFish","The Specimen"],"acts_visited":["Exordium"],"potions_floor_usage":[6,12,13,14],"damage_taken":[{"damage":0,"enemies":"2 Louse","floor":1,"turns":5},{"damage":0,"enemies":"Jaw Worm","floor":3,"turns":4},{"damage":18,"enemies":"Gremlin Nob","floor":6,"turns":4},{"damage":2,"enemies":"Small Slimes","floor":7,"turns":3},{"damage":0,"enemies":"2 Fungi Beasts","floor":11,"turns":3},{"damage":30,"enemies":"3 Sentries","floor":12,"turns":6},{"damage":5,"enemies":"Exordium Wildlife","floor":13,"turns":5},{"damage":16,"enemies":"Gremlin Nob","floor":14,"turns":3},{"damage":6,"enemies":"The Guardian","floor":16,"turns":4}],"seed_played":"7851248643785328049","potions_obtained":[{"floor":3,"key":"SteroidPotion"},{"floor":11,"key":"CultistPotion"},{"floor":12,"key":"Swift Potion"},{"floor":13,"key":"Poison Potion"}],"is_trial":false,"path_per_floor":["M","?","M","T","?","E","M","R","T","?","M","E","M","E","R","B"],"character_chosen":"THE_SILENT","items_purchased":[],"campfire_rested":2,"item_purchase_floors":[],"current_hp_per_floor":[65,65,65,65,43,25,23,44,54,54,54,24,19,3,27,21,21],"gold":392,"neow_bonus":"TEN_PERCENT_HP_BONUS","is_daily":false,"chose_seed":false,"campfire_upgraded":0,"win_rate":0.0,"timestamp":1609684489,"path_taken":["M","?","M","?","?","E","M","R","T","?","M","E","?","E","R","BOSS"],"items_purchased_type":[],"build_version":"2020-12-22","purchased_purges":0,"victory":false,"max_hp_per_floor":[72,72,72,72,72,72,72,72,82,82,82,82,82,82,82,82,82],"relic_stats":{"Darkstone Periapt":0,"counters":[9,37],"CeramicFish":27,"MealTicket":0,"obtain_stats":[{"Darkstone Periapt":6,"Pear":9,"The Specimen":14,"CeramicFish":12,"MealTicket":4,"Ring of the Snake":0},{"Darkstone Periapt":3,"Pear":4,"The Specimen":8,"CeramicFish":6,"MealTicket":2,"Ring of the Snake":0},{"Darkstone Periapt":13,"Pear":16,"The Specimen":33,"CeramicFish":25,"MealTicket":9,"Ring of the Snake":0}],"Ring of the Snake":[19]},"card_choices":[{"not_picked":["Leg Sweep","Cloak And Dagger"],"picked":"Deadly Poison","floor":1},{"not_picked":["Prepared","Backstab"],"picked":"Underhanded Strike","floor":3},{"not_picked":["A Thousand Cuts","Deflect"],"picked":"Poisoned Stab","floor":6},{"not_picked":["Distraction","Underhanded Strike"],"picked":"Endless Agony","floor":7},{"not_picked":["Flying Knee","Tactician"],"picked":"Dagger Throw","floor":11},{"not_picked":["PiercingWail","Well Laid Plans"],"picked":"Predator","floor":12},{"not_picked":["Dodge and Roll","Dagger Throw"],"picked":"Masterful Stab","floor":13},{"not_picked":["Envenom","Choke"],"picked":"Flying Knee","floor":14}],"player_experience":1997231,"relics_obtained":[{"floor":4,"key":"MealTicket"},{"floor":6,"key":"Darkstone Periapt"},{"floor":9,"key":"Pear"},{"floor":12,"key":"CeramicFish"},{"floor":14,"key":"The Specimen"}],"event_choices":[{"damage_healed":0,"gold_gain":0,"player_choice":"Leave","damage_taken":0,"max_hp_gain":0,"max_hp_loss":0,"event_name":"The Cleric","floor":2,"gold_loss":0},{"damage_healed":0,"gold_gain":0,"player_choice":"Entered Light","damage_taken":22,"max_hp_gain":0,"max_hp_loss":0,"event_name":"Shining Light","floor":5,"gold_loss":0,"cards_upgraded":["Neutralize","Strike_G"]},{"damage_healed":0,"gold_gain":0,"player_choice":"Ignored","damage_taken":0,"max_hp_gain":0,"max_hp_loss":0,"event_name":"Liars Game","floor":10,"gold_loss":0}],"is_beta":false,"boss_relics":[],"items_purged_floors":[],"is_endless":false,"potions_floor_spawned":[3,11,12,13],"killed_by":"The Guardian","ascension_level":15}}