{"host":"sav7uxregyirlf69","time":1609667906,"event":{"mods":["AchievementEnabler","BaseMod","Colored Map","DeckTracker","Keyboard Shortcuts","Minty Spire (QoL Compilation)","READ ME - Guardian Mod","StSLib","SuperFastMode"],"gold_per_floor":[116,116,41,41,52,52,85,85,133,166,178,189,203,219,219,295,295,310,326,105,120,140,168,181,181,181,214,226,226,226,16,16,93,93,109,109,128,128,147,147,147,97,97,97,110,124,124,124],"floor_reached":47,"playtime":1036,"items_purged":["Strike_G","Strike_G","Strike_G","Parasite"],"score":1108,"play_id":"43237d5e-2358-42cc-b688-136ff556f8d1","local_time":"20210103185826","is_ascension_mode":true,"campfire_choices":[{"data":"Noxious Fumes","floor":6,"key":"SMITH"},{"data":"Dagger Spray","floor":8,"key":"SMITH"},{"data":"Leg Sweep","floor":15,"key":"SMITH"},{"data":"Accuracy","floor":25,"key":"SMITH"},{"floor":29,"key":"REST"},{"data":"Blade Dance","floor":32,"key":"SMITH"},{"data":"A Thousand Cuts","floor":40,"key":"SMITH"}],"circlet_count":0,"master_deck":["AscendersBane","Strike_G","Defend_G","Defend_G","Defend_G","Defend_G","Survivor","Neutralize","Noxious Fumes+1","Dagger Throw","Dagger Spray+1","Backflip","Leg Sweep+1","Blade Dance+1","After Image","Accuracy+1","Finisher","After Image","Cloak And Dagger","A Thousand Cuts+1","Escape Plan+1","Panache","Master of Strategy"],"relics":["Ring of the Snake","NeowsBlessing","Regal Pillow","Smiling Mask","Shuriken","Sozu","Ancient Tea Set","Eternal Feather","ClockworkSouvenir","Black Star"],"acts_visited":["Exordium","TheCity","TheBeyond"],"potions_floor_usage":[10,16,22,37],"damage_taken":[{"damage":0,"enemies":"Jaw Worm","floor":1,"turns":1},{"damage":0,"enemies":"Small Slimes","floor":5,"turns":1},{"damage":0,"enemies":"Lagavulin","floor":7,"turns":1},{"damage":25,"enemies":"Gremlin Nob","floor":10,"turns":4},{"damage":0,"enemies":"Cultist","floor":11,"turns":3},{"damage":0,"enemies":"2 Fungi Beasts","floor":12,"turns":2},{"damage":0,"enemies":"Exordium Wildlife","floor":13,"turns":2},{"damage":5,"enemies":"3 Louse","floor":14,"turns":3},{"damage":9,"enemies":"The Guardian","floor":16,"turns":11},{"damage":7,"enemies":"Shell Parasite","floor":18,"turns":5},{"damage":1,"enemies":"Chosen","floor":19,"turns":5},{"damage":2,"enemies":"Snake Plant","floor":21,"turns":6},{"damage":0,"enemies":"Chosen and Byrds","floor":22,"turns":4},{"damage":2,"enemies":"Gremlin Leader","floor":23,"turns":7},{"damage":1,"enemies":"Snecko","floor":24,"turns":5},{"damage":20,"enemies":"Book of Stabbing","floor":27,"turns":6},{"damage":11,"enemies":"Shelled Parasite and Fungi","floor":28,"turns":5},{"damage":0,"enemies":"Champ","floor":33,"turns":7},{"damage":31,"enemies":"3 Darklings","floor":35,"turns":6},{"damage":2,"enemies":"3 Shapes","floor":37,"turns":6},{"damage":2,"enemies":"Writhing Mass","floor":39,"turns":8},{"damage":0,"enemies":"Jaw Worm Horde","floor":45,"turns":5},{"damage":0,"enemies":"Maw","floor":46,"turns":6},{"damage":34,"enemies":"Nemesis","floor":47,"turns":4}],"seed_played":"-2231150941420002763","potions_obtained":[{"floor":5,"key":"Energy Potion"},{"floor":7,"key":"Block Potion"},{"floor":13,"key":"SpeedPotion"},{"floor":16,"key":"CunningPotion"}],"is_trial":false,"path_per_floor":["M","?","$","?","M","R","E","R","T","E","M","M","M","M","R","B",null,"M","M","$","M","M","E","M","R","T","E","M","R","?","$","R","B",null,"M","?","M","?","M","R","?","$","T","?","M","M","E"],"character_chosen":"THE_SILENT","items_purchased":["After Image","ClockworkSouvenir"],"campfire_rested":1,"item_purchase_floors":[20,31],"current_hp_per_floor":[59,52,52,52,52,52,52,52,52,27,27,27,27,22,22,13,53,46,45,45,43,43,41,40,40,40,20,9,55,55,55,64,64,66,35,35,33,33,31,43,33,33,33,33,33,33,0,0],"gold":124,"neow_bonus":"THREE_ENEMY_KILL","is_daily":false,"chose_seed":false,"campfire_upgraded":6,"win_rate":0.0,"timestamp":1609667906,"path_taken":["M","?","$","?","M","R","E","R","T","E","M","M","M","M","R","BOSS","M","M","$","?","M","E","M","R","T","E","M","R","?","$","R","BOSS","M","?","M","?","M","R","?","$","T","?","M","?","E"],"items_purchased_type":["Card","Relic"],"build_version":"2020-12-22","purchased_purges":4,"victory":false,"max_hp_per_floor":[66,66,66,66,66,66,66,66,66,66,66,66,66,66,66,66,66,66,66,66,66,66,66,66,66,66,66,66,66,66,66,66,66,66,66,66,66,66,66,66,66,63,63,60,60,60,60,60],"card_choices":[{"not_picked":["Prepared","Underhanded Strike"],"picked":"Noxious Fumes","floor":1},{"not_picked":["Deflect","Cloak And Dagger"],"picked":"Dagger Throw","floor":5},{"not_picked":["Backstab","Poisoned Stab"],"picked":"Dagger Spray","floor":7},{"not_picked":["Underhanded Strike","Infinite Blades"],"picked":"Backflip","floor":10},{"not_picked":["Underhanded Strike","Crippling Poison","PiercingWail"],"picked":"SKIP","floor":11},{"not_picked":["Deflect","Noxious Fumes","Bullet Time"],"picked":"SKIP","floor":12},{"not_picked":["Poisoned Stab","Sucker Punch"],"picked":"Leg Sweep","floor":13},{"not_picked":["Flying Knee","Prepared"],"picked":"Blade Dance","floor":14},{"not_picked":["Malaise","Burst"],"picked":"After Image","floor":16},{"not_picked":["Eviscerate","Sucker Punch"],"picked":"Accuracy","floor":18},{"not_picked":["Prepared","Infinite Blades"],"picked":"Finisher","floor":19},{"not_picked":["Bane","Quick Slash","Poisoned Stab"],"picked":"SKIP","floor":21},{"not_picked":["Predator+1","Bouncing Flask"],"picked":"Cloak And Dagger","floor":22},{"not_picked":["Sucker Punch+1","Flying Knee","Bouncing Flask"],"picked":"SKIP","floor":23},{"not_picked":["Expertise","Accuracy","PiercingWail"],"picked":"SKIP","floor":24},{"not_picked":["Expertise","Dash","Noxious Fumes"],"picked":"SKIP","floor":27},{"not_picked":["Deflect","Cloak And Dagger","Prepared+1"],"picked":"SKIP","floor":28},{"not_picked":["Storm of Steel","Corpse Explosion"],"picked":"A Thousand Cuts","floor":33},{"not_picked":["Cloak And Dagger","Finisher","Flying Knee"],"picked":"SKIP","floor":35},{"not_picked":["Choke","Crippling Poison"],"picked":"Escape Plan+1","floor":37},{"not_picked":["Flechettes","Quick Slash","PiercingWail+1"],"picked":"SKIP","floor":39},{"not_picked":["Secret Weapon","Sadistic Nature"],"picked":"Panache","floor":41},{"not_picked":["Secret Technique","Enlightenment"],"picked":"Master of Strategy","floor":41},{"not_picked":["Predator","Underhanded Strike+1","Slice+1"],"picked":"SKIP","floor":45},{"not_picked":["Eviscerate","Predator","Riddle With Holes"],"picked":"SKIP","floor":46}],"player_experience":1119312,"relics_obtained":[{"floor":7,"key":"Regal Pillow"},{"floor":9,"key":"Smiling Mask"},{"floor":10,"key":"Shuriken"},{"floor":23,"key":"Ancient Tea Set"},{"floor":26,"key":"Eternal Feather"}],"event_choices":[{"cards_removed":["Strike_G"],"damage_healed":0,"gold_gain":0,"player_choice":"Card Removal","damage_taken":7,"max_hp_gain":0,"max_hp_loss":0,"event_name":"Golden Wing","floor":2,"gold_loss":0},{"cards_removed":["Defend_G"],"damage_healed":0,"gold_gain":0,"player_choice":"Offered Basic","damage_taken":0,"max_hp_gain":0,"max_hp_loss":0,"event_name":"Bonfire Elementals","floor":4,"gold_loss":0},{"damage_healed":0,"gold_gain":0,"player_choice":"Ignored","damage_taken":0,"max_hp_gain":0,"max_hp_loss":0,"event_name":"Vampires","floor":30,"gold_loss":0},{"damage_healed":0,"gold_gain":0,"player_choice":"Ignored","damage_taken":0,"max_hp_gain":0,"max_hp_loss":0,"event_name":"Mysterious Sphere","floor":36,"gold_loss":0},{"damage_healed":0,"gold_gain":0,"player_choice":"Ignored","damage_taken":0,"max_hp_gain":0,"max_hp_loss":0,"event_name":"Tomb of Lord Red Mask","floor":38,"gold_loss":0},{"damage_healed":0,"gold_gain":0,"player_choice":"Memory 3","damage_taken":10,"max_hp_gain":0,"max_hp_loss":0,"event_name":"SensoryStone","floor":41,"gold_loss":0},{"damage_healed":0,"gold_gain":0,"player_choice":"Max HP","damage_taken":0,"max_hp_gain":0,"max_hp_loss":3,"event_name":"Winding Halls","floor":44,"gold_loss":0}],"is_beta":false,"boss_relics":[{"not_picked":["SacredBark","Ring of the Serpent"],"picked":"Sozu"},{"not_picked":["Snecko Eye","Runic Dome"],"picked":"Black Star"}],"items_purged_floors":[3,20,31,42],"is_endless":false,"potions_floor_spawned":[5,7,13,14,16,19,24,27,28,33,45],"killed_by":"Nemesis","ascension_level":20}}