{"host":"709gjpjg43u3i5a8","time":1609684805,"event":{"mods":["Act Like it!","BaseMod","Colored Map","Colored Powertips","Downfall","Duelist Mod","Gensokyo","GifTheSpireLib","Hallownest","Hermit","Hubris","Infinite Spire","Koishi","Marisa????????","Minty Spire (QoL Compilation)","Remilia??????","Shop Mod","StSLib","Td1madao Mod","The Administrix","The Animator","The Bug Knight","The Construct","The Cursed","The Disciple","The Hierophant","The Jungle","The Necromancer","The Poker Player","The Runesmith","The Servant 0.9.4"],"gold_per_floor":[109,109,109,109,109,109,128,156,210,210,108,137,157,184,184,279,279,295,305,305,305,305,334,334,334,357,375,6,35,35,103,103,208,208,224,243,269,269,284,309,309,323,323,337,237,272,272,272,272,372,372,372],"floor_reached":51,"playtime":3956,"items_purged":[],"score":882,"play_id":"e2d28c9a-77fc-4662-96c6-fb5fb30812df","local_time":"20210103074005","is_ascension_mode":false,"campfire_choices":[{"data":"Koishi:EmbryosDream","floor":6.0,"key":"SMITH"},{"data":"Koishi:Catatonia","floor":10.0,"key":"SMITH"},{"data":"Koishi:PerfectMindControl","floor":15.0,"key":"SMITH"},{"data":"Koishi:UnseenTerror","floor":24.0,"key":"SMITH"},{"data":"Koishi:JumpScare","floor":32.0,"key":"SMITH"},{"data":"Koishi:RacingHeart","floor":41,"key":"SMITH"},{"floor":49,"key":"RECALL"}],"circlet_count":0,"master_deck":["Koishi:BasicStrike","Koishi:BasicStrike","Koishi:BasicDefend","Koishi:BasicDefend","Koishi:BasicDefend","Koishi:BasicDefend","Koishi:Provoke","Koishi:HauntingSlash+1","Koishi:EmbryosDream+1","Koishi:Catatonia+1","Koishi:FreudianInstinct","Koishi:DreadfulBlow","Koishi:RacingHeart+1","Koishi:TremblingHands","Koishi:PerfectMindControl+1","Koishi:PerfectMindControl","Koishi:StingingMind","Koishi:CatchAndRose","infinitespire:TheBestDefense","Koishi:UnseenTerror+1","Koishi:JumpScare+1","Koishi:FleetingPhantom+1","Koishi:VengefulSpirit","Koishi:Catatonia","Koishi:Heartbroken","Koishi:StingingMind+1","Koishi:SpiritedAway+1","Koishi:StingingMind+1","Koishi:MindNumbingTerror","Koishi:StingingMind","Koishi:PhantomBarrier+1","Koishi:ImGoingToCallYouNow","Koishi:ConfinedInnocent"],"relics":["Koishi:ImaginaryFriend","NeowsBlessing","hubris:Icosahedron","hubris:Zylophone","infinitespire:Satchel","Ornamental Fan","Potion Belt","Coffee Dripper","hubris:OldNail","hubris:Backtick","PreservedInsect","hubris:EvacipatedBox","hubris:KleinBottle","Runesmith:AutoHammer","MealTicket","hubris:EmptyBottle","Bag of Preparation","Tiny Chest","Bottled Flame","Black Star","Juzu Bracelet","hubris:Towel","Koishi:TeethAndClaws","Koishi:BloodstainedWhiteRose","Centennial Puzzle","HollowMod:LifeEnderRelic","Busted Crown"],"acts_visited":["Exordium","TheCity","TheBeyond","TheBeyond"],"potions_floor_usage":[36,39,39,40,40,42,42,50,50,50,50,50,50,50,50,50,50,50,50,50],"damage_taken":[{"damage":0.0,"enemies":"Cultist","floor":1.0,"turns":1.0},{"damage":0.0,"enemies":"Small Slimes","floor":7.0,"turns":1.0},{"damage":0.0,"enemies":"3 Sentries","floor":8.0,"turns":2.0},{"damage":5.0,"enemies":"HollowMod:MossKnight","floor":12.0,"turns":6.0},{"damage":0.0,"enemies":"Jaw Worm","floor":13.0,"turns":3.0},{"damage":27.0,"enemies":"3 Sentries","floor":14.0,"turns":7.0},{"damage":16.0,"enemies":"The Guardian","floor":16.0,"turns":10.0},{"damage":0.0,"enemies":"Chosen","floor":18.0,"turns":4.0},{"damage":8.0,"enemies":"Spheric Guardian","floor":19.0,"turns":6.0},{"damage":1.0,"enemies":"theDuelist:KaibaA2","floor":23.0,"turns":5.0},{"damage":1.0,"enemies":"Centurion and Healer","floor":27.0,"turns":6.0},{"damage":1.0,"enemies":"Nightmare","floor":29.0,"turns":3.0},{"damage":12.0,"enemies":"Champ","floor":33.0,"turns":11.0},{"damage":39,"enemies":"3 Shapes","floor":35,"turns":4},{"damage":25,"enemies":"3 Darklings","floor":36,"turns":7},{"damage":3,"enemies":"Spire Growth","floor":39,"turns":5},{"damage":13,"enemies":"Reptomancer","floor":40,"turns":5},{"damage":21,"enemies":"4 Shapes","floor":42,"turns":5},{"damage":0,"enemies":"3 Darklings","floor":44,"turns":8},{"damage":0,"enemies":"Nemesis","floor":46,"turns":3},{"damage":16,"enemies":"Donu and Deca","floor":50,"turns":5}],"seed_played":"6711248000556306195","potions_obtained":[{"floor":1.0,"key":"Energy Potion"},{"floor":13.0,"key":"Weak Potion"},{"floor":14.0,"key":"SkillPotion"},{"floor":19.0,"key":"GamblersBrew"},{"floor":21.0,"key":"Fruit Juice"},{"floor":21.0,"key":"Guardian:BlockOnCardUsePotion"},{"floor":21.0,"key":"Ancient Potion"},{"floor":29.0,"key":"Strength Potion"},{"floor":39,"key":"SkillPotion"},{"floor":40,"key":"PowerPotion"},{"floor":44,"key":"EntropicBrew"}],"is_trial":false,"path_per_floor":["M","?","?","?","?","R","M","E","T","R","$","E","M","E","R","B",null,"M","M","AVR","?","$","E","R","?","T","M","$","NM","$","T","R","B",null,"M","M","T","?","M","E","R","M","T","M","NS","E","?","?","R","B",null],"character_chosen":"KOISHI","items_purchased":["Koishi:DreadfulBlow","Koishi:RacingHeart","hubris:EvacipatedBox","hubris:KleinBottle","hubris:EmptyBottle","Bag of Preparation","Koishi:VengefulSpirit"],"campfire_rested":0,"item_purchase_floors":[11,11,22,22,28,28,28],"current_hp_per_floor":[60,60,60,60,48,48,48,48,48,48,48,57,60,42,42,46,60,60,58,58,58,20,26,26,26,26,60,70,70,70,70,70,70,70,35,31,31,31,42,41,41,35,35,61,61,70,70,70,70,70,70,70],"gold":372,"neow_bonus":"THREE_ENEMY_KILL","is_daily":false,"chose_seed":false,"campfire_upgraded":6,"win_rate":0.0,"timestamp":1609684805,"path_taken":["M","?","?","?","?","R","M","E","T","R","?","E","M","E","R","BOSS","M","M","AVR","?","?","E","R","?","T","M","$","NM","?","?","R","BOSS","M","?","?","?","M","E","R","M","T","M","NS","E","?","?","R","BOSS"],"items_purchased_type":["Card","Card","Relic","Relic","Relic","Relic","Card"],"build_version":"2020-12-22","purchased_purges":0,"victory":false,"max_hp_per_floor":[60,60,60,60,60,60,60,60,60,60,60,60,60,60,60,60,60,60,60,60,60,60,60,60,60,60,60,70,70,70,70,70,70,70,70,70,70,70,70,70,70,70,70,70,70,70,70,70,70,70,70,70],"card_choices":[{"not_picked":["Koishi:UnansweredLove","Koishi:SubterraneanRose"],"picked":"Koishi:EmbryosDream","floor":1.0},{"not_picked":["Koishi:Bloodlust","Koishi:Prune"],"picked":"Koishi:Catatonia","floor":7.0},{"not_picked":["Koishi:PhilosophyOfTheDespised","Koishi:Jaunt"],"picked":"Koishi:FreudianInstinct","floor":8.0},{"not_picked":["Koishi:PhantomStrike","Koishi:MentalBreakdown"],"picked":"Koishi:TremblingHands","floor":12.0},{"not_picked":["Koishi:Prune","Koishi:Jaunt","Koishi:LastRemote"],"picked":"SKIP","floor":13.0},{"not_picked":["Koishi:Untouchable","Koishi:StrangeCloudFist"],"picked":"Koishi:PerfectMindControl","floor":14.0},{"not_picked":["Koishi:Heartbroken","Koishi:ConditionedTeleport"],"picked":"Koishi:PerfectMindControl","floor":16.0},{"not_picked":["Koishi:SprinkleStarAndHeart+1","Koishi:LastRemote+1"],"picked":"Koishi:StingingMind","floor":18.0},{"not_picked":["Koishi:EmbersOfLove","Koishi:SubterraneanRose"],"picked":"Koishi:CatchAndRose","floor":19.0},{"not_picked":["infinitespire:NeuralNetwork","hubris:InfiniteBlow"],"picked":"infinitespire:TheBestDefense","floor":22.0},{"not_picked":["Koishi:Prune+1","Koishi:StingingMind"],"picked":"Koishi:UnseenTerror","floor":23.0},{"not_picked":["Koishi:UnconsciousUrges+1","Koishi:ReleaseOfTheId"],"picked":"Koishi:FleetingPhantom+1","floor":27.0},{"not_picked":["Koishi:UnconsciousUprising+1","Koishi:FleetingPhantom"],"picked":"Koishi:Catatonia","floor":29.0},{"not_picked":["Koishi:ConfinedInnocent","Koishi:GrowingPain"],"picked":"Koishi:Heartbroken","floor":33.0},{"not_picked":["Koishi:PhantomStrike","Koishi:Prune+1"],"picked":"Koishi:StingingMind+1","floor":35},{"not_picked":["Koishi:Vanish+1","Koishi:CatchAndRose"],"picked":"Koishi:SpiritedAway+1","floor":36},{"not_picked":["Koishi:UnconsciousUrges","Koishi:PhantomBarrier+1"],"picked":"Koishi:StingingMind+1","floor":39},{"not_picked":["Koishi:CatchAndRose+1","Koishi:FadingMemory"],"picked":"Koishi:MindNumbingTerror","floor":40},{"not_picked":["Koishi:SubconsciousSweep","Koishi:BramblyRoseGarden+1"],"picked":"Koishi:StingingMind","floor":42},{"not_picked":["Koishi:SubconsciousSweep+1","Koishi:ReflexRadar+1"],"picked":"Koishi:PhantomBarrier+1","floor":44},{"not_picked":["Koishi:Untouchable","Koishi:CatchAndRose"],"picked":"Koishi:ImGoingToCallYouNow","floor":46},{"not_picked":["Koishi:GrowingPain","Koishi:FadingMemory"],"picked":"Koishi:ConfinedInnocent","floor":50}],"player_experience":443386,"relics_obtained":[{"floor":8.0,"key":"hubris:Zylophone"},{"floor":9.0,"key":"infinitespire:Satchel"},{"floor":12.0,"key":"Ornamental Fan"},{"floor":14.0,"key":"Potion Belt"},{"floor":23.0,"key":"Runesmith:AutoHammer"},{"floor":26.0,"key":"MealTicket"},{"floor":29.0,"key":"Tiny Chest"},{"floor":31.0,"key":"Bottled Flame"},{"floor":37,"key":"Juzu Bracelet"},{"floor":40,"key":"Koishi:TeethAndClaws"},{"floor":40,"key":"Koishi:BloodstainedWhiteRose"},{"floor":46,"key":"Centennial Puzzle"},{"floor":46,"key":"HollowMod:LifeEnderRelic"}],"event_choices":[{"damage_healed":0.0,"max_hp_gain":0.0,"max_hp_loss":0.0,"gold_gain":0.0,"event_name":"Shining Light","player_choice":"Entered Light","floor":5.0,"gold_loss":0.0,"damage_taken":12.0,"cards_upgraded":["Koishi:BasicStrike","Koishi:BasicStrike"]},{"damage_healed":0.0,"max_hp_gain":0.0,"max_hp_loss":0.0,"gold_gain":0.0,"event_name":"Lab","player_choice":"Got Potions","floor":21.0,"gold_loss":0.0,"damage_taken":0.0},{"damage_healed":0.0,"max_hp_gain":0.0,"max_hp_loss":0.0,"gold_gain":0.0,"event_name":"The Library","player_choice":"Read","floor":25.0,"gold_loss":0.0,"damage_taken":0.0,"cards_obtained":["Koishi:JumpScare"]},{"damage_healed":0,"gold_gain":0,"player_choice":"Ignored","damage_taken":0,"max_hp_gain":0,"max_hp_loss":0,"event_name":"SecretPortal","floor":47,"gold_loss":0},{"damage_healed":0,"gold_gain":0,"player_choice":"Ignored","damage_taken":0,"max_hp_gain":0,"max_hp_loss":0,"event_name":"NoteForYourself","floor":48,"gold_loss":0}],"is_beta":false,"boss_relics":[{"not_picked":["Runic Dome","Astrolabe"],"picked":"Coffee Dripper"},{"not_picked":["hubris:VirtuousBlindfold","hubris:RunicObelisk","Calling Bell"],"picked":"Black Star"},{"not_picked":["hubris:CrackedHourglass","infinitespire:Cupcake","Snecko Eye"],"picked":"Busted Crown"}],"items_purged_floors":[],"is_endless":true,"potions_floor_spawned":[1,13,14,19,29,39,40,44],"ascension_level":0}}