{"host":"0ydzwspkajt4brzd","time":1609662060,"event":{"mods":["AchievementEnabler","BaseMod","Colored Map","DeckTracker","Highlight Path","Minty Spire (QoL Compilation)","Quick Restart","Random Character Button","Rare Cards Sparkle"],"gold_per_floor":[119,44,58,58,72,72,103,127,127,127,152,171,171,186,186,306,306,329,80,80,93,117,117,152,152,179,213,229,229,50,91,91,214,214,235,255,273,286,286,286,321,352,375,95,131,145,145,168,168,168],"floor_reached":51,"playtime":3012,"items_purged":["Strike_R","Strike_R","Strike_R"],"score":1302,"play_id":"d90e437f-42f2-4595-85e2-6b723be3d4c5","local_time":"20210103002100","is_ascension_mode":true,"campfire_choices":[{"data":"Bash","floor":6.0,"key":"SMITH"},{"data":"Carnage","floor":10.0,"key":"SMITH"},{"floor":13.0,"key":"REST"},{"data":"Shrug It Off","floor":15.0,"key":"SMITH"},{"data":"Carnage","floor":23.0,"key":"SMITH"},{"floor":25.0,"key":"REST"},{"data":"True Grit","floor":29.0,"key":"SMITH"},{"floor":32.0,"key":"REST"},{"floor":40,"key":"REST"},{"data":"Limit Break","floor":47,"key":"SMITH"},{"floor":49,"key":"REST"}],"circlet_count":0,"master_deck":["AscendersBane","Strike_R","Strike_R","Defend_R","Defend_R","Defend_R","Bash+1","Headbutt","Heavy Blade","Carnage+1","Shrug It Off+1","Perfected Strike","Inflame","Seeing Red+1","True Grit+1","Limit Break+1","Pummel+1","Flex+1","Carnage+1","Power Through","Armaments+1","The Bomb","Demon Form","Limit Break+1","Heavy Blade","Perfected Strike","Flame Barrier+1","Limit Break+1","Impervious","Clothesline+1","Headbutt+1","Heavy Blade+1"],"relics":["Snecko Eye","Golden Idol","Shuriken","TungstenRod","Philosopher\u0027s Stone","War Paint","WingedGreaves","Bag of Preparation","Meat on the Bone","Bird Faced Urn","Black Star","Calipers","PreservedInsect","Molten Egg 2","Regal Pillow","Vajra","Brimstone","Pen Nib","Akabeko"],"acts_visited":["Exordium","TheCity","TheBeyond"],"potions_floor_usage":[38,48,50],"damage_taken":[{"damage":7.0,"enemies":"Jaw Worm","floor":1.0,"turns":3.0},{"damage":0.0,"enemies":"Small Slimes","floor":3.0,"turns":3.0},{"damage":1.0,"enemies":"Cultist","floor":5.0,"turns":3.0},{"damage":16.0,"enemies":"Gremlin Nob","floor":7.0,"turns":3.0},{"damage":4.0,"enemies":"Lots of Slimes","floor":8.0,"turns":2.0},{"damage":2.0,"enemies":"Blue Slaver","floor":11.0,"turns":2.0},{"damage":8.0,"enemies":"Red Slaver","floor":12.0,"turns":2.0},{"damage":8.0,"enemies":"Gremlin Gang","floor":14.0,"turns":4.0},{"damage":11.0,"enemies":"Slime Boss","floor":16.0,"turns":6.0},{"damage":5.0,"enemies":"3 Byrds","floor":18.0,"turns":3.0},{"damage":6.0,"enemies":"2 Thieves","floor":21.0,"turns":2.0},{"damage":13.0,"enemies":"Snecko","floor":22.0,"turns":3.0},{"damage":16.0,"enemies":"Book of Stabbing","floor":24.0,"turns":3.0},{"damage":0.0,"enemies":"Gremlin Leader","floor":27.0,"turns":5.0},{"damage":18.0,"enemies":"Shelled Parasite and Fungi","floor":28.0,"turns":3.0},{"damage":32.0,"enemies":"Book of Stabbing","floor":31.0,"turns":4.0},{"damage":15.0,"enemies":"Automaton","floor":33.0,"turns":4.0},{"damage":55.0,"enemies":"3 Darklings","floor":35.0,"turns":5.0},{"damage":0.0,"enemies":"3 Shapes","floor":36.0,"turns":3.0},{"damage":14.0,"enemies":"3 Darklings","floor":37.0,"turns":5.0},{"damage":21,"enemies":"Maw","floor":38,"turns":6},{"damage":0,"enemies":"Giant Head","floor":41,"turns":5},{"damage":2,"enemies":"Nemesis","floor":42,"turns":3},{"damage":1,"enemies":"Giant Head","floor":45,"turns":5},{"damage":0,"enemies":"Transient","floor":46,"turns":5},{"damage":15,"enemies":"Spire Growth","floor":48,"turns":3},{"damage":17,"enemies":"Awakened One","floor":50,"turns":4}],"seed_played":"-6674743594619604774","potions_obtained":[{"floor":5.0,"key":"Strength Potion"},{"floor":7.0,"key":"Fire Potion"},{"floor":11.0,"key":"DistilledChaos"},{"floor":14.0,"key":"BlessingOfTheForge"},{"floor":27.0,"key":"SteroidPotion"},{"floor":37.0,"key":"DistilledChaos"},{"floor":41,"key":"BlessingOfTheForge"},{"floor":48,"key":"Strength Potion"}],"is_trial":false,"path_per_floor":["M","$","M","?","M","R","E","M","T","R","M","M","R","M","R","B",null,"M","$","?","M","M","R","E","R","T","E","M","R","$","E","R","B",null,"M","M","M","M","?","R","E","E","T","$","E","M","R","M","R","B",null],"character_chosen":"IRONCLAD","items_purchased":["War Paint","The Bomb","Brimstone"],"campfire_rested":5,"item_purchase_floors":[19,30,44],"current_hp_per_floor":[65,65,65,65,64,64,48,44,44,44,42,34,56,48,48,37,65,60,60,60,54,41,41,25,47,47,47,41,41,41,21,43,44,67,28,42,42,37,37,59,63,63,63,63,66,70,70,57,74,57],"gold":168,"neow_bonus":"BOSS_RELIC","is_daily":false,"chose_seed":false,"campfire_upgraded":6,"win_rate":0.0,"timestamp":1609662060,"path_taken":["M","$","M","?","M","R","E","M","T","R","M","M","R","M","R","BOSS","M","$","?","M","?","R","E","R","T","E","?","R","$","E","R","BOSS","M","M","M","M","?","R","E","E","T","$","E","?","R","M","R","BOSS"],"items_purchased_type":["Relic","Card","Relic"],"build_version":"2020-12-22","purchased_purges":3,"victory":true,"max_hp_per_floor":[80,80,80,74,74,74,74,74,74,74,74,74,74,74,74,74,74,74,74,74,74,74,74,74,74,74,74,74,74,74,74,74,74,74,74,74,74,74,74,74,74,74,74,74,74,74,74,74,74,74],"card_choices":[{"not_picked":["Sword Boomerang","Cleave"],"picked":"Headbutt","floor":1.0},{"not_picked":["Twin Strike","True Grit"],"picked":"Heavy Blade","floor":3.0},{"not_picked":["Pummel","Dual Wield"],"picked":"Carnage","floor":5.0},{"not_picked":["Rampage","Seeing Red"],"picked":"Shrug It Off","floor":7.0},{"not_picked":["Flex","Twin Strike"],"picked":"Perfected Strike","floor":8.0},{"not_picked":["Body Slam","Dark Embrace"],"picked":"Inflame","floor":11.0},{"not_picked":["Feel No Pain","Dark Embrace"],"picked":"Seeing Red","floor":12.0},{"not_picked":["Warcry","Corruption"],"picked":"True Grit","floor":14.0},{"not_picked":["Reaper","Corruption"],"picked":"Limit Break","floor":16.0},{"not_picked":["Pommel Strike","Headbutt+1"],"picked":"Pummel+1","floor":18.0},{"not_picked":["Dropkick","Wild Strike+1"],"picked":"Flex+1","floor":21.0},{"not_picked":["Sword Boomerang","Thunderclap"],"picked":"Carnage","floor":22.0},{"not_picked":["Carnage","Heavy Blade"],"picked":"Power Through","floor":24.0},{"not_picked":["Dark Embrace+1","Infernal Blade+1","Havoc+1"],"picked":"SKIP","floor":27.0},{"not_picked":["Anger+1","Flex"],"picked":"Armaments+1","floor":28.0},{"not_picked":["Rupture","Flex+1"],"picked":"Demon Form","floor":31.0},{"not_picked":["Barricade","Impervious"],"picked":"Limit Break","floor":33.0},{"not_picked":["Searing Blow","Sword Boomerang"],"picked":"Heavy Blade","floor":35.0},{"not_picked":["Reckless Charge","Clash","Warcry"],"picked":"SKIP","floor":36.0},{"not_picked":["Sentinel","Rage"],"picked":"Perfected Strike","floor":37.0},{"not_picked":["Heavy Blade","Spot Weakness"],"picked":"Flame Barrier+1","floor":38},{"not_picked":["Feed","Inflame"],"picked":"Impervious","floor":41},{"not_picked":["Headbutt+1","Second Wind+1"],"picked":"Clothesline+1","floor":42},{"not_picked":["Blood for Blood+1","Havoc"],"picked":"Headbutt+1","floor":45},{"not_picked":["Clothesline+1","Shrug It Off"],"picked":"Heavy Blade+1","floor":46},{"not_picked":["Burning Pact+1","Hemokinesis+1","Thunderclap+1"],"picked":"SKIP","floor":48}],"player_experience":433563,"relics_obtained":[{"floor":7.0,"key":"Shuriken"},{"floor":9.0,"key":"TungstenRod"},{"floor":24.0,"key":"WingedGreaves"},{"floor":26.0,"key":"Bag of Preparation"},{"floor":27.0,"key":"Meat on the Bone"},{"floor":31.0,"key":"Bird Faced Urn"},{"floor":41,"key":"Calipers"},{"floor":41,"key":"PreservedInsect"},{"floor":42,"key":"Molten Egg 2"},{"floor":42,"key":"Regal Pillow"},{"floor":43,"key":"Vajra"},{"floor":45,"key":"Pen Nib"},{"floor":45,"key":"Akabeko"}],"event_choices":[{"damage_healed":0.0,"max_hp_gain":0.0,"max_hp_loss":6.0,"gold_gain":0.0,"event_name":"Golden Idol","player_choice":"Lose Max HP","floor":4.0,"gold_loss":0.0,"damage_taken":0.0,"relics_obtained":["Golden Idol"]},{"cards_removed":["Defend_R"],"damage_healed":0.0,"max_hp_gain":0.0,"max_hp_loss":0.0,"gold_gain":0.0,"event_name":"Purifier","player_choice":"Purged","floor":20.0,"gold_loss":0.0,"damage_taken":0.0},{"damage_healed":0,"gold_gain":0,"player_choice":"Copied","damage_taken":0,"max_hp_gain":0,"max_hp_loss":0,"event_name":"Duplicator","floor":39,"gold_loss":0,"cards_obtained":["Limit Break"]}],"is_beta":false,"boss_relics":[{"not_picked":["Fusion Hammer","Cursed Key"],"picked":"Philosopher\u0027s Stone"},{"not_picked":["Runic Pyramid","Runic Dome"],"picked":"Black Star"}],"items_purged_floors":[2,19,44],"is_endless":false,"potions_floor_spawned":[5,7,11,14,16,18,27,31,33,37,41,46,48],"ascension_level":11}}