{"host":"p7j7o00jacnw7qzt","time":1609714917,"event":{"mods":["BaseMod","Colored Map","Colored Powertips","DeckTracker","Highlight Path","Minty Spire (QoL Compilation)","Relic Stats"],"gold_per_floor":[361,372,255,273,10,10,10,10,10,10,41,60,60,80,80,80,80],"floor_reached":16,"playtime":414,"items_purged":["Strike_R","Strike_R"],"score":200,"play_id":"cbdb5e51-2116-48d7-b7cd-27dede6c7750","local_time":"20210103180157","is_ascension_mode":true,"campfire_choices":[{"data":"Rupture","floor":6.0,"key":"SMITH"},{"data":"Bloodletting","floor":10.0,"key":"SMITH"},{"data":"True Grit","floor":13,"key":"SMITH"},{"floor":15,"key":"RECALL"}],"circlet_count":0,"master_deck":["AscendersBane","Strike_R","Strike_R","Strike_R","Defend_R","Defend_R","Defend_R","Defend_R","Bash","Fire Breathing","Bloodletting+1","Rupture+1","True Grit+1","Infernal Blade"],"relics":["Burning Blood","Membership Card","Golden Idol","Akabeko","Happy Flower"],"acts_visited":["Exordium"],"potions_floor_usage":[16],"damage_taken":[{"damage":9.0,"enemies":"Jaw Worm","floor":1.0,"turns":4.0},{"damage":4.0,"enemies":"2 Louse","floor":2.0,"turns":4.0},{"damage":7.0,"enemies":"Cultist","floor":4.0,"turns":5.0},{"damage":38.0,"enemies":"Gremlin Nob","floor":11.0,"turns":4.0},{"damage":8,"enemies":"Looter","floor":12,"turns":3},{"damage":5,"enemies":"2 Fungi Beasts","floor":14,"turns":4},{"damage":30,"enemies":"Hexaghost","floor":16,"turns":7}],"seed_played":"1601795951219280957","potions_obtained":[{"floor":1.0,"key":"BloodPotion"},{"floor":11.0,"key":"EssenceOfSteel"}],"is_trial":false,"path_per_floor":["M","M","$","M","$","R","?","?","T","R","E","M","R","M","R","B"],"character_chosen":"IRONCLAD","items_purchased":["Bloodletting","Membership Card","Rupture"],"campfire_rested":0,"item_purchase_floors":[3,5,5],"current_hp_per_floor":[65,67,67,66,66,66,71,46,46,46,14,12,12,13,13,0,0],"gold":80,"neow_bonus":"TWO_FIFTY_GOLD","is_daily":false,"chose_seed":false,"campfire_upgraded":3,"win_rate":0.0,"timestamp":1609714917,"path_taken":["M","M","$","M","$","R","?","?","T","R","E","M","R","M","R","BOSS"],"items_purchased_type":["Card","Relic","Card"],"build_version":"2020-12-22","purchased_purges":2,"victory":false,"max_hp_per_floor":[68,68,68,68,68,68,73,73,73,73,73,73,73,73,73,73,73],"relic_stats":{"Happy Flower":[4],"counters":[7,31],"Golden Idol":14,"obtain_stats":[{"Happy Flower":11,"Golden Idol":8,"Membership Card":5,"Burning Blood":0,"Akabeko":9},{"Happy Flower":4,"Golden Idol":3,"Membership Card":3,"Burning Blood":0,"Akabeko":3},{"Happy Flower":17,"Golden Idol":13,"Membership Card":13,"Burning Blood":0,"Akabeko":13}],"Burning Blood":36},"card_choices":[{"not_picked":["Wild Strike","True Grit"],"picked":"Fire Breathing","floor":1.0},{"not_picked":["Clothesline","Perfected Strike","Sentinel"],"picked":"SKIP","floor":2.0},{"not_picked":["Wild Strike","Flex","Warcry"],"picked":"SKIP","floor":4.0},{"not_picked":["Perfected Strike","Double Tap"],"picked":"True Grit","floor":11.0},{"not_picked":["Sentinel","Thunderclap"],"picked":"Infernal Blade","floor":12},{"not_picked":["Searing Blow","Body Slam","Perfected Strike"],"picked":"SKIP","floor":14}],"player_experience":975164,"relics_obtained":[{"floor":9.0,"key":"Akabeko"},{"floor":11.0,"key":"Happy Flower"}],"event_choices":[{"damage_healed":0.0,"max_hp_gain":5.0,"max_hp_loss":0.0,"gold_gain":0.0,"event_name":"Big Fish","player_choice":"Donut","floor":7.0,"gold_loss":0.0,"damage_taken":0.0},{"damage_healed":0.0,"max_hp_gain":0.0,"max_hp_loss":0.0,"gold_gain":0.0,"event_name":"Golden Idol","player_choice":"Take Damage","floor":8.0,"gold_loss":0.0,"damage_taken":25.0,"relics_obtained":["Golden Idol"]}],"is_beta":false,"boss_relics":[],"items_purged_floors":[3,5],"is_endless":false,"potions_floor_spawned":[1,11],"killed_by":"Hexaghost","ascension_level":20}}