{"host":"xcuflocadasoaqda","time":1609711545,"event":{"mods":["BaseMod","Bestiary","Filter the Spire","Minty Spire (QoL Compilation)","Relic Stats"],"gold_per_floor":[119,119,139,139,156,184,202,202,202,215,225,225,255,271,271,376,376,391,391,195,229,129,129,164,181,251,251,251,261,272,297,297,400,400,415,462,512,528,208,240,87,122,134,146,18,29,62,77,77,77,77,77,26,57,57],"floor_reached":56,"playtime":3075,"items_purged":["Strike_G","Strike_G","Decay"],"score":1360,"play_id":"c43a8eb4-9de8-43ae-a3a5-5b7405dc2a5b","local_time":"20210103160544","is_ascension_mode":false,"campfire_choices":[{"data":"Backflip","floor":8.0,"key":"SMITH"},{"data":"Deadly Poison","floor":12.0,"key":"SMITH"},{"data":"Catalyst","floor":15.0,"key":"SMITH"},{"floor":23.0,"key":"REST"},{"floor":28.0,"key":"REST"},{"data":"Wraith Form v2","floor":32.0,"key":"SMITH"},{"data":"Wraith Form v2","floor":44.0,"key":"SMITH"},{"floor":49.0,"key":"RECALL"},{"data":"Wraith Form v2","floor":52,"key":"SMITH"}],"circlet_count":0,"master_deck":["Survivor","Neutralize","Calculated Gamble+1","Backstab+1","Noxious Fumes+1","Predator+1","Backflip+1","Deadly Poison+1","Catalyst+1","Poisoned Stab","Corpse Explosion","Deadly Poison+1","Purity","Footwork","Backflip","Wraith Form v2+1","Dodge and Roll+1","After Image","Acrobatics+1","Calculated Gamble+1","Bane","Wraith Form v2+1","Leg Sweep+1","Prepared+1","Crippling Poison+1","Adrenaline+1","Wraith Form v2+1","Bouncing Flask+1","Well Laid Plans"],"relics":["Astrolabe","Bird Faced Urn","Matryoshka","Question Card","Philosopher\u0027s Stone","Red Mask","Juzu Bracelet","Orichalcum","Toxic Egg 2","Boot","Pandora\u0027s Box","Thread and Needle","Lizard Tail","TwistedFunnel","Molten Egg 2","MawBank","Ancient Tea Set","Happy Flower","Incense Burner"],"acts_visited":["Exordium","TheCity","TheBeyond","TheEnding"],"potions_floor_usage":[55,55,55],"damage_taken":[{"damage":0.0,"enemies":"Jaw Worm","floor":1.0,"turns":3.0},{"damage":0.0,"enemies":"2 Louse","floor":3.0,"turns":1.0},{"damage":1.0,"enemies":"Cultist","floor":5.0,"turns":3.0},{"damage":14.0,"enemies":"3 Sentries","floor":6.0,"turns":6.0},{"damage":0.0,"enemies":"Looter","floor":7.0,"turns":4.0},{"damage":3.0,"enemies":"Exordium Thugs","floor":10.0,"turns":6.0},{"damage":2.0,"enemies":"Exordium Wildlife","floor":11.0,"turns":4.0},{"damage":6.0,"enemies":"Lagavulin","floor":13.0,"turns":6.0},{"damage":9.0,"enemies":"Large Slime","floor":14.0,"turns":4.0},{"damage":6.0,"enemies":"The Guardian","floor":16.0,"turns":6.0},{"damage":35.0,"enemies":"3 Byrds","floor":18.0,"turns":3.0},{"damage":26.0,"enemies":"Masked Bandits","floor":21.0,"turns":4.0},{"damage":18.0,"enemies":"Slavers","floor":24.0,"turns":3.0},{"damage":14.0,"enemies":"2 Thieves","floor":25.0,"turns":3.0},{"damage":0.0,"enemies":"3 Cultists","floor":29.0,"turns":2.0},{"damage":0.0,"enemies":"Centurion and Healer","floor":30.0,"turns":3.0},{"damage":2.0,"enemies":"Gremlin Leader","floor":31.0,"turns":5.0},{"damage":23.0,"enemies":"Champ","floor":33.0,"turns":9.0},{"damage":0.0,"enemies":"3 Darklings","floor":35.0,"turns":3.0},{"damage":13.0,"enemies":"2 Orb Walkers","floor":36.0,"turns":5.0},{"damage":0.0,"enemies":"Mind Bloom Boss Battle","floor":37.0,"turns":5.0},{"damage":0.0,"enemies":"3 Shapes","floor":38.0,"turns":4.0},{"damage":0.0,"enemies":"Giant Head","floor":40.0,"turns":8.0},{"damage":4.0,"enemies":"Reptomancer","floor":42.0,"turns":5.0},{"damage":0.0,"enemies":"Writhing Mass","floor":46.0,"turns":5.0},{"damage":0.0,"enemies":"Nemesis","floor":47.0,"turns":5.0},{"damage":0.0,"enemies":"Maw","floor":48.0,"turns":7.0},{"damage":12,"enemies":"Awakened One","floor":50,"turns":14},{"damage":0,"enemies":"Shield and Spear","floor":54,"turns":6},{"damage":27,"enemies":"The Heart","floor":55,"turns":8}],"seed_played":"8880409707583753697","potions_obtained":[{"floor":1.0,"key":"CultistPotion"},{"floor":5.0,"key":"Energy Potion"},{"floor":7.0,"key":"EssenceOfSteel"},{"floor":14.0,"key":"Regen Potion"},{"floor":24.0,"key":"Poison Potion"},{"floor":25.0,"key":"Fire Potion"},{"floor":30.0,"key":"FearPotion"},{"floor":42.0,"key":"Weak Potion"},{"floor":46.0,"key":"Energy Potion"}],"is_trial":false,"path_per_floor":["M","?","M","?","M","E","M","R","T","M","M","R","E","M","R","B",null,"M","?","$","?","$","R","E","M","T","?","R","M","M","E","R","B",null,"M","?","?","M","$","E","$","E","T","R","$","M","E","M","R","B",null,"R","$","E","B",null],"character_chosen":"THE_SILENT","items_purchased":["Footwork","Backflip","TwistedFunnel","Prepared+1","Adrenaline+1","Wraith Form v2","Swift Potion"],"campfire_rested":2,"item_purchase_floors":[20,20,39,39,41,45,53],"current_hp_per_floor":[70,63,63,63,62,48,50,50,50,49,49,49,45,38,38,34,70,35,35,35,11,11,32,30,18,18,18,39,41,45,47,47,30,70,70,61,69,70,70,70,70,70,70,70,70,70,70,70,70,70,70,70,70,70,47],"gold":57,"neow_bonus":"BOSS_RELIC","is_daily":false,"chose_seed":false,"campfire_upgraded":6,"win_rate":0.0,"timestamp":1609711544,"path_taken":["M","?","M","?","M","E","?","R","T","M","M","R","E","M","R","BOSS","M","?","?","?","$","R","E","M","T","?","R","M","M","E","R","BOSS","M","?","?","M","$","E","?","E","T","R","?","M","E","M","R","BOSS","R","$","E","BOSS"],"items_purchased_type":["Card","Card","Relic","Card","Card","Card","Potion"],"build_version":"2020-12-22","purchased_purges":3,"victory":true,"max_hp_per_floor":[70,70,70,70,70,70,70,70,70,70,70,70,70,70,70,70,70,70,70,70,70,70,70,70,70,70,70,70,70,70,70,70,70,70,70,70,70,70,70,70,70,70,70,70,70,70,70,70,70,70,70,70,70,70,70],"relic_stats":{"Lizard Tail":0,"Happy Flower":[11],"counters":[30,150],"Astrolabe":["Calculated Gamble","Backstab","Noxious Fumes"],"Bird Faced Urn":[69],"Pandora\u0027s Box":["Acrobatics","Calculated Gamble","Bane","Wraith Form v2"],"Juzu Bracelet":1,"Orichalcum":[246],"Question Card":20,"Boot":[23],"MawBank":36,"obtain_stats":[{"TwistedFunnel":39,"Happy Flower":47,"Astrolabe":0,"Thread and Needle":36,"Juzu Bracelet":24,"Incense Burner":54,"Orichalcum":26,"Question Card":13,"Boot":31,"MawBank":42,"Ancient Tea Set":43,"Lizard Tail":37,"Matryoshka":9,"Bird Faced Urn":6,"Philosopher\u0027s Stone":17,"Pandora\u0027s Box":34,"Molten Egg 2":40,"Red Mask":21,"Toxic Egg 2":26,"Ring of the Snake":0},{"TwistedFunnel":22,"Happy Flower":26,"Astrolabe":0,"Thread and Needle":20,"Juzu Bracelet":13,"Incense Burner":29,"Orichalcum":14,"Question Card":8,"Boot":17,"MawBank":24,"Ancient Tea Set":24,"Lizard Tail":21,"Matryoshka":5,"Bird Faced Urn":4,"Philosopher\u0027s Stone":10,"Pandora\u0027s Box":18,"Molten Egg 2":23,"Red Mask":12,"Toxic Egg 2":14,"Ring of the Snake":0},{"TwistedFunnel":92,"Happy Flower":115,"Astrolabe":0,"Thread and Needle":83,"Juzu Bracelet":53,"Incense Burner":142,"Orichalcum":56,"Question Card":33,"Boot":66,"MawBank":105,"Ancient Tea Set":105,"Lizard Tail":88,"Matryoshka":17,"Bird Faced Urn":13,"Philosopher\u0027s Stone":43,"Pandora\u0027s Box":75,"Molten Egg 2":100,"Red Mask":50,"Toxic Egg 2":56,"Ring of the Snake":0}]},"card_choices":[{"not_picked":["Finisher","Tactician"],"picked":"Predator","floor":1.0},{"not_picked":["Accuracy","Predator","Finisher"],"picked":"SKIP","floor":3.0},{"not_picked":["Caltrops","Predator"],"picked":"Backflip","floor":5.0},{"not_picked":["Sucker Punch","Cloak And Dagger","PiercingWail"],"picked":"SKIP","floor":6.0},{"not_picked":["Deflect","Dodge and Roll","PiercingWail"],"picked":"SKIP","floor":7.0},{"not_picked":["Riddle With Holes","Backflip","Quick Slash"],"picked":"SKIP","floor":10.0},{"not_picked":["Prepared","Noxious Fumes"],"picked":"Deadly Poison","floor":11.0},{"not_picked":["Underhanded Strike","Slice"],"picked":"Catalyst","floor":13.0},{"not_picked":["Cloak And Dagger","Backflip","Dagger Throw"],"picked":"Poisoned Stab","floor":14.0},{"not_picked":["Venomology","After Image","Unload"],"picked":"Corpse Explosion","floor":16.0},{"not_picked":["Blur","Acrobatics","Flying Knee"],"picked":"Deadly Poison+1","floor":18.0},{"not_picked":["Heel Hook","Prepared","Tools of the Trade","Bane+1"],"picked":"SKIP","floor":24.0},{"not_picked":["Deflect","Poisoned Stab+1","Cloak And Dagger","Prepared"],"picked":"SKIP","floor":25.0},{"not_picked":["Quick Slash","Underhanded Strike","Terror+1"],"picked":"Wraith Form v2","floor":29.0},{"not_picked":["Choke","Setup+1","Caltrops"],"picked":"Dodge and Roll+1","floor":30.0},{"not_picked":["Quick Slash+1","Poisoned Stab","Footwork","Bane+1"],"picked":"SKIP","floor":31.0},{"not_picked":["Venomology+1","Glass Knife","Doppelganger+1"],"picked":"After Image","floor":33.0},{"not_picked":["Slice","Riddle With Holes","Endless Agony","Eviscerate+1"],"picked":"SKIP","floor":35.0},{"not_picked":["Slice+1","Dagger Spray","Accuracy+1"],"picked":"Leg Sweep+1","floor":38.0},{"not_picked":["Sucker Punch+1","Poisoned Stab+1","Skewer+1"],"picked":"Crippling Poison+1","floor":40.0},{"not_picked":["Setup+1","Noxious Fumes","Dagger Spray+1","Blade Dance+1"],"picked":"SKIP","floor":42.0},{"not_picked":["Acrobatics+1","Distraction+1","Venomology+1","Deflect+1"],"picked":"SKIP","floor":46.0},{"not_picked":["Acrobatics+1","Outmaneuver+1","A Thousand Cuts"],"picked":"Bouncing Flask+1","floor":47.0},{"not_picked":["Escape Plan+1","Sucker Punch+1","Distraction+1"],"picked":"Well Laid Plans","floor":48.0},{"not_picked":["Backstab+1","Bane+1","Caltrops+1","Dodge and Roll+1"],"picked":"SKIP","floor":54}],"player_experience":1866905,"relics_obtained":[{"floor":6.0,"key":"Bird Faced Urn"},{"floor":9.0,"key":"Matryoshka"},{"floor":13.0,"key":"Question Card"},{"floor":21.0,"key":"Red Mask"},{"floor":24.0,"key":"Juzu Bracelet"},{"floor":26.0,"key":"Orichalcum"},{"floor":26.0,"key":"Toxic Egg 2"},{"floor":31.0,"key":"Boot"},{"floor":36.0,"key":"Thread and Needle"},{"floor":37.0,"key":"Lizard Tail"},{"floor":40.0,"key":"Molten Egg 2"},{"floor":42.0,"key":"MawBank"},{"floor":43.0,"key":"Ancient Tea Set"},{"floor":47.0,"key":"Happy Flower"},{"floor":54,"key":"Incense Burner"}],"event_choices":[{"cards_removed":["Strike_G"],"damage_healed":0.0,"max_hp_gain":0.0,"max_hp_loss":0.0,"gold_gain":0.0,"event_name":"Golden Wing","player_choice":"Card Removal","floor":2.0,"gold_loss":0.0,"damage_taken":7.0},{"damage_healed":0.0,"max_hp_gain":0.0,"max_hp_loss":0.0,"gold_gain":0.0,"event_name":"Upgrade Shrine","player_choice":"Upgraded","floor":4.0,"gold_loss":0.0,"damage_taken":0.0,"cards_upgraded":["Predator"]},{"damage_healed":0.0,"max_hp_gain":0.0,"max_hp_loss":0.0,"gold_gain":0.0,"event_name":"Match and Keep!","player_choice":"1 cards matched","floor":19.0,"gold_loss":0.0,"damage_taken":0.0,"cards_obtained":["Purity"]},{"damage_healed":0.0,"max_hp_gain":0.0,"max_hp_loss":0.0,"gold_gain":0.0,"event_name":"Masked Bandits","player_choice":"Fought Bandits","floor":21.0,"gold_loss":0.0,"damage_taken":0.0},{"damage_healed":0.0,"max_hp_gain":0.0,"max_hp_loss":0.0,"gold_gain":0.0,"event_name":"Forgotten Altar","player_choice":"Smashed Altar","floor":27.0,"gold_loss":0.0,"damage_taken":0.0,"cards_obtained":["Decay"]},{"damage_healed":0.0,"max_hp_gain":0.0,"max_hp_loss":0.0,"gold_gain":0.0,"event_name":"Mysterious Sphere","player_choice":"Fight","floor":36.0,"gold_loss":0.0,"damage_taken":0.0},{"damage_healed":0.0,"max_hp_gain":0.0,"max_hp_loss":0.0,"gold_gain":0.0,"event_name":"MindBloom","player_choice":"Fight","floor":37.0,"gold_loss":0.0,"damage_taken":0.0}],"is_beta":false,"boss_relics":[{"not_picked":["Velvet Choker","Tiny House"],"picked":"Philosopher\u0027s Stone"},{"not_picked":["WristBlade","HoveringKite"],"picked":"Pandora\u0027s Box"}],"items_purged_floors":[20,22,39],"is_endless":false,"potions_floor_spawned":[1,5,7,11,14,24,25,30,42,46,47,48],"ascension_level":0}}