{"host":"mytek2nu1hrzdnew","time":1609707158,"event":{"mods":["Aspiration","BaseMod","Clawfect","Conspire","Energized Spire","Evolution","GifTheSpireLib","Gold Saver","Hubris","Minty Spire (QoL Compilation)","Replay The Spire","Retaliation","StSLib","Stuff the Spire","The Blue Laboratory","Uncapped"],"gold_per_floor":[366,67,84,2,2,2,30,30,57,90,90,19,37,50,50,153,153,165,185,201,201,218,218,218],"floor_reached":23,"playtime":1079,"items_purged":["Defend_B","Doubt"],"score":351,"play_id":"73a1d553-103d-49cc-a19c-6b7d9108218c","local_time":"20210103155238","is_ascension_mode":true,"campfire_choices":[{"data":"conspire:Banana","floor":6,"key":"SMITH"},{"floor":8,"key":"REST"},{"data":"Capacitor","floor":11,"key":"SMITH"},{"floor":15,"key":"REST"}],"circlet_count":0,"master_deck":["Gash","Gash","Gash","Gash","Gash","Conserve Battery","Conserve Battery","Defend_B","StuffTheSpire:Coldhearted","Capacitor+1","Clawfect:ClawSnap","conspire:Banana+1","Gash","Electrodynamics","Clawfect:ClawSnap","Clawfect:ClawLightning","Hello World","Clawfect:ClawingBeam","Clawfect:ClawingBeam","Gash+1"],"relics":["Clawfect:DRClaw","EVO:Axolotl","Dream Catcher","aspiration:EnhancedActuators","ReplayTheSpireMod:CursedCoin","Centennial Puzzle","ReplayFunnel","Lantern","energizedSpire:DeadBattery"],"acts_visited":["Exordium","TheCity"],"potions_floor_usage":[16,16,16],"damage_taken":[{"damage":0,"enemies":"Cultist","floor":1,"turns":4},{"damage":9,"enemies":"Jaw Worm","floor":3,"turns":4},{"damage":27,"enemies":"Gremlin Nob","floor":7,"turns":5},{"damage":4,"enemies":"Replay:BlueRogue","floor":10,"turns":4},{"damage":0,"enemies":"Small Slimes","floor":13,"turns":3},{"damage":0,"enemies":"2 Fungi Beasts","floor":14,"turns":3},{"damage":0,"enemies":"Fading Forest","floor":16,"turns":10},{"damage":0,"enemies":"Shell Parasite","floor":18,"turns":4},{"damage":12,"enemies":"3 Byrds","floor":19,"turns":4},{"damage":58,"enemies":"Snecko","floor":20,"turns":6},{"damage":25,"enemies":"Snake Plant","floor":22,"turns":4},{"damage":8,"enemies":"Book of Stabbing","floor":23,"turns":3}],"seed_played":"-7247158666981666717","potions_obtained":[{"floor":7,"key":"Block Potion"},{"floor":14,"key":"Toxic Potion"}],"is_trial":false,"path_per_floor":["M","$","M","$","?","R","E","R","T","E","R","$","M","M","R","B",null,"M","M","M","?","M","E"],"character_chosen":"DEFECT","items_purchased":["aspiration:EnhancedActuators","Capacitor","ReplayTheSpireMod:CursedCoin","conspire:Banana","blueLaboratory:BottleOfRum","Clawfect:ClawSnap","Clawfect:ClawLightning"],"campfire_rested":2,"item_purchase_floors":[2,2,4,4,4,12,12],"current_hp_per_floor":[75,75,66,66,66,66,41,64,64,62,62,62,64,66,83,85,85,87,77,21,24,1,0,0],"gold":218,"neow_bonus":"RANDOM_COMMON_RELIC","is_daily":false,"chose_seed":false,"campfire_upgraded":2,"win_rate":0.0,"timestamp":1609707158,"path_taken":["M","$","M","$","?","R","E","R","T","E","R","?","M","M","R","BOSS","M","M","?","?","M","E"],"items_purchased_type":["Relic","Card","Relic","Card","Potion","Card","Card"],"build_version":"2020-12-22","purchased_purges":2,"victory":false,"max_hp_per_floor":[75,75,75,75,75,75,77,77,77,79,79,79,81,83,83,85,85,87,89,91,94,96,98,98],"card_choices":[{"not_picked":["Steam","BasicCrystalCard"],"picked":"StuffTheSpire:Coldhearted","floor":1},{"not_picked":["Clawfect:ClawCell","Redo"],"picked":"Clawfect:ClawSnap","floor":3},{"not_picked":["Blizzard","Hologram","Lockon"],"picked":"SKIP","floor":7},{"not_picked":["Rebound","StuffTheSpire:LoadUp"],"picked":"Gash","floor":8},{"not_picked":["BasicCrystalCard","ReplayTheSpireMod:Repulse"],"picked":"Electrodynamics","floor":10},{"not_picked":["Clawfect:Clawline","Clawfect:Clawrage","Stack"],"picked":"SKIP","floor":13},{"not_picked":["ReplayTheSpireMod:Repulse","Tempest","Consume"],"picked":"SKIP","floor":14},{"not_picked":["ReplaySolidLightProjector","Redo"],"picked":"Hello World","floor":15},{"not_picked":["conspire:Rain+1","Static Discharge+1"],"picked":"Clawfect:ClawingBeam","floor":18},{"not_picked":["Redo","Turbo","Hologram"],"picked":"SKIP","floor":19},{"not_picked":["Gash","conspire:SharedLibrary"],"picked":"Clawfect:ClawingBeam","floor":20},{"not_picked":["Leap","Aggregate"],"picked":"Gash+1","floor":22}],"player_experience":1014497,"relics_obtained":[{"floor":7,"key":"Centennial Puzzle"},{"floor":9,"key":"ReplayFunnel"},{"floor":10,"key":"Lantern"}],"event_choices":[{"cards_removed":["Defend_B"],"damage_healed":0,"gold_gain":0,"player_choice":"Purged","damage_taken":0,"max_hp_gain":0,"max_hp_loss":0,"event_name":"Purifier","floor":5,"gold_loss":0}],"is_beta":false,"boss_relics":[{"not_picked":["hubris:HollowSoul","Fusion Hammer"],"picked":"energizedSpire:DeadBattery"}],"items_purged_floors":[2,4],"is_endless":false,"potions_floor_spawned":[1,7,13,14,18],"killed_by":"Book of Stabbing","ascension_level":4}}