{"host":"ixqzyafodex1tsi5","time":1609659459,"event":{"mods":["ATMod(°¢èªMod)","AchievementEnabler","Act Like it!","BaseMod","Gensokyo","GifTheSpireLib","Lobotomy","LobotomyExtend","Luminous","Minty Spire (QoL Compilation)","Relic Stats","Replay The Spire","RumiaBox-Â¶Ã×æ«µÄÉñÃØºÐ×Ó","Shop Mod","Spicy Shops","StSLib","The Cursed","[IsaacMod]ÒÔÈö¼âËþ","¡¾¹¦ÄÜMod¡¿»ìãçÖ®»·ÐÞ¸´²¹¶¡","¡¾ÒÅÎï¿¨ÅÆ¡¿REMEMod"],"gold_per_floor":[116,116,133,147,158,258,258,17,17,17,80,80,143,157,157,185,185],"floor_reached":16,"playtime":424,"items_purged":["Defend_G"],"score":120,"play_id":"475daab3-7e64-44ce-94b0-b8d878473e0e","local_time":"20210103153739","is_ascension_mode":true,"campfire_choices":[{"data":"AT_EmpoweredMortalDraw","floor":7,"key":"SMITH"},{"data":"EpicFetus","floor":10,"key":"SMITH"},{"data":"REME_CopyPotion","floor":15,"key":"SMITH"}],"circlet_count":0,"master_deck":["Strike_G","Strike_G","Strike_G","Strike_G","Strike_G","Defend_G","Defend_G","Defend_G","Survivor","Neutralize","EpicFetus+1","AT_EmpoweredMortalDraw+1","Reboot","Blade Dance","Burst","Infinite Blades","Injury","REME_CopyPotion+1"],"relics":["REME_ComplimentaryCards","HushsDoor","AT_ATBox","YumHeart","ChewingGum","LetterFromLob","SteamSale","Shuriken","SalivaCoin","Heaven_r","Gaze_r","Ring of Fury","Art of War"],"acts_visited":["Exordium"],"potions_floor_usage":[13],"damage_taken":[{"damage":1,"enemies":"Cultist","floor":1,"turns":3},{"damage":9,"enemies":"Jaw Worm","floor":3,"turns":2},{"damage":0,"enemies":"Small Slimes","floor":4,"turns":2},{"damage":0,"enemies":"Gremlin Gang","floor":5,"turns":1},{"damage":0,"enemies":"Exordium Wildlife","floor":11,"turns":1},{"damage":29,"enemies":"Exordium Wildlife","floor":11,"turns":3},{"damage":6,"enemies":"3 Sentries","floor":13,"turns":2},{"damage":0,"enemies":"Exordium Wildlife","floor":14,"turns":1},{"damage":20,"enemies":"The Guardian","floor":16,"turns":4}],"seed_played":"-6415597111492067894","potions_obtained":[{"floor":3,"key":"REME_GoldPotion"},{"floor":14,"key":"Elixir"}],"is_trial":false,"path_per_floor":["M","?","M","M","M","?","R","$","T","R","M","?","E","M","R","B"],"character_chosen":"THE_SILENT","items_purchased":["SteamSale","Shuriken"],"campfire_rested":0,"item_purchase_floors":[8,8],"current_hp_per_floor":[69,62,53,53,53,53,53,53,53,53,24,24,18,18,18,0,0],"gold":185,"neow_bonus":"BOSS_RELIC","is_daily":false,"chose_seed":false,"campfire_upgraded":3,"win_rate":0.0,"timestamp":1609659459,"path_taken":["M","?","M","?","?","?","R","?","T","R","M","?","E","M","R","BOSS"],"items_purchased_type":["Relic","Relic"],"build_version":"2020-12-22","purchased_purges":1,"victory":false,"max_hp_per_floor":[70,70,70,70,70,70,70,70,70,70,70,70,70,70,70,70,70],"relic_stats":{"counters":[9,19],"Shuriken":[3],"Art of War":[0],"obtain_stats":[{"KeepersGift":0,"AT_ATBox":0,"SteamSale":8,"Gaze_r":11,"Heaven_r":11,"YumHeart":0,"Shuriken":8,"ChewingGum":0,"Ring of Fury":12,"LetterFromLob":1,"SalivaCoin":9,"Art of War":13,"HushsDoor":0,"Ring of the Snake":0,"REME_ComplimentaryCards":0},{"KeepersGift":0,"AT_ATBox":0,"SteamSale":4,"Gaze_r":6,"Heaven_r":5,"YumHeart":0,"Shuriken":4,"ChewingGum":0,"Ring of Fury":6,"LetterFromLob":1,"SalivaCoin":4,"Art of War":7,"HushsDoor":0,"Ring of the Snake":0,"REME_ComplimentaryCards":0},{"KeepersGift":0,"AT_ATBox":0,"SteamSale":8,"Gaze_r":12,"Heaven_r":9,"YumHeart":0,"Shuriken":8,"ChewingGum":0,"Ring of Fury":12,"LetterFromLob":3,"SalivaCoin":8,"Art of War":14,"HushsDoor":0,"Ring of the Snake":0,"REME_ComplimentaryCards":0}]},"card_choices":[{"not_picked":[],"picked":"EpicFetus","floor":0},{"not_picked":["Deflect","Quick Slash"],"picked":"Blade Dance","floor":1},{"not_picked":["Poisoned Stab","Well Laid Plans"],"picked":"Bomb","floor":3},{"not_picked":["Underhanded Strike","Backflip","AT_KneejerkReflex"],"picked":"SKIP","floor":4},{"not_picked":["AT_Desolate","Cloak And Dagger"],"picked":"Burst","floor":5},{"not_picked":["Slice","Outmaneuver"],"picked":"Infinite Blades","floor":6},{"not_picked":["Cloak And Dagger","ReplayTheSpireMod:The Works"],"picked":"REME_CopyPotion","floor":13},{"not_picked":["Draining Mist","Backflip","AT_ThistleTea"],"picked":"SKIP","floor":14}],"player_experience":208048,"relics_obtained":[{"floor":1,"key":"LetterFromLob"},{"floor":9,"key":"SalivaCoin"},{"floor":12,"key":"Ring of Fury"},{"floor":13,"key":"Art of War"}],"event_choices":[{"cards_removed":["Defend_G"],"damage_healed":0,"gold_gain":0,"player_choice":"Card Removal","damage_taken":7,"max_hp_gain":0,"max_hp_loss":0,"event_name":"Golden Wing","floor":2,"gold_loss":0}],"is_beta":false,"boss_relics":[],"items_purged_floors":[8],"is_endless":false,"potions_floor_spawned":[3,11,11,14],"killed_by":"The Guardian","ascension_level":4}}