{"host":"l60rmjjsfi0fipmi","time":1609638416,"event":{"mods":["BaseMod","Colored Map","DeckTracker","Highlight Path","Minty Spire (QoL Compilation)"],"gold_per_floor":[115,115,125,143,158,158,174,349,349,369,369,444,461,0,0,103,103,122,0,0,11,24,24,52,67,67,67,81,81,81],"floor_reached":29,"playtime":3016,"items_purged":["Defend_B"],"score":239,"play_id":"40be8366-fc22-4cb3-a39e-687c02660390","local_time":"20210102204656","is_ascension_mode":false,"campfire_choices":[{"data":"Zap","floor":6,"key":"SMITH"},{"data":"Hologram","floor":11,"key":"SMITH"},{"data":"Creative AI","floor":15,"key":"SMITH"},{"data":"White Noise","floor":23,"key":"SMITH"},{"data":"Defragment","floor":27,"key":"SMITH"}],"circlet_count":0,"master_deck":["Strike_B","Defend_B","Defend_B","Zap+1","Dualcast","Sweeping Beam","BootSequence","Hologram+1","Glacier","Ball Lightning","Doubt","Creative AI+1","Stack","Hello World","Doom and Gloom","Rainbow","Conserve Battery+1","Stack+1","Darkness+1","White Noise+1","Defragment+1","Leap"],"relics":["Sozu","Bottled Flame","Pear","Astrolabe","Happy Flower","Orichalcum"],"acts_visited":["Exordium","TheCity"],"potions_floor_usage":[],"damage_taken":[{"damage":0,"enemies":"Small Slimes","floor":1,"turns":2},{"damage":0,"enemies":"Cultist","floor":3,"turns":3},{"damage":0,"enemies":"2 Louse","floor":4,"turns":3},{"damage":0,"enemies":"Looter","floor":5,"turns":3},{"damage":6,"enemies":"3 Louse","floor":7,"turns":4},{"damage":0,"enemies":"2 Fungi Beasts","floor":10,"turns":3},{"damage":0,"enemies":"Gremlin Gang","floor":13,"turns":5},{"damage":31,"enemies":"Hexaghost","floor":16,"turns":9},{"damage":0,"enemies":"Chosen","floor":18,"turns":3},{"damage":4,"enemies":"Shell Parasite","floor":21,"turns":7},{"damage":9,"enemies":"Centurion and Healer","floor":22,"turns":7},{"damage":3,"enemies":"Book of Stabbing","floor":24,"turns":5},{"damage":19,"enemies":"Chosen and Byrds","floor":25,"turns":6},{"damage":6,"enemies":"Cultist and Chosen","floor":28,"turns":6},{"damage":55,"enemies":"Gremlin Leader","floor":29,"turns":6}],"seed_played":"4765166078402096975","potions_obtained":[],"is_trial":false,"path_per_floor":["M","?","M","M","M","R","M","?","T","M","R","?","M","$","R","B",null,"M","?","?","M","M","R","E","M","T","R","M","E"],"character_chosen":"DEFECT","items_purchased":["Hello World","Doom and Gloom","Pear"],"campfire_rested":0,"item_purchase_floors":[14,14,14],"current_hp_per_floor":[75,75,75,75,75,75,69,69,69,69,69,58,58,68,68,37,85,85,85,85,81,72,72,69,50,50,50,44,0,0],"gold":81,"neow_bonus":"BOSS_RELIC","is_daily":false,"chose_seed":false,"campfire_upgraded":5,"win_rate":0.0,"timestamp":1609638416,"path_taken":["M","?","?","M","M","R","M","?","T","M","R","?","M","$","R","BOSS","M","?","?","M","M","R","E","M","T","R","M","E"],"items_purchased_type":["Card","Card","Relic"],"build_version":"2020-12-22","purchased_purges":1,"victory":false,"max_hp_per_floor":[75,75,75,75,75,75,75,75,75,75,75,75,75,85,85,85,85,85,85,85,85,85,85,85,85,85,85,85,85,85],"card_choices":[{"not_picked":["Cold Snap","Rebound"],"picked":"Sweeping Beam","floor":1},{"not_picked":["Compile Driver","Barrage"],"picked":"BootSequence","floor":3},{"not_picked":["Scrape","Compile Driver"],"picked":"Hologram","floor":4},{"not_picked":["Melter","Reprogram"],"picked":"Glacier","floor":5},{"not_picked":["Static Discharge","Conserve Battery"],"picked":"Ball Lightning","floor":7},{"not_picked":["Go for the Eyes","Steam Power"],"picked":"Creative AI","floor":10},{"not_picked":["Redo","Aggregate"],"picked":"Stack","floor":13},{"not_picked":["Multi-Cast","Creative AI"],"picked":"Rainbow","floor":16},{"not_picked":["Sweeping Beam+1","Melter","Coolheaded"],"picked":"SKIP","floor":18},{"not_picked":["Beam Cell","Hologram+1"],"picked":"White Noise","floor":21},{"not_picked":["Conserve Battery+1","Double Energy","Chill"],"picked":"SKIP","floor":22},{"not_picked":["Barrage","Biased Cognition"],"picked":"Defragment","floor":24},{"not_picked":["Recycle+1","Redo+1","Melter"],"picked":"SKIP","floor":25},{"not_picked":["Steam","Darkness"],"picked":"Leap","floor":28}],"player_experience":196412,"relics_obtained":[{"floor":9,"key":"Bottled Flame"},{"floor":24,"key":"Happy Flower"},{"floor":26,"key":"Orichalcum"}],"event_choices":[{"cards_removed":["Strike_B"],"damage_healed":0,"gold_gain":0,"player_choice":"Offered Basic","damage_taken":0,"max_hp_gain":0,"max_hp_loss":0,"event_name":"Bonfire Elementals","floor":2,"gold_loss":0},{"damage_healed":0,"gold_gain":175,"player_choice":"AGREE","damage_taken":0,"max_hp_gain":0,"max_hp_loss":0,"event_name":"Liars Game","floor":8,"gold_loss":0,"cards_obtained":["Doubt"]},{"damage_healed":0,"gold_gain":75,"player_choice":"Gather Gold","damage_taken":11,"max_hp_gain":0,"max_hp_loss":0,"event_name":"World of Goop","floor":12,"gold_loss":0},{"damage_healed":0,"gold_gain":0,"player_choice":"Paid Fearfully","damage_taken":0,"max_hp_gain":0,"max_hp_loss":0,"event_name":"Masked Bandits","floor":19,"gold_loss":122},{"damage_healed":0,"gold_gain":0,"player_choice":"Ignored","damage_taken":0,"max_hp_gain":0,"max_hp_loss":0,"event_name":"Cursed Tome","floor":20,"gold_loss":0}],"is_beta":false,"boss_relics":[{"not_picked":["Snecko Eye","SacredBark"],"picked":"Astrolabe"}],"items_purged_floors":[14],"is_endless":false,"potions_floor_spawned":[4,7,13,16,21,22,25,28],"killed_by":"Gremlin Leader","ascension_level":0}}