{"host":"p4v0hquynnreu717","time":1609688424,"event":{"mods":["BaseMod","Better Vampires","DeckTracker","Googly Eyes","Minty Spire (QoL Compilation)","Quick Restart","StSLib","SuperFastMode"],"gold_per_floor":[117,117,117,131,145,145,145,145],"floor_reached":7,"playtime":144,"items_purged":[],"score":72,"play_id":"21c153f4-cb9e-4943-8eb9-958b3c4317fa","local_time":"20210103234024","is_ascension_mode":true,"campfire_choices":[{"data":"Glass Knife","floor":6,"key":"SMITH"}],"circlet_count":0,"master_deck":["AscendersBane","Strike_G+1","Strike_G","Strike_G","Strike_G+1","Strike_G","Defend_G","Defend_G","Defend_G","Defend_G","Defend_G","Survivor","Neutralize","Glass Knife+1","Bane","Accuracy","Reflex"],"relics":["Ring of the Snake","Golden Idol"],"acts_visited":["Exordium"],"potions_floor_usage":[7],"damage_taken":[{"damage":0,"enemies":"2 Louse","floor":1,"turns":2},{"damage":2,"enemies":"Small Slimes","floor":4,"turns":3},{"damage":1,"enemies":"Jaw Worm","floor":5,"turns":2},{"damage":29,"enemies":"Lagavulin","floor":7,"turns":8}],"seed_played":"-8385005394740079524","potions_obtained":[{"floor":5,"key":"Block Potion"}],"is_trial":false,"path_per_floor":["M","?","?","M","M","R","E"],"character_chosen":"THE_SILENT","items_purchased":[],"campfire_rested":0,"item_purchase_floors":[],"current_hp_per_floor":[59,54,38,36,35,35,6,6],"gold":145,"neow_bonus":"THREE_RARE_CARDS","is_daily":false,"chose_seed":false,"campfire_upgraded":1,"win_rate":0.0,"timestamp":1609688424,"path_taken":["M","?","?","M","M","R","E"],"items_purchased_type":[],"build_version":"2020-12-22","purchased_purges":0,"victory":false,"max_hp_per_floor":[60,54,54,54,54,54,54,54],"card_choices":[{"not_picked":["Adrenaline","Malaise"],"picked":"Glass Knife","floor":0},{"not_picked":["Cloak And Dagger","Outmaneuver"],"picked":"Bane","floor":1},{"not_picked":["Footwork","Dagger Spray"],"picked":"Accuracy","floor":4},{"not_picked":["Concentrate","Slice"],"picked":"Reflex","floor":5}],"player_experience":747961,"relics_obtained":[],"event_choices":[{"damage_healed":0,"gold_gain":0,"player_choice":"Lose Max HP","damage_taken":0,"relics_obtained":["Golden Idol"],"max_hp_gain":0,"max_hp_loss":6,"event_name":"Golden Idol","floor":2,"gold_loss":0},{"damage_healed":0,"gold_gain":0,"player_choice":"Entered Light","damage_taken":16,"max_hp_gain":0,"max_hp_loss":0,"event_name":"Shining Light","floor":3,"gold_loss":0,"cards_upgraded":["Strike_G","Strike_G"]}],"is_beta":false,"boss_relics":[],"items_purged_floors":[],"is_endless":false,"potions_floor_spawned":[5],"killed_by":"Lagavulin","ascension_level":15}}