{"host":"kev6uqotw4tlyx8l","time":1609639100,"event":{"mods":["Act Like it!","Aspiration","BaseMod","Colored Powertips","Dota2Spire","Downfall","Hallownest","Infinite Spire","Marisa????????","Minty Spire (QoL Compilation)","Quick Restart","Remilia??????","Replay The Spire","StSLib","The Cursed","The Jungle","The Marked","The Mystic","The Servant 0.9.4"],"gold_per_floor":[115,115,128,128,34,34,34,34,57,68,79,79,104,2,2,104,104,114,114,114,114,74,102,102,117,143,155,105,121,136,151,151,264,264,300,331,331,367,367,367],"floor_reached":39,"playtime":1418,"items_purged":["Regret","Parasite"],"score":626,"play_id":"d8be079d-1fb1-437a-aa46-42f2a98812cc","local_time":"20210103085820","is_ascension_mode":false,"campfire_choices":[{"data":"ReplayTheSpireMod:LeadingStrike","floor":6,"key":"SMITH"},{"data":"Thunderclap","floor":8,"key":"SMITH"},{"floor":15,"key":"REST"},{"data":"Offering","floor":24,"key":"SMITH"},{"data":"Reaper","floor":32,"key":"SMITH"}],"circlet_count":0,"master_deck":["Defend_R+1","Defend_R+1","Defend_R","Bash","Run Through","ReplayTheSpireMod:LeadingStrike+1","Twin Strike","ReplayTheSpireMod:Stacked","Thunderclap+1","Pot Of Greed","Pot Of Greed","Twin Strike+1","Thunderclap","Reaper+1","Cleave","Offering+1","Replay:Undeath\u0027s Touch","Bite","Bite","Bite","Bite+1","Bite","Pot Of Greed","Clash","Anger","Replay:Undeath\u0027s Touch+1","Headbutt","Dropkick+1","Armaments+1","Feed","Sword Boomerang+1","Dual Wield","Pot Of Greed","infinitespire:NeuralNetwork","Infernal Blade"],"relics":["Burning Blood","ReplayTheSpireMod:Ninjato","GremlinMask","Grinning Jar","Smiling Mask","Dota2Spire:Bloodstone","Omamori","Dota2Spire:PowerTreads","Simple Rune","infinitespire:EvilPickle","Runic Cube","Anchor"],"acts_visited":["Exordium","TheCity","TheBeyond"],"potions_floor_usage":[13,16,16,23,33,33,39,39],"damage_taken":[{"damage":14,"enemies":"2 Louse","floor":1,"turns":4},{"damage":9,"enemies":"Cultist","floor":3,"turns":3},{"damage":13,"enemies":"Jaw Worm","floor":10,"turns":3},{"damage":22,"enemies":"3 Louse","floor":11,"turns":3},{"damage":23,"enemies":"Replay:BlueRogue","floor":13,"turns":5},{"damage":72,"enemies":"Hexaghost","floor":16,"turns":8},{"damage":11,"enemies":"Chosen","floor":18,"turns":4},{"damage":24,"enemies":"Replay:Snechameleon","floor":23,"turns":6},{"damage":6,"enemies":"Spheric Guardian","floor":25,"turns":2},{"damage":6,"enemies":"Cultist and Chosen","floor":27,"turns":3},{"damage":16,"enemies":"Snake Plant","floor":29,"turns":3},{"damage":6,"enemies":"Centurion and Healer","floor":30,"turns":2},{"damage":8,"enemies":"Chosen and Byrds","floor":31,"turns":2},{"damage":64,"enemies":"Pondfish","floor":33,"turns":6},{"damage":15,"enemies":"3 Darklings","floor":35,"turns":3},{"damage":20,"enemies":"3 Shapes","floor":36,"turns":3},{"damage":37,"enemies":"Writhing Mass","floor":38,"turns":5},{"damage":47,"enemies":"Sphere and 2 Shapes","floor":39,"turns":5}],"seed_played":"-7345750163040550708","potions_obtained":[{"floor":1,"key":"AttackPotion"},{"floor":11,"key":"AttackPotion"},{"floor":13,"key":"Strength Potion"},{"floor":16,"key":"SpeedPotion"},{"floor":18,"key":"GamblersBrew"},{"floor":25,"key":"Slimebound:ThreeZeroPotion"},{"floor":29,"key":"sneckomod:MuddlingPotion"},{"floor":31,"key":"BlessingOfTheForge"},{"floor":36,"key":"SkillPotion"},{"floor":38,"key":"SkillPotion"}],"is_trial":false,"path_per_floor":["M","?","M","?","$","R","?","R","T","M","M","?","E","$","R","B",null,"M","?","?","$","?","E","R","M","T","M","$","M","M","M","R","B",null,"M","M","AVR","M","M"],"character_chosen":"IRONCLAD","items_purchased":["Twin Strike","ReplayTheSpireMod:Stacked","Cleave"],"campfire_rested":1,"item_purchase_floors":[5,5,14],"current_hp_per_floor":[72,72,69,69,69,69,69,69,69,62,46,66,49,49,73,7,80,80,80,56,56,56,52,52,56,56,56,53,43,52,53,53,17,53,51,44,44,30,0,0],"gold":367,"neow_bonus":"RANDOM_EVENT","is_daily":false,"chose_seed":false,"campfire_upgraded":4,"win_rate":0.0,"timestamp":1609639100,"path_taken":["M","?","?","?","$","R","?","R","T","M","?","?","E","$","R","BOSS","M","?","?","$","?","E","R","?","T","M","?","M","M","M","R","BOSS","M","M","AVR","M","M"],"items_purchased_type":["Card","Card","Card"],"build_version":"2020-12-22","purchased_purges":2,"victory":false,"max_hp_per_floor":[80,80,80,80,80,80,80,80,80,80,80,80,80,80,80,80,80,80,80,56,56,56,56,56,56,56,56,53,53,53,53,53,53,53,56,56,56,56,56,56],"card_choices":[{"not_picked":["Flex","Burning Pact"],"picked":"Run Through","floor":1},{"not_picked":["Havoc","Intimidate"],"picked":"ReplayTheSpireMod:LeadingStrike","floor":3},{"not_picked":["Pommel Strike","Body Slam"],"picked":"Twin Strike","floor":10},{"not_picked":["Second Wind","Evolve"],"picked":"Thunderclap","floor":11},{"not_picked":["Armaments","Perfected Strike"],"picked":"Reaper","floor":13},{"not_picked":["Eclipse","Replay:Many Hands"],"picked":"Offering","floor":16},{"not_picked":["Power Through","ReplayTheSpireMod:Strike From Hell"],"picked":"Replay:Undeath\u0027s Touch","floor":18},{"not_picked":["Spot Weakness","Power Through+1"],"picked":"Clash","floor":23},{"not_picked":["Havoc","Heavy Blade"],"picked":"Anger","floor":25},{"not_picked":["Exhume","Clash"],"picked":"Replay:Undeath\u0027s Touch+1","floor":27},{"not_picked":["Anger","Wild Strike"],"picked":"Headbutt","floor":29},{"not_picked":["Perfected Strike","Cleave"],"picked":"Dropkick+1","floor":30},{"not_picked":["Thunderclap+1","Body Slam"],"picked":"Armaments+1","floor":31},{"not_picked":["Eclipse","Immolate"],"picked":"Feed","floor":33},{"not_picked":["Bloodletting","Wild Strike+1"],"picked":"Sword Boomerang+1","floor":35},{"not_picked":["Second Wind","Wild Strike"],"picked":"Dual Wield","floor":36},{"not_picked":["Brutality","Whirlwind"],"picked":"Infernal Blade","floor":38}],"player_experience":68544,"relics_obtained":[{"floor":9,"key":"Grinning Jar"},{"floor":13,"key":"Smiling Mask"},{"floor":23,"key":"Dota2Spire:PowerTreads"},{"floor":26,"key":"Simple Rune"}],"event_choices":[{"damage_healed":0,"gold_gain":0,"player_choice":"Box","damage_taken":0,"relics_obtained":["ReplayTheSpireMod:Ninjato"],"max_hp_gain":0,"max_hp_loss":0,"event_name":"Big Fish","floor":0,"gold_loss":0,"cards_obtained":["Regret"]},{"damage_healed":0,"gold_gain":0,"player_choice":"Trade","damage_taken":0,"relics_obtained":["GremlinMask"],"max_hp_gain":0,"max_hp_loss":0,"event_name":"FaceTrader","floor":2,"gold_loss":0},{"damage_healed":0,"gold_gain":0,"cards_transformed":["Defend_R"],"player_choice":"Transformed","damage_taken":0,"max_hp_gain":0,"max_hp_loss":0,"event_name":"Transmorgrifier","floor":7,"gold_loss":0,"cards_obtained":["Thunderclap"]},{"damage_healed":20,"gold_gain":0,"player_choice":"Healed and dodged fight","damage_taken":0,"max_hp_gain":0,"max_hp_loss":0,"event_name":"Mushrooms","floor":12,"gold_loss":0,"cards_obtained":["Parasite"]},{"damage_healed":0,"gold_gain":0,"player_choice":"Became a vampire","damage_taken":0,"max_hp_gain":0,"max_hp_loss":24,"event_name":"Vampires","floor":20,"gold_loss":0,"cards_obtained":["Bite","Bite","Bite","Bite","Bite"]},{"damage_healed":0,"gold_gain":0,"player_choice":"Upgraded Two","damage_taken":0,"max_hp_gain":0,"max_hp_loss":0,"event_name":"Designer","floor":22,"gold_loss":40,"cards_upgraded":["Twin Strike","Bite"]}],"is_beta":false,"boss_relics":[{"not_picked":["infinitespire:Cupcake","Fusion Hammer"],"picked":"Dota2Spire:Bloodstone"},{"not_picked":["Replay:Grab Bag","Ooze Armor"],"picked":"Runic Cube"}],"items_purged_floors":[14,28],"is_endless":false,"potions_floor_spawned":[1,11,13,16,18,25,29,31,33,36,38],"killed_by":"Sphere and 2 Shapes","ascension_level":0}}