{"host":"ksmhkxap3eqvmwsu","time":1609658829,"event":{"mods":["AchievementEnabler","BaseMod","Infinite Spire","Minty Spire (QoL Compilation)","StSLib"],"gold_per_floor":[110,130,130,230,244,273,292,292,292,324,336,361,386,399,399,494,494,509,525,542,552,569,603,603,139,163,198,217,217,217,217,217,314,314,326,326,326,343,343,378,391,418,418,434,414,428,428,444,444,444,444],"floor_reached":50,"playtime":4113,"items_purged":["Defend_R","Strike_R"],"score":699,"play_id":"d1ae5ed3-ff21-4298-9b31-86227abdb168","local_time":"20210103092709","is_ascension_mode":true,"campfire_choices":[{"data":"infinitespire:SevenWalls","floor":8,"key":"SMITH"},{"floor":15,"key":"RECALL"},{"floor":24,"key":"REST"},{"floor":30,"key":"REST"},{"data":"Heavy Blade","floor":32,"key":"SMITH"},{"data":"Rage","floor":47,"key":"SMITH"},{"data":"Armaments","floor":49,"key":"SMITH"}],"circlet_count":0,"master_deck":["Strike_R","Strike_R","Strike_R","Strike_R","Defend_R","Defend_R","Defend_R","Bash","Headbutt","Armaments+1","infinitespire:SevenWalls+1","Heavy Blade+1","Spot Weakness","Pummel","Anger","Clash+1","Anger","Demon Form","Rage+1","Spot Weakness+1","Spot Weakness+1","Cleave+1","Flame Barrier","Berserk","Thunderclap+1"],"relics":["Black Blood","infinitespire:Golems Mask","infinitespire:PuzzleCube","Question Card","StoneCalendar","Pear","Odd Mushroom","Black Star","FossilizedHelix","Oddly Smooth Stone","infinitespire:FocusingShard","Centennial Puzzle","Whetstone","HornCleat","infinitespire:Eraser","Turnip","Kunai","Akabeko","Boot","Nunchaku"],"acts_visited":["Exordium","TheCity","TheBeyond"],"potions_floor_usage":[6,6,16,16,23,33,33,40,46,50,50],"damage_taken":[{"damage":4,"enemies":"Jaw Worm","floor":1,"turns":6},{"damage":5,"enemies":"Small Slimes","floor":2,"turns":5},{"damage":0,"enemies":"Cultist","floor":5,"turns":4},{"damage":19,"enemies":"Lagavulin","floor":6,"turns":5},{"damage":5,"enemies":"Large Slime","floor":7,"turns":5},{"damage":0,"enemies":"3 Sentries","floor":10,"turns":6},{"damage":0,"enemies":"3 Louse","floor":11,"turns":3},{"damage":0,"enemies":"Lagavulin","floor":12,"turns":7},{"damage":0,"enemies":"The Mushroom Lair","floor":13,"turns":4},{"damage":0,"enemies":"Blue Slaver","floor":14,"turns":3},{"damage":26,"enemies":"Hexaghost","floor":16,"turns":6},{"damage":0,"enemies":"Spheric Guardian","floor":18,"turns":3},{"damage":18,"enemies":"2 Thieves","floor":19,"turns":4},{"damage":0,"enemies":"Cultist and Chosen","floor":20,"turns":4},{"damage":26,"enemies":"Snecko","floor":21,"turns":5},{"damage":10,"enemies":"Chosen and Byrds","floor":22,"turns":4},{"damage":33,"enemies":"Gremlin Leader","floor":23,"turns":5},{"damage":9,"enemies":"Book of Stabbing","floor":27,"turns":5},{"damage":0,"enemies":"Snake Plant","floor":28,"turns":5},{"damage":62,"enemies":"Collector","floor":33,"turns":10},{"damage":0,"enemies":"Orb Walker","floor":35,"turns":3},{"damage":34,"enemies":"3 Shapes","floor":38,"turns":3},{"damage":50,"enemies":"Reptomancer","floor":40,"turns":7},{"damage":4,"enemies":"Writhing Mass","floor":41,"turns":4},{"damage":0,"enemies":"Giant Head","floor":42,"turns":6},{"damage":0,"enemies":"Transient","floor":44,"turns":5},{"damage":12,"enemies":"3 Darklings","floor":46,"turns":5},{"damage":16,"enemies":"4 Shapes","floor":48,"turns":4},{"damage":83,"enemies":"Time Eater","floor":50,"turns":9}],"seed_played":"8652736704190729677","potions_obtained":[{"floor":1,"key":"Block Potion"},{"floor":5,"key":"Fire Potion"},{"floor":6,"key":"Dexterity Potion"},{"floor":7,"key":"ColorlessPotion"},{"floor":11,"key":"Energy Potion"},{"floor":13,"key":"Swift Potion"},{"floor":19,"key":"LiquidBronze"},{"floor":22,"key":"Strength Potion"},{"floor":27,"key":"ElixirPotion"},{"floor":38,"key":"PowerPotion"},{"floor":41,"key":"BloodPotion"},{"floor":45,"key":"SpeedPotion"},{"floor":48,"key":"DuplicationPotion"}],"is_trial":false,"path_per_floor":["M","M","?","?","M","E","M","R","T","E","M","E","?","M","R","B",null,"M","M","M","M","M","E","R","$","T","E","M","AVR","R","?","R","B",null,"M","?","?","M","AVR","E","M","E","T","M","?","M","R","M","R","B"],"character_chosen":"IRONCLAD","items_purchased":["infinitespire:FocusingShard","Centennial Puzzle"],"campfire_rested":2,"item_purchase_floors":[25,25],"current_hp_per_floor":[58,59,40,40,46,33,34,34,34,40,46,62,68,74,74,54,90,90,78,84,64,60,33,60,60,60,57,63,63,90,90,90,34,90,90,90,90,68,68,30,38,50,50,62,62,80,80,76,76,0,0],"gold":444,"neow_bonus":"ONE_RARE_RELIC","is_daily":false,"chose_seed":false,"campfire_upgraded":4,"win_rate":0.0,"timestamp":1609658829,"path_taken":["M","M","?","?","?","E","M","R","T","E","M","E","?","M","R","BOSS","M","M","M","M","M","E","R","$","T","E","M","AVR","R","?","R","BOSS","M","?","?","M","AVR","E","M","E","T","?","?","M","R","?","R","BOSS"],"items_purchased_type":["Relic","Relic"],"build_version":"2020-12-22","purchased_purges":2,"victory":false,"max_hp_per_floor":[80,80,80,80,80,80,80,80,80,80,80,90,90,90,90,90,90,90,90,90,90,90,90,90,90,90,90,90,90,90,90,90,90,90,90,90,90,90,90,90,90,90,90,90,90,90,90,90,90,90,90],"card_choices":[{"not_picked":["Uppercut","Wild Strike"],"picked":"Headbutt","floor":1},{"not_picked":["Body Slam","Twin Strike"],"picked":"Armaments","floor":2},{"not_picked":["infinitespire:TheBestDefense","infinitespire:Oblivion"],"picked":"infinitespire:SevenWalls","floor":3},{"not_picked":["Thunderclap","Pommel Strike"],"picked":"Heavy Blade","floor":5},{"not_picked":["Perfected Strike","True Grit"],"picked":"Spot Weakness","floor":6},{"not_picked":["Headbutt","Body Slam"],"picked":"Pummel","floor":7},{"not_picked":["Thunderclap","Dropkick","Combust"],"picked":"Anger","floor":10},{"not_picked":["Corruption","Inflame","Heavy Blade","Spot Weakness"],"picked":"SKIP","floor":11},{"not_picked":["Metallicize","Dark Embrace","Dropkick","Disarm"],"picked":"SKIP","floor":12},{"not_picked":["Spot Weakness","Wild Strike","Shrug It Off"],"picked":"Clash","floor":13},{"not_picked":["Sentinel","Uppercut","Havoc"],"picked":"Anger","floor":14},{"not_picked":["Impervious","Reaper","Juggernaut"],"picked":"Demon Form","floor":16},{"not_picked":["Iron Wave+1","Wild Strike+1","Ghostly Armor"],"picked":"Rage","floor":18},{"not_picked":["Twin Strike","Infernal Blade","True Grit"],"picked":"Spot Weakness+1","floor":19},{"not_picked":["Searing Blow","Warcry+1","Heavy Blade"],"picked":"Spot Weakness+1","floor":20},{"not_picked":["Bloodletting+1","Reckless Charge","Entrench"],"picked":"Cleave","floor":21},{"not_picked":["Perfected Strike","Twin Strike","Battle Trance+1","Wild Strike"],"picked":"SKIP","floor":22},{"not_picked":["Pommel Strike","Carnage","Searing Blow+1"],"picked":"Flame Barrier","floor":23},{"not_picked":["Feed","Rampage","Bludgeon","Armaments+1"],"picked":"SKIP","floor":27},{"not_picked":["Searing Blow","Clothesline","Inflame","Evolve"],"picked":"SKIP","floor":28},{"not_picked":["Impervious","Brutality","Bludgeon"],"picked":"Berserk","floor":33},{"not_picked":["Twin Strike","Inflame","Heavy Blade+1","True Grit+1"],"picked":"SKIP","floor":35},{"not_picked":["infinitespire:OneForAll+1","Pommel Strike+1","Blood for Blood+1","Spot Weakness+1"],"picked":"SKIP","floor":38},{"not_picked":["Twin Strike","infinitespire:OneForAll","Fire Breathing+1","Rupture+1"],"picked":"SKIP","floor":40},{"not_picked":["Cleave+1","Reckless Charge+1","Warcry+1","Sword Boomerang+1"],"picked":"SKIP","floor":41},{"not_picked":["Uppercut+1","Pummel+1","Pommel Strike+1","Body Slam"],"picked":"SKIP","floor":42},{"not_picked":["Searing Blow+1","Metallicize","Wild Strike","Havoc+1"],"picked":"SKIP","floor":44},{"not_picked":["True Grit+1","Anger","Disarm+1"],"picked":"Thunderclap+1","floor":46},{"not_picked":["Inflame","Hemokinesis+1","Headbutt","Feel No Pain"],"picked":"SKIP","floor":48}],"player_experience":182247,"relics_obtained":[{"floor":6,"key":"infinitespire:PuzzleCube"},{"floor":9,"key":"Question Card"},{"floor":10,"key":"StoneCalendar"},{"floor":12,"key":"Pear"},{"floor":13,"key":"Odd Mushroom"},{"floor":23,"key":"FossilizedHelix"},{"floor":23,"key":"Oddly Smooth Stone"},{"floor":26,"key":"Whetstone"},{"floor":27,"key":"HornCleat"},{"floor":27,"key":"infinitespire:Eraser"},{"floor":40,"key":"Kunai"},{"floor":40,"key":"Akabeko"},{"floor":42,"key":"Boot"},{"floor":42,"key":"Nunchaku"}],"event_choices":[{"damage_healed":0,"gold_gain":100,"player_choice":"Gold","damage_taken":0,"max_hp_gain":0,"max_hp_loss":0,"event_name":"Wheel of Change","floor":4,"gold_loss":0},{"damage_healed":0,"gold_gain":0,"player_choice":"Fought Mushrooms","damage_taken":0,"max_hp_gain":0,"max_hp_loss":0,"event_name":"Mushrooms","floor":13,"gold_loss":0},{"damage_healed":0,"gold_gain":0,"player_choice":"Ignored","damage_taken":0,"max_hp_gain":0,"max_hp_loss":0,"event_name":"Vampires","floor":31,"gold_loss":0},{"damage_healed":0,"gold_gain":0,"player_choice":"Ignored","damage_taken":0,"max_hp_gain":0,"max_hp_loss":0,"event_name":"SecretPortal","floor":37,"gold_loss":0},{"damage_healed":0,"gold_gain":0,"player_choice":"Bought 1 Potion","damage_taken":0,"max_hp_gain":0,"max_hp_loss":0,"event_name":"The Woman in Blue","floor":45,"gold_loss":0}],"is_beta":false,"boss_relics":[{"not_picked":["infinitespire:Cupcake","Runic Pyramid"],"picked":"Black Star"},{"not_picked":["Astrolabe","Tiny House"],"picked":"Black Blood"}],"items_purged_floors":[25,39],"is_endless":false,"potions_floor_spawned":[1,5,6,7,11,13,19,22,27,28,38,41,48],"killed_by":"Time Eater","ascension_level":1}}