{"host":"54vghy6hfkyy1r39","time":1609645823,"event":{"mods":["AchievementEnabler","BaseMod","Minty Spire (QoL Compilation)","StSLib","SuperFastMode","everything is the same but u backflip on backflip"],"gold_per_floor":[17,17,17,27,37,37,51,82,82,82,112,127,202,53,53,151,151,161,161,173,98,98,98,118,118,143,143,162,162,191,205,205,302,302,315,71,89,101,33,33,53,53,53,69,86,18,18,18,18,18],"floor_reached":51,"playtime":1684,"items_purged":["Strike_R","Sever Soul"],"score":767,"play_id":"dfe25e79-f138-4609-a417-f23ef576de5e","local_time":"20210103125023","is_ascension_mode":false,"campfire_choices":[{"data":"Bash","floor":6.0,"key":"SMITH"},{"data":"Armaments","floor":10.0,"key":"SMITH"},{"floor":15.0,"key":"REST"},{"data":"Immolate","floor":23.0,"key":"SMITH"},{"data":"Barricade","floor":25.0,"key":"SMITH"},{"data":"Body Slam","floor":27.0,"key":"SMITH"},{"floor":29.0,"key":"REST"},{"data":"Offering","floor":32.0,"key":"SMITH"},{"floor":40.0,"key":"REST"},{"floor":47.0,"key":"REST"},{"floor":49.0,"key":"RECALL"}],"circlet_count":0,"master_deck":["Bash+1","Body Slam+1","Shrug It Off+1","Armaments+1","Immolate+1","Barricade+1","Rage+1","Pummel+1","Offering+1","Exhume+1","Reckless Charge+1","Burning Pact+1","Wild Strike+1","Sentinel+1","Brutality+1","Rupture+1","Hemokinesis+1","Heavy Blade+1","Reaper+1","Sword Boomerang+1","Disarm+1","Blood for Blood+1"],"relics":["Burning Blood","Champion Belt","Pantograph","Letter Opener","OrangePellets","Sozu","Boot","Anchor","Art of War","Pandora\u0027s Box","Medical Kit","Prayer Wheel","Mark of the Bloom"],"acts_visited":["Exordium","TheCity","TheBeyond","TheBeyond"],"potions_floor_usage":[50],"damage_taken":[{"damage":11.0,"enemies":"Jaw Worm","floor":1.0,"turns":4.0},{"damage":7.0,"enemies":"2 Louse","floor":4.0,"turns":3.0},{"damage":10.0,"enemies":"Small Slimes","floor":5.0,"turns":4.0},{"damage":15.0,"enemies":"Exordium Thugs","floor":7.0,"turns":5.0},{"damage":36.0,"enemies":"3 Sentries","floor":8.0,"turns":13.0},{"damage":1.0,"enemies":"Red Slaver","floor":12.0,"turns":3.0},{"damage":35.0,"enemies":"The Guardian","floor":16.0,"turns":12.0},{"damage":28.0,"enemies":"3 Byrds","floor":18.0,"turns":6.0},{"damage":5.0,"enemies":"Chosen","floor":20.0,"turns":4.0},{"damage":10.0,"enemies":"Snecko","floor":24.0,"turns":5.0},{"damage":0.0,"enemies":"Sentry and Sphere","floor":28.0,"turns":4.0},{"damage":19.0,"enemies":"Slavers","floor":30.0,"turns":4.0},{"damage":14.0,"enemies":"Shelled Parasite and Fungi","floor":31.0,"turns":3.0},{"damage":32.0,"enemies":"Automaton","floor":33.0,"turns":13.0},{"damage":45.0,"enemies":"3 Darklings","floor":35.0,"turns":4.0},{"damage":12.0,"enemies":"3 Shapes","floor":37.0,"turns":1.0},{"damage":18.0,"enemies":"Sphere and 2 Shapes","floor":38.0,"turns":3.0},{"damage":15.0,"enemies":"4 Shapes","floor":41.0,"turns":6.0},{"damage":17.0,"enemies":"Jaw Worm Horde","floor":44.0,"turns":5.0},{"damage":38.0,"enemies":"3 Darklings","floor":45.0,"turns":4.0},{"damage":70,"enemies":"Time Eater","floor":50,"turns":15}],"seed_played":"-7923209432975751569","potions_obtained":[{"floor":4.0,"key":"ColorlessPotion"},{"floor":5.0,"key":"ColorlessPotion"},{"floor":7.0,"key":"Ancient Potion"}],"is_trial":false,"path_per_floor":["M","?","$","M","M","R","M","E","T","R","?","M","?","$","R","B",null,"M","?","M","$","?","R","M","R","T","R","M","R","E","M","R","B",null,"M","$","M","M","$","R","M","?","T","M","M","$","R","?","R","B",null],"character_chosen":"IRONCLAD","items_purchased":["OrangePellets","Medical Kit","Reaper","Blood for Blood"],"campfire_rested":4,"item_purchase_floors":[14,36,39,46],"current_hp_per_floor":[75,75,75,74,70,70,61,31,31,31,31,36,25,25,49,45,80,58,58,59,59,59,59,55,55,55,55,61,80,67,59,59,54,80,41,41,35,23,23,47,72,72,72,73,57,57,80,80,80,10],"gold":18,"neow_bonus":"ONE_RARE_RELIC","is_daily":false,"chose_seed":false,"campfire_upgraded":6,"win_rate":0.0,"timestamp":1609645823,"path_taken":["M","?","$","M","M","R","M","E","T","R","?","M","?","$","R","BOSS","M","?","?","?","?","R","M","R","T","R","?","R","E","M","R","BOSS","M","$","M","M","$","R","M","?","T","M","M","?","R","?","R","BOSS"],"items_purchased_type":["Relic","Relic","Card","Card"],"build_version":"2020-12-22","purchased_purges":2,"victory":true,"max_hp_per_floor":[80,80,80,80,80,80,80,80,80,80,80,80,80,80,80,80,80,80,80,80,80,80,80,80,80,80,80,80,80,80,80,80,80,80,80,80,80,80,80,80,80,80,80,80,80,80,80,80,80,80],"card_choices":[{"not_picked":["Headbutt","Clothesline","True Grit"],"picked":"SKIP","floor":1.0},{"not_picked":["Thunderclap","Wild Strike"],"picked":"Body Slam","floor":4.0},{"not_picked":["Seeing Red","Reckless Charge"],"picked":"Shrug It Off","floor":5.0},{"not_picked":["Sword Boomerang","Pommel Strike","Twin Strike"],"picked":"SKIP","floor":7.0},{"not_picked":["Havoc","Rupture"],"picked":"Armaments","floor":8.0},{"not_picked":["Dual Wield","Power Through"],"picked":"Immolate","floor":12.0},{"not_picked":["Demon Form","Bludgeon"],"picked":"Barricade","floor":16.0},{"not_picked":["True Grit","Havoc","Cleave"],"picked":"SKIP","floor":18.0},{"not_picked":["Twin Strike+1","Evolve+1"],"picked":"Rage+1","floor":20.0},{"not_picked":["Pommel Strike+1","True Grit+1"],"picked":"Pummel","floor":24.0},{"not_picked":["Combust+1","Pommel Strike"],"picked":"Offering","floor":28.0},{"not_picked":["Second Wind","Dropkick+1","True Grit"],"picked":"SKIP","floor":30.0},{"not_picked":["Flex","Shrug It Off","Pummel"],"picked":"SKIP","floor":31.0},{"not_picked":["Immolate","Bludgeon"],"picked":"Exhume","floor":33.0},{"not_picked":["Heavy Blade","Clothesline"],"picked":"Hemokinesis+1","floor":35.0},{"not_picked":["Armaments","Clothesline"],"picked":"Heavy Blade+1","floor":37.0},{"not_picked":["Warcry+1","Rampage+1","Perfected Strike"],"picked":"SKIP","floor":38.0},{"not_picked":["Body Slam","True Grit"],"picked":"Sword Boomerang+1","floor":41.0},{"not_picked":["Shockwave+1","Wild Strike","Carnage+1"],"picked":"SKIP","floor":44.0},{"not_picked":["Headbutt+1","Cleave+1","Clash+1"],"picked":"SKIP","floor":44.0},{"not_picked":["Hemokinesis","Barricade"],"picked":"Disarm+1","floor":45.0},{"not_picked":["Hemokinesis+1","Flex","Pommel Strike"],"picked":"SKIP","floor":45.0}],"player_experience":175189,"relics_obtained":[{"floor":8.0,"key":"Pantograph"},{"floor":9.0,"key":"Letter Opener"},{"floor":22.0,"key":"Boot"},{"floor":26.0,"key":"Anchor"},{"floor":30.0,"key":"Art of War"},{"floor":43.0,"key":"Prayer Wheel"}],"event_choices":[{"cards_removed":["Strike_R"],"damage_healed":0.0,"max_hp_gain":0.0,"max_hp_loss":0.0,"gold_gain":0.0,"event_name":"Living Wall","player_choice":"Forget","floor":2.0,"gold_loss":0.0,"damage_taken":0.0},{"damage_healed":0.0,"max_hp_gain":0.0,"max_hp_loss":0.0,"gold_gain":30.0,"event_name":"Dead Adventurer","player_choice":"Searched \u00271\u0027 times","floor":11.0,"gold_loss":0.0,"damage_taken":0.0},{"damage_healed":0.0,"max_hp_gain":0.0,"max_hp_loss":0.0,"gold_gain":75.0,"event_name":"World of Goop","player_choice":"Gather Gold","floor":13.0,"gold_loss":0.0,"damage_taken":11.0},{"damage_healed":0.0,"max_hp_gain":0.0,"max_hp_loss":0.0,"gold_gain":0.0,"event_name":"NoteForYourself","player_choice":"Ignored","floor":19.0,"gold_loss":0.0,"damage_taken":0.0},{"damage_healed":0.0,"max_hp_gain":0.0,"max_hp_loss":0.0,"gold_gain":0.0,"event_name":"Wheel of Change","player_choice":"Relic","floor":22.0,"gold_loss":0.0,"damage_taken":0.0},{"damage_healed":0.0,"max_hp_gain":0.0,"max_hp_loss":0.0,"gold_gain":0.0,"event_name":"Upgrade Shrine","player_choice":"Upgraded","floor":42.0,"gold_loss":0.0,"damage_taken":0.0,"cards_upgraded":["Exhume"]},{"damage_healed":0.0,"max_hp_gain":0.0,"max_hp_loss":0.0,"gold_gain":0.0,"event_name":"MindBloom","player_choice":"Upgrade","floor":48.0,"gold_loss":0.0,"damage_taken":0.0,"cards_upgraded":["Shrug It Off","Pummel","Reckless Charge","Burning Pact","Wild Strike","Sentinel","Brutality","Rupture","Reaper","Blood for Blood"],"relics_obtained":["Mark of the Bloom"]}],"is_beta":false,"boss_relics":[{"not_picked":["Astrolabe","Mark of Pain"],"picked":"Sozu"},{"not_picked":["Busted Crown","Snecko Eye"],"picked":"Pandora\u0027s Box"}],"items_purged_floors":[21,36],"is_endless":false,"potions_floor_spawned":[4,5,7,12,24,31,35,38,44],"ascension_level":0}}