{"host":"2se5dq1do2gp0x9k","time":1609649690,"event":{"mods":["AchievementEnabler","BaseMod","Block Reminder","Colored Map","Colored Powertips","Minty Spire (QoL Compilation)","Relic Stats","StSLib","SuperFastMode"],"gold_per_floor":[119,139,159,129,149,183,202,235,304,320,320,350,350,361,361,462,462,479,51,51,65,65,65,65],"floor_reached":23,"playtime":922,"items_purged":["Defend_P"],"score":389,"play_id":"9a82acc8-fbc4-47f1-b642-1e3122a6ce14","local_time":"20210102205450","is_ascension_mode":true,"campfire_choices":[{"data":"Ragnarok","floor":11,"key":"SMITH"},{"data":"Fasting2","floor":15,"key":"SMITH"}],"circlet_count":0,"master_deck":["Strike_P","Strike_P","Defend_P","Defend_P","Defend_P","Eruption","Vigilance","Trip","FollowUp","FollowUp","ThirdEye","BowlingBash","Ragnarok+1","EmptyBody","Omniscience+1","DevaForm","Fasting2+1","ConjureBlade+1","ClearTheMind+1","Finesse+1","Fasting2","Perseverance+1","Meditate+1","Decay"],"relics":["PureWater","Ornamental Fan","Oddly Smooth Stone","Toxic Egg 2","Du-Vu Doll","Empty Cage","OrangePellets"],"acts_visited":["Exordium","TheCity"],"potions_floor_usage":[8,10,18],"damage_taken":[{"damage":0.0,"enemies":"Cultist","floor":1.0,"turns":4.0},{"damage":0.0,"enemies":"Small Slimes","floor":2.0,"turns":2.0},{"damage":0.0,"enemies":"2 Louse","floor":3.0,"turns":1.0},{"damage":19.0,"enemies":"Large Slime","floor":5.0,"turns":3.0},{"damage":18.0,"enemies":"Gremlin Nob","floor":6.0,"turns":3.0},{"damage":6.0,"enemies":"Looter","floor":7.0,"turns":3.0},{"damage":0,"enemies":"Lagavulin","floor":8,"turns":2},{"damage":0,"enemies":"3 Louse","floor":10,"turns":5},{"damage":8,"enemies":"Gremlin Nob","floor":12,"turns":3},{"damage":4,"enemies":"Blue Slaver","floor":14,"turns":4},{"damage":0,"enemies":"Hexaghost","floor":16,"turns":9},{"damage":14,"enemies":"3 Byrds","floor":18,"turns":6},{"damage":33,"enemies":"2 Thieves","floor":21,"turns":4},{"damage":15,"enemies":"Book of Stabbing","floor":23,"turns":2}],"seed_played":"8486141971088432551","potions_obtained":[{"floor":2.0,"key":"Ancient Potion"},{"floor":4.0,"key":"Strength Potion"},{"floor":4.0,"key":"Block Potion"},{"floor":10,"key":"SteroidPotion"},{"floor":12,"key":"LiquidMemories"},{"floor":18,"key":"Dexterity Potion"},{"floor":21,"key":"Ancient Potion"}],"is_trial":false,"path_per_floor":["M","M","M","?","M","E","M","E","T","M","R","E","?","M","R","B",null,"M","$","?","M","?","E"],"character_chosen":"WATCHER","items_purchased":["Finesse+1","OrangePellets","Fasting2","Perseverance+1"],"campfire_rested":0,"item_purchase_floors":[19,19,19,19],"current_hp_per_floor":[65,65,65,65,46,28,22,22,22,22,22,14,14,10,10,10,57,43,43,43,10,10,0,0],"gold":65,"neow_bonus":"RANDOM_COLORLESS","is_daily":false,"chose_seed":false,"campfire_upgraded":2,"win_rate":0.0,"timestamp":1609649690,"path_taken":["M","M","?","?","M","E","?","E","T","M","R","E","?","M","R","BOSS","M","$","?","M","?","E"],"items_purchased_type":["Card","Relic","Card","Card"],"build_version":"2020-12-22","purchased_purges":1,"victory":false,"max_hp_per_floor":[72,72,72,72,72,72,72,72,72,72,72,72,72,72,72,72,72,72,72,72,72,72,72,72],"relic_stats":{"OrangePellets":[0],"counters":[14,51],"Ornamental Fan":[32],"obtain_stats":[{"Du-Vu Doll":12,"OrangePellets":19,"Ornamental Fan":6,"Oddly Smooth Stone":8,"PureWater":0,"Toxic Egg 2":9,"Empty Cage":17},{"Du-Vu Doll":9,"OrangePellets":12,"Ornamental Fan":5,"Oddly Smooth Stone":7,"PureWater":0,"Toxic Egg 2":7,"Empty Cage":11},{"Du-Vu Doll":26,"OrangePellets":45,"Ornamental Fan":13,"Oddly Smooth Stone":18,"PureWater":0,"Toxic Egg 2":18,"Empty Cage":39}]},"card_choices":[{"not_picked":["Deep Breath","Finesse"],"picked":"Trip","floor":0.0},{"not_picked":["Vengeance","Prostrate"],"picked":"FollowUp","floor":1.0},{"not_picked":["BowlingBash","EmptyMind"],"picked":"FollowUp","floor":2.0},{"not_picked":["JustLucky","ClearTheMind"],"picked":"ThirdEye","floor":3.0},{"not_picked":["Halt","EmptyFist"],"picked":"BowlingBash","floor":5.0},{"not_picked":["WindmillStrike","EmptyMind"],"picked":"Ragnarok","floor":6.0},{"not_picked":["MentalFortress","Crescendo"],"picked":"EmptyBody","floor":7},{"not_picked":["Weave","BowlingBash","Sanctity"],"picked":"SKIP","floor":8},{"not_picked":["Indignation+1","EmptyBody+1"],"picked":"Omniscience+1","floor":10},{"not_picked":["Crescendo+1","WreathOfFlame+1"],"picked":"DevaForm","floor":12},{"not_picked":["EmptyBody+1","EmptyFist"],"picked":"Fasting2","floor":14},{"not_picked":["Scrawl+1","Establishment"],"picked":"ConjureBlade+1","floor":16},{"not_picked":["BowlingBash","JustLucky+1"],"picked":"ClearTheMind+1","floor":18},{"not_picked":["SashWhip","BowlingBash","FollowUp"],"picked":"SKIP","floor":21}],"player_experience":3729670,"relics_obtained":[{"floor":6.0,"key":"Ornamental Fan"},{"floor":8,"key":"Oddly Smooth Stone"},{"floor":9,"key":"Toxic Egg 2"},{"floor":12,"key":"Du-Vu Doll"}],"event_choices":[{"damage_healed":0.0,"max_hp_gain":0.0,"max_hp_loss":0.0,"gold_gain":0.0,"event_name":"The Woman in Blue","player_choice":"Bought 2 Potions","floor":4.0,"gold_loss":0.0,"damage_taken":0.0},{"damage_healed":0,"gold_gain":0,"player_choice":"Fled","damage_taken":0,"max_hp_gain":0,"max_hp_loss":0,"event_name":"Scrap Ooze","floor":13,"gold_loss":0},{"damage_healed":0,"gold_gain":0,"player_choice":"Read","damage_taken":0,"max_hp_gain":0,"max_hp_loss":0,"event_name":"The Library","floor":20,"gold_loss":0,"cards_obtained":["Meditate"]},{"damage_healed":0,"gold_gain":0,"player_choice":"Smashed Altar","damage_taken":0,"max_hp_gain":0,"max_hp_loss":0,"event_name":"Forgotten Altar","floor":22,"gold_loss":0,"cards_obtained":["Decay"]}],"is_beta":false,"boss_relics":[{"not_picked":["Busted Crown","Tiny House"],"picked":"Empty Cage"}],"items_purged_floors":[19],"is_endless":false,"potions_floor_spawned":[2,5,10,12,14,18,21],"killed_by":"Book of Stabbing","ascension_level":7}}