{"host":"y76clbnovzmw9ubx","time":1609711553,"event":{"mods":["AchievementEnabler","BaseMod","Minty Spire (QoL Compilation)","Permanent Neow","Relic Stats"],"gold_per_floor":[111,122,122,135,135,162,162,175,175,175,175],"floor_reached":10,"playtime":398,"items_purged":[],"score":136,"play_id":"de56b159-914f-4027-8349-f8c3f1eca54c","local_time":"20210103170553","is_ascension_mode":true,"campfire_choices":[{"floor":7,"key":"REST"}],"circlet_count":0,"master_deck":["AscendersBane","Strike_G","Strike_G","Strike_G","Defend_G","Defend_G","Defend_G","Defend_G","Survivor","Neutralize","Bullet Time","Die Die Die","Leg Sweep+1","Dagger Throw","Catalyst"],"relics":["Ring of the Snake","Bottled Flame","TungstenRod"],"acts_visited":["Exordium"],"potions_floor_usage":[6,6],"damage_taken":[{"damage":15,"enemies":"Jaw Worm","floor":1,"turns":6},{"damage":0,"enemies":"2 Louse","floor":2,"turns":2},{"damage":1,"enemies":"Cultist","floor":4,"turns":6},{"damage":34,"enemies":"Gremlin Nob","floor":6,"turns":6},{"damage":0,"enemies":"Looter","floor":8,"turns":5},{"damage":22,"enemies":"3 Sentries","floor":10,"turns":4}],"seed_played":"4016753617703881770","potions_obtained":[{"floor":1,"key":"Block Potion"},{"floor":2,"key":"Energy Potion"},{"floor":8,"key":"Energy Potion"}],"is_trial":false,"path_per_floor":["M","M","?","M","?","E","R","M","T","E"],"character_chosen":"THE_SILENT","items_purchased":[],"campfire_rested":1,"item_purchase_floors":[],"current_hp_per_floor":[44,44,37,36,36,2,20,20,20,0,0],"gold":175,"neow_bonus":"TRANSFORM_TWO_CARDS","is_daily":false,"chose_seed":false,"campfire_upgraded":0,"win_rate":0.0,"timestamp":1609711553,"path_taken":["M","M","?","M","?","E","R","?","T","E"],"items_purchased_type":[],"build_version":"2020-12-22","purchased_purges":0,"victory":false,"max_hp_per_floor":[60,60,60,60,60,60,60,60,60,60,60],"relic_stats":{"counters":[6,29],"obtain_stats":[{"Bottled Flame":6,"TungstenRod":9,"Ring of the Snake":0},{"Bottled Flame":4,"TungstenRod":5,"Ring of the Snake":0},{"Bottled Flame":20,"TungstenRod":25,"Ring of the Snake":0}],"TungstenRod":3,"Ring of the Snake":[12]},"card_choices":[{"not_picked":["Blade Dance","Cloak And Dagger"],"picked":"Leg Sweep","floor":1},{"not_picked":["Bane","Choke","Tactician"],"picked":"SKIP","floor":2},{"not_picked":["Acrobatics","Underhanded Strike"],"picked":"Dagger Throw","floor":4},{"not_picked":["Choke","Sucker Punch"],"picked":"Catalyst","floor":6},{"not_picked":["Flying Knee","Distraction","Backflip"],"picked":"SKIP","floor":8}],"player_experience":3035281,"relics_obtained":[{"floor":6,"key":"Bottled Flame"},{"floor":9,"key":"TungstenRod"}],"event_choices":[{"cards_removed":["Strike_G"],"damage_healed":0,"gold_gain":0,"player_choice":"Card Removal","damage_taken":7,"max_hp_gain":0,"max_hp_loss":0,"event_name":"Golden Wing","floor":3,"gold_loss":0},{"damage_healed":0,"gold_gain":0,"player_choice":"Grow","damage_taken":0,"max_hp_gain":0,"max_hp_loss":0,"event_name":"Living Wall","floor":5,"gold_loss":0,"cards_upgraded":["Leg Sweep"]}],"is_beta":false,"boss_relics":[],"items_purged_floors":[],"is_endless":false,"potions_floor_spawned":[1,2,8],"killed_by":"3 Sentries","ascension_level":20}}