{"host":"bczg3e1yq3rp3pkk","time":1609650362,"event":{"mods":["BaseMod","Hermit","Marisa£®ÏF”Í°°ƒß¿Ì…≥£©","Minty Spire (QoL Compilation)","Quick Restart","Replay The Spire","StSLib","The Runesmith","The Servant 0.9.4","vexMod"],"gold_per_floor":[114,130,147,164,164,182,217,232,255,255,255],"floor_reached":10,"playtime":693,"items_purged":[],"score":72,"play_id":"8af3410f-a019-43a7-87e7-7298a05beaef","local_time":"20210103130602","is_ascension_mode":false,"campfire_choices":[],"circlet_count":0,"master_deck":["hermit:Strike_Hermit","hermit:Strike_Hermit","hermit:Strike_Hermit","hermit:Defend_Hermit","hermit:Defend_Hermit","hermit:Defend_Hermit","hermit:Defend_Hermit","hermit:Snapshot","hermit:Covet","hermit:Determination","hermit:Virtue","hermit:Glare","hermit:Snipe","hermit:LowProfile","hermit:Malice"],"relics":["hermit:Momento","Bottled Tornado","Omamori"],"acts_visited":["Exordium"],"potions_floor_usage":[6,10,10],"damage_taken":[{"damage":2.0,"enemies":"2 Louse","floor":1.0,"turns":3.0},{"damage":0.0,"enemies":"Cultist","floor":2.0,"turns":4.0},{"damage":4.0,"enemies":"Jaw Worm","floor":3.0,"turns":5.0},{"damage":6.0,"enemies":"Exordium Thugs","floor":4.0,"turns":4.0},{"damage":0,"enemies":"Large Slime","floor":6,"turns":4},{"damage":56,"enemies":"3 Sentries","floor":7,"turns":14},{"damage":10,"enemies":"Looter","floor":8,"turns":2},{"damage":5,"enemies":"Lagavulin","floor":10,"turns":5}],"seed_played":"-1257830626521424756","potions_obtained":[{"floor":1.0,"key":"FearPotion"},{"floor":4.0,"key":"Swift Potion"},{"floor":6,"key":"SteroidPotion"},{"floor":7,"key":"Languid Potion"}],"is_trial":false,"path_per_floor":["M","M","M","M","?","M","E","M","T","E"],"character_chosen":"HERMIT","items_purchased":[],"campfire_rested":0,"item_purchase_floors":[],"current_hp_per_floor":[80,80,76,70,70,70,14,4,4,0,0],"gold":255,"neow_bonus":"TEN_PERCENT_HP_BONUS","is_daily":false,"chose_seed":false,"campfire_upgraded":0,"win_rate":0.0,"timestamp":1609650362,"path_taken":["M","M","M","M","?","M","E","M","T","E"],"items_purchased_type":[],"build_version":"2020-12-22","purchased_purges":0,"victory":false,"max_hp_per_floor":[82,82,82,82,82,82,82,82,82,82,82],"card_choices":[{"not_picked":["hermit:LoneWolf","hermit:WideOpen"],"picked":"hermit:Determination","floor":1.0},{"not_picked":["hermit:Headshot","hermit:Shortfuse"],"picked":"hermit:Virtue","floor":2.0},{"not_picked":["hermit:Quickdraw","hermit:CalledShot"],"picked":"hermit:Glare","floor":3.0},{"not_picked":["hermit:HighCaliber","hermit:Combo"],"picked":"hermit:Snipe","floor":4.0},{"not_picked":["hermit:Dissolve","hermit:Feint"],"picked":"hermit:LowProfile","floor":6},{"not_picked":["hermit:Headshot","hermit:FullyLoaded"],"picked":"hermit:Malice","floor":7},{"not_picked":["hermit:Headshot","hermit:ItchyTrigger","hermit:DeadMansHand"],"picked":"SKIP","floor":8}],"player_experience":329737,"relics_obtained":[{"floor":7,"key":"Bottled Tornado"},{"floor":9,"key":"Omamori"}],"event_choices":[{"cards_removed":["hermit:Strike_Hermit"],"damage_healed":0.0,"max_hp_gain":0.0,"max_hp_loss":0.0,"gold_gain":0.0,"event_name":"Wheel of Change","player_choice":"Card Removal","floor":5.0,"gold_loss":0.0,"damage_taken":0.0}],"is_beta":false,"boss_relics":[],"items_purged_floors":[],"is_endless":false,"potions_floor_spawned":[1,4,6,7],"killed_by":"Lagavulin","ascension_level":0}}