{"host":"v4pe0ixo3k7iwzp0","time":1609651299,"event":{"mods":["BaseMod","Bestiary","Highlight Path","Minty Spire (QoL Compilation)","StSLib","The Alterego","The Marked"],"gold_per_floor":[109,41,60,13,13,13,33,33,86,111,125,125,140,94,94,194,194,209,226,226,226,226],"floor_reached":21,"playtime":1174,"items_purged":[],"score":179,"play_id":"966c81a3-1dd2-4b52-93ce-28840a7c746d","local_time":"20210102212139","is_ascension_mode":false,"campfire_choices":[{"data":"theMarked:MysticalArsenal","floor":6.0,"key":"SMITH"},{"floor":8.0,"key":"REST"},{"floor":12.0,"key":"REST"},{"floor":15.0,"key":"REST"}],"circlet_count":0,"master_deck":["theMarked:Strike","theMarked:Strike","theMarked:Strike","theMarked:Strike","theMarked:Strike","theMarked:Defend","theMarked:Defend","theMarked:Defend","theMarked:Defend","theMarked:SoldierOfQuellstein","theMarked:EmpowerWeapon","theMarked:MysticalArsenal+1","theMarked:HeightenedSenses","theMarked:Frustration","theMarked:Parkour","theMarked:ChainLightning","theMarked:TakeCover","theMarked:AttractMetal","theMarked:WardOff","theMarked:MuscleMemory","theMarked:Parry","theMarked:ElementalBlade","theMarked:MuscleMemory"],"relics":["theMarked:ArtifactOfAir","Peace Pipe","Omamori","Bottled Flame","SlaversCollar"],"acts_visited":["Exordium","TheCity"],"potions_floor_usage":[],"damage_taken":[{"damage":0.0,"enemies":"Cultist","floor":1.0,"turns":3.0},{"damage":6.0,"enemies":"Jaw Worm","floor":3.0,"turns":3.0},{"damage":5.0,"enemies":"2 Louse","floor":7.0,"turns":2.0},{"damage":12.0,"enemies":"3 Sentries","floor":10.0,"turns":7.0},{"damage":1.0,"enemies":"Lots of Slimes","floor":11.0,"turns":4.0},{"damage":7.0,"enemies":"Red Slaver","floor":13.0,"turns":4.0},{"damage":50.0,"enemies":"Hexaghost","floor":16.0,"turns":12.0},{"damage":45.0,"enemies":"Spheric Guardian","floor":18.0,"turns":8.0},{"damage":14.0,"enemies":"Chosen","floor":19.0,"turns":6.0},{"damage":19,"enemies":"Snake Plant","floor":21,"turns":4}],"seed_played":"-4801578525189292736","potions_obtained":[{"floor":1.0,"key":"CultistPotion"},{"floor":3.0,"key":"Explosive Potion"},{"floor":10.0,"key":"Regen Potion"}],"is_trial":false,"path_per_floor":["M","$","M","$","T","R","M","R","T","E","M","R","M","$","R","B",null,"M","M","?","M"],"character_chosen":"THE_DEFAULT","items_purchased":["theMarked:MysticalArsenal","theMarked:Frustration","theMarked:WardOff"],"campfire_rested":3,"item_purchase_floors":[2,4,14],"current_hp_per_floor":[77,77,71,71,71,71,66,77,77,65,64,77,70,70,77,37,77,32,18,18,0,0],"gold":226,"neow_bonus":"TEN_PERCENT_HP_BONUS","is_daily":false,"chose_seed":false,"campfire_upgraded":1,"win_rate":0.0,"timestamp":1609651299,"path_taken":["M","?","M","$","?","R","M","R","T","E","M","R","M","?","R","BOSS","M","M","?","?"],"items_purchased_type":["Card","Card","Card"],"build_version":"2020-12-22","purchased_purges":0,"victory":false,"max_hp_per_floor":[77,77,77,77,77,77,77,77,77,77,77,77,77,77,77,77,77,77,77,77,77,77],"card_choices":[{"not_picked":["theMarked:Static","theMarked:Opportunist"],"picked":"theMarked:EmpowerWeapon","floor":1.0},{"not_picked":["theMarked:Parkour","theMarked:MysticalArsenal"],"picked":"theMarked:HeightenedSenses","floor":3.0},{"not_picked":["theMarked:ShockingTouch","theMarked:MaelstromOfLightning"],"picked":"theMarked:Parkour","floor":7.0},{"not_picked":["theMarked:PowerFlow","theMarked:GodGivenPower"],"picked":"theMarked:ChainLightning","floor":10.0},{"not_picked":["theMarked:PowerFlow","theMarked:Indomitable"],"picked":"theMarked:TakeCover","floor":11.0},{"not_picked":["theMarked:Frustration","theMarked:Improvise"],"picked":"theMarked:AttractMetal","floor":13.0},{"not_picked":["theMarked:FavorableWinds","theMarked:Snap"],"picked":"theMarked:MuscleMemory","floor":16.0},{"not_picked":["theMarked:ChainLightning","theMarked:WastefulAttack"],"picked":"theMarked:Parry","floor":18.0},{"not_picked":["theMarked:ChainLightning","theMarked:ResourceFulStrike"],"picked":"theMarked:ElementalBlade","floor":19.0}],"player_experience":88956,"relics_obtained":[{"floor":5.0,"key":"Peace Pipe"},{"floor":9.0,"key":"Omamori"},{"floor":10.0,"key":"Bottled Flame"}],"event_choices":[{"damage_healed":0.0,"max_hp_gain":0.0,"max_hp_loss":0.0,"gold_gain":0.0,"event_name":"Duplicator","player_choice":"Copied","floor":20.0,"gold_loss":0.0,"damage_taken":0.0,"cards_obtained":["theMarked:MuscleMemory"]}],"is_beta":false,"boss_relics":[{"not_picked":["Ectoplasm","theMarked:Eyepatch"],"picked":"SlaversCollar"}],"items_purged_floors":[],"is_endless":false,"potions_floor_spawned":[1,3,10],"killed_by":"Snake Plant","ascension_level":0}}