{"host":"yvb207ks1sg3cxef","time":1609665427,"event":{"mods":["2.2 Compatiblity","BaseMod","Bestiary","Colored Powertips","Minty Spire (QoL Compilation)","Permanent Neow","Quick Restart","Relic Stats","StSLib"],"gold_per_floor":[114,127,20,20,30,61,73,120,132,144,169,197,234,266,278,369,381,410,422,462,32,49,49,49,49],"floor_reached":24,"playtime":1101,"items_purged":[],"score":432,"play_id":"a27cc1ba-88f3-4738-819c-3f0d6beec955","local_time":"20210103144707","is_ascension_mode":true,"campfire_choices":[{"data":"Blade Dance","floor":7,"key":"SMITH"},{"floor":15,"key":"REST"},{"data":"Well Laid Plans","floor":23,"key":"SMITH"}],"circlet_count":0,"master_deck":["AscendersBane","Strike_G","Strike_G","Strike_G","Strike_G","Strike_G","Defend_G","Defend_G","Defend_G","Defend_G","Defend_G","Survivor","Neutralize","Panache","Masterful Stab","Prepared+1","Infinite Blades","Poisoned Stab","Blade Dance+1","Backflip","Tactician","Backflip","Noxious Fumes","Noxious Fumes","Acrobatics","Tools of the Trade","Well Laid Plans+1","RitualDagger","Prepared","Tools of the Trade","PiercingWail"],"relics":["Ring of the Snake","MawBank","Ninja Scroll","Art of War","InkBottle","Sozu","Red Mask","DollysMirror","Question Card"],"acts_visited":["Exordium","TheCity"],"potions_floor_usage":[6,11,24],"damage_taken":[{"damage":0,"enemies":"2 Louse","floor":1,"turns":4},{"damage":0,"enemies":"Jaw Worm","floor":2,"turns":4},{"damage":2,"enemies":"Small Slimes","floor":5,"turns":4},{"damage":3,"enemies":"3 Sentries","floor":6,"turns":4},{"damage":9,"enemies":"Gremlin Nob","floor":8,"turns":3},{"damage":5,"enemies":"Exordium Wildlife","floor":11,"turns":2},{"damage":12,"enemies":"Exordium Thugs","floor":12,"turns":4},{"damage":23,"enemies":"Lagavulin","floor":13,"turns":7},{"damage":0,"enemies":"Blue Slaver","floor":14,"turns":2},{"damage":10,"enemies":"Hexaghost","floor":16,"turns":9},{"damage":5,"enemies":"3 Byrds","floor":18,"turns":4},{"damage":11,"enemies":"Masked Bandits","floor":20,"turns":3},{"damage":0,"enemies":"Chosen","floor":22,"turns":3},{"damage":36,"enemies":"Book of Stabbing","floor":24,"turns":4}],"seed_played":"8012544140673721814","potions_obtained":[{"floor":5,"key":"PowerPotion"},{"floor":6,"key":"SneckoOil"},{"floor":14,"key":"Poison Potion"},{"floor":16,"key":"ColorlessPotion"}],"is_trial":false,"path_per_floor":["M","M","$","?","M","E","R","E","T","?","M","M","E","M","R","B",null,"M","?","?","$","M","R","E"],"character_chosen":"THE_SILENT","items_purchased":["Infinite Blades","Poisoned Stab","DollysMirror","Question Card"],"campfire_rested":1,"item_purchase_floors":[3,3,21,21],"current_hp_per_floor":[59,59,59,64,62,59,59,50,50,50,45,33,10,10,29,19,54,49,43,32,32,32,32,0,0],"gold":49,"neow_bonus":"RANDOM_COLORLESS_2","is_daily":false,"chose_seed":false,"campfire_upgraded":2,"win_rate":0.0,"timestamp":1609665427,"path_taken":["M","M","$","?","M","E","R","E","T","?","M","M","E","M","R","BOSS","M","?","?","?","?","R","E"],"items_purchased_type":["Card","Card","Relic","Relic"],"build_version":"2020-12-22","purchased_purges":0,"victory":false,"max_hp_per_floor":[60,60,60,65,65,65,65,65,65,65,65,65,65,65,65,65,65,65,65,65,65,65,65,65,65],"relic_stats":{"Sozu":2,"counters":[14,57],"Art of War":[2],"MawBank":180,"Question Card":1,"obtain_stats":[{"Sozu":17,"Ninja Scroll":8,"DollysMirror":21,"Art of War":9,"Red Mask":20,"MawBank":6,"Question Card":21,"InkBottle":13,"Ring of the Snake":0},{"Sozu":10,"Ninja Scroll":5,"DollysMirror":12,"Art of War":5,"Red Mask":12,"MawBank":4,"Question Card":12,"InkBottle":8,"Ring of the Snake":0},{"Sozu":43,"Ninja Scroll":19,"DollysMirror":50,"Art of War":19,"Red Mask":50,"MawBank":16,"Question Card":50,"InkBottle":32,"Ring of the Snake":0}],"InkBottle":[17],"Ring of the Snake":[28]},"card_choices":[{"not_picked":["Apotheosis","The Bomb"],"picked":"Panache","floor":0},{"not_picked":["Predator","Cloak And Dagger"],"picked":"Masterful Stab","floor":1},{"not_picked":["Poisoned Stab","PiercingWail"],"picked":"Prepared","floor":2},{"not_picked":["Eviscerate","Skewer"],"picked":"Blade Dance","floor":5},{"not_picked":["Quick Slash","Distraction"],"picked":"Backflip","floor":6},{"not_picked":["Outmaneuver","Crippling Poison"],"picked":"Tactician","floor":8},{"not_picked":["Finisher","Outmaneuver"],"picked":"Backflip","floor":11},{"not_picked":["Sucker Punch","Bouncing Flask"],"picked":"Noxious Fumes","floor":12},{"not_picked":["Reflex","PiercingWail"],"picked":"Noxious Fumes","floor":13},{"not_picked":["Dagger Throw","PiercingWail"],"picked":"Acrobatics","floor":14},{"not_picked":["Envenom","Die Die Die"],"picked":"Tools of the Trade","floor":16},{"not_picked":["Prepared","Terror"],"picked":"Well Laid Plans","floor":18},{"not_picked":["Cloak And Dagger","Blade Dance"],"picked":"Prepared","floor":20},{"not_picked":["Flechettes","Dagger Throw","Endless Agony"],"picked":"PiercingWail","floor":22}],"player_experience":290233,"relics_obtained":[{"floor":6,"key":"MawBank"},{"floor":8,"key":"Ninja Scroll"},{"floor":9,"key":"Art of War"},{"floor":13,"key":"InkBottle"},{"floor":20,"key":"Red Mask"}],"event_choices":[{"damage_healed":0,"gold_gain":0,"player_choice":"Donut","damage_taken":0,"max_hp_gain":5,"max_hp_loss":0,"event_name":"Big Fish","floor":4,"gold_loss":0},{"damage_healed":0,"gold_gain":0,"player_choice":"Grow","damage_taken":0,"max_hp_gain":0,"max_hp_loss":0,"event_name":"Living Wall","floor":10,"gold_loss":0,"cards_upgraded":["Prepared"]},{"damage_healed":0,"gold_gain":0,"player_choice":"Joined the Cult","damage_taken":6,"max_hp_gain":0,"max_hp_loss":0,"event_name":"Nest","floor":19,"gold_loss":0,"cards_obtained":["RitualDagger"]},{"damage_healed":0,"gold_gain":0,"player_choice":"Fought Bandits","damage_taken":0,"max_hp_gain":0,"max_hp_loss":0,"event_name":"Masked Bandits","floor":20,"gold_loss":0}],"is_beta":false,"boss_relics":[{"not_picked":["WristBlade","Tiny House"],"picked":"Sozu"}],"items_purged_floors":[],"is_endless":false,"potions_floor_spawned":[5,6,14,16,18,20],"killed_by":"Book of Stabbing","ascension_level":20}}