{"host":"tpbmol9dayg75a5s","time":1609695595,"event":{"mods":["BaseMod","Bestiary","Block Reminder","Colored Powertips","Downfall","Minty Spire (QoL Compilation)","Relic Stats","Replay The Spire","StSLib"],"gold_per_floor":[119,269,269,58,23,23,55,55,55,66,66,101,112,112,112,112,112],"floor_reached":16,"playtime":902,"items_purged":["Strike_G"],"score":249,"play_id":"cbe91d8e-7054-4db2-b733-5d88c69e25b9","local_time":"20210103143955","is_ascension_mode":true,"campfire_choices":[{"data":"Footwork","floor":6,"key":"SMITH"},{"data":"Neutralize","floor":8,"key":"SMITH"},{"data":"Prepared","floor":11,"key":"SMITH"},{"data":"Poisoned Stab","floor":15,"key":"SMITH"}],"circlet_count":0,"master_deck":["AscendersBane","Strike_G","Strike_G","Strike_G","Strike_G","Defend_G","Defend_G","Defend_G","Defend_G","Defend_G","Survivor","Neutralize+1","Poisoned Stab+1","Footwork+1","Dagger Throw","ReplayTheSpireMod:From All Sides","Prepared+1","ReplayTheSpireMod:Speed Training","Blur"],"relics":["Ring of the Snake","NeowsBlessing","InkBottle","Akabeko","Smiling Mask"],"acts_visited":["Exordium"],"potions_floor_usage":[16],"damage_taken":[{"damage":0,"enemies":"Small Slimes","floor":1,"turns":1},{"damage":0,"enemies":"Gremlin Nob","floor":7,"turns":1},{"damage":0,"enemies":"Jaw Worm","floor":10,"turns":1},{"damage":4,"enemies":"Lagavulin","floor":12,"turns":5},{"damage":0,"enemies":"2 Louse","floor":13,"turns":2},{"damage":57,"enemies":"Fading Forest","floor":16,"turns":10}],"seed_played":"7110569224340620193","potions_obtained":[{"floor":12,"key":"Adrenaline Potion"}],"is_trial":false,"path_per_floor":["M","?","?","$","?","R","E","R","T","M","R","E","M","?","R","B"],"character_chosen":"THE_SILENT","items_purchased":["Footwork","Dagger Throw"],"campfire_rested":0,"item_purchase_floors":[4,4],"current_hp_per_floor":[59,59,52,52,66,66,66,66,66,66,66,62,62,36,36,0,0],"gold":112,"neow_bonus":"THREE_ENEMY_KILL","is_daily":false,"chose_seed":false,"campfire_upgraded":4,"win_rate":0.0,"timestamp":1609695595,"path_taken":["M","?","?","$","?","R","E","R","T","M","R","E","M","?","R","BOSS"],"items_purchased_type":["Card","Card"],"build_version":"2020-12-22","purchased_purges":1,"victory":false,"max_hp_per_floor":[66,66,66,66,66,66,66,66,66,66,66,66,66,66,66,66,66],"relic_stats":{"counters":[6,20],"Smiling Mask":0,"obtain_stats":[{"NeowsBlessing":0,"Smiling Mask":12,"InkBottle":7,"Akabeko":9,"Ring of the Snake":0},{"NeowsBlessing":0,"Smiling Mask":4,"InkBottle":2,"Akabeko":2,"Ring of the Snake":0},{"NeowsBlessing":0,"Smiling Mask":8,"InkBottle":2,"Akabeko":2,"Ring of the Snake":0}],"InkBottle":[5],"Ring of the Snake":[12]},"card_choices":[{"not_picked":["Underhanded Strike","Prepared"],"picked":"Poisoned Stab","floor":1},{"not_picked":["Flying Knee","Slice"],"picked":"ReplayTheSpireMod:From All Sides","floor":7},{"not_picked":["Concentrate","Deflect"],"picked":"Prepared","floor":10},{"not_picked":["Sucker Punch","PiercingWail"],"picked":"ReplayTheSpireMod:Speed Training","floor":12},{"not_picked":["Underhanded Strike","Dagger Throw"],"picked":"Blur","floor":13}],"player_experience":997208,"relics_obtained":[{"floor":7,"key":"InkBottle"},{"floor":9,"key":"Akabeko"},{"floor":12,"key":"Smiling Mask"}],"event_choices":[{"damage_healed":0,"gold_gain":150,"player_choice":"AGREE","damage_taken":0,"max_hp_gain":0,"max_hp_loss":0,"event_name":"Liars Game","floor":2,"gold_loss":0,"cards_obtained":["Doubt"]},{"cards_removed":["Doubt"],"damage_healed":0,"gold_gain":0,"player_choice":"Card Removal","damage_taken":7,"max_hp_gain":0,"max_hp_loss":0,"event_name":"Golden Wing","floor":3,"gold_loss":0},{"damage_healed":16,"gold_gain":0,"player_choice":"Healed","damage_taken":0,"max_hp_gain":0,"max_hp_loss":0,"event_name":"The Cleric","floor":5,"gold_loss":35},{"damage_healed":0,"gold_gain":0,"player_choice":"Fled","damage_taken":26,"max_hp_gain":0,"max_hp_loss":0,"event_name":"Scrap Ooze","floor":14,"gold_loss":0}],"is_beta":false,"boss_relics":[],"items_purged_floors":[4],"is_endless":false,"potions_floor_spawned":[12],"killed_by":"Fading Forest","ascension_level":18}}