{"host":"w3q5ijqu8eoknil3","time":1609705026,"event":{"mods":["AchievementEnabler","BaseMod","Block Reminder","Colored Powertips","Minty Spire (QoL Compilation)","Quick Restart","Relic Stats","ojb\u0027s Better Paths Mod","ojb\u0027s Info Mod","slay the spire mod where everything is the same but ironclad has a cowboy hat"],"gold_per_floor":[118,133,133,133,133,167,167,180,180,208,224,243,20,20,20,98,98,108,108,122,155,173,199,114,114,114,188,217,229,249,249,249,320,320,331,342,38,50,50,50],"floor_reached":39,"playtime":2206,"items_purged":["Strike_G"],"score":911,"play_id":"94c6bd36-3d68-47bc-808c-9ce6bda1d2eb","local_time":"20210103201706","is_ascension_mode":true,"campfire_choices":[{"data":"Backflip","floor":7,"key":"SMITH"},{"data":"Noxious Fumes","floor":15,"key":"SMITH"},{"floor":25,"key":"REST"},{"floor":32,"key":"REST"}],"circlet_count":0,"master_deck":["AscendersBane","Survivor","Neutralize","Backflip+1","Backstab","Catalyst","Noxious Fumes+1","Footwork","Venomology","Grand Finale+1","Noxious Fumes+1","Phantasmal Killer+1","Sucker Punch","PiercingWail","Poisoned Stab","Acrobatics","Noxious Fumes","Bullet Time","Endless Agony","Storm of Steel","Quick Slash","Backflip","Dodge and Roll","Backstab","Acrobatics+1","Catalyst+1"],"relics":["Ring of the Snake","NeowsBlessing","Mummified Hand","Mercury Hourglass","Gremlin Horn","Singing Bowl","Boot","Astrolabe","Red Mask","Dream Catcher","Bag of Marbles","Letter Opener","Ninja Scroll","Centennial Puzzle","Pandora\u0027s Box","TwistedFunnel","Lantern"],"acts_visited":["Exordium","TheCity","TheBeyond"],"potions_floor_usage":[10,16,16,20,20,21,21,22,23,23,28,29,30,33,33,35,36,38,38,38,39],"damage_taken":[{"damage":0,"enemies":"Jaw Worm","floor":1,"turns":1},{"damage":0,"enemies":"Small Slimes","floor":2,"turns":1},{"damage":0,"enemies":"Gremlin Nob","floor":6,"turns":1},{"damage":0,"enemies":"2 Louse","floor":8,"turns":2},{"damage":11,"enemies":"3 Sentries","floor":10,"turns":7},{"damage":0,"enemies":"Large Slime","floor":11,"turns":6},{"damage":0,"enemies":"Looter","floor":12,"turns":3},{"damage":3,"enemies":"Hexaghost","floor":16,"turns":9},{"damage":17,"enemies":"3 Byrds","floor":18,"turns":4},{"damage":0,"enemies":"Spheric Guardian","floor":20,"turns":6},{"damage":22,"enemies":"Masked Bandits","floor":21,"turns":4},{"damage":7,"enemies":"Centurion and Healer","floor":22,"turns":7},{"damage":12,"enemies":"Book of Stabbing","floor":23,"turns":7},{"damage":0,"enemies":"Gremlin Leader","floor":28,"turns":3},{"damage":10,"enemies":"Snecko","floor":29,"turns":4},{"damage":6,"enemies":"Snake Plant","floor":30,"turns":4},{"damage":41,"enemies":"Champ","floor":33,"turns":9},{"damage":0,"enemies":"Orb Walker","floor":35,"turns":2},{"damage":24,"enemies":"3 Darklings","floor":36,"turns":3},{"damage":42,"enemies":"Transient","floor":38,"turns":5},{"damage":17,"enemies":"Jaw Worm Horde","floor":39,"turns":1}],"seed_played":"4940918435555477014","potions_obtained":[{"floor":6,"key":"Fire Potion"},{"floor":11,"key":"Poison Potion"},{"floor":12,"key":"FearPotion"},{"floor":16,"key":"ColorlessPotion"},{"floor":22,"key":"PowerPotion"},{"floor":23,"key":"CunningPotion"},{"floor":29,"key":"SteroidPotion"},{"floor":35,"key":"Swift Potion"},{"floor":38,"key":"Regen Potion"}],"is_trial":false,"path_per_floor":["M","M","?","?","?","E","R","M","T","E","M","M","$","?","R","B",null,"M","?","M","?","M","E","?","R","T","T","E","M","M","?","R","B",null,"M","M","$","M","M"],"character_chosen":"THE_SILENT","items_purchased":["Boot","TwistedFunnel","Lantern"],"campfire_rested":2,"item_purchase_floors":[13,37,37],"current_hp_per_floor":[59,59,59,39,34,34,34,34,34,23,25,27,27,32,32,29,64,49,49,49,27,20,10,10,33,33,33,35,25,21,21,47,6,65,67,43,43,10,0,0],"gold":50,"neow_bonus":"THREE_ENEMY_KILL","is_daily":false,"chose_seed":false,"campfire_upgraded":2,"win_rate":0.0,"timestamp":1609705026,"path_taken":["M","M","?","?","?","E","R","M","T","E","M","M","$","?","R","BOSS","M","?","M","?","M","E","?","R","T","?","E","?","M","?","R","BOSS","M","M","$","M","M"],"items_purchased_type":["Relic","Relic","Relic"],"build_version":"2020-12-22","purchased_purges":1,"victory":false,"max_hp_per_floor":[66,66,66,66,66,66,66,66,66,66,68,70,70,75,75,75,75,77,77,77,77,77,79,79,79,79,79,81,81,83,83,85,85,85,87,87,87,87,87,87],"relic_stats":{"Gremlin Horn":[11,11],"Singing Bowl":16,"counters":[21,87],"Astrolabe":["Grand Finale","Noxious Fumes","Phantasmal Killer"],"Letter Opener":[95],"Boot":[47],"Mercury Hourglass":[335],"Dream Catcher":2,"Centennial Puzzle":[19],"Mummified Hand":[46],"Pandora\u0027s Box":["Endless Agony","Storm of Steel","Quick Slash","Backflip","Dodge and Roll","Backstab"],"obtain_stats":[{"TwistedFunnel":37,"Lantern":37,"NeowsBlessing":0,"Gremlin Horn":9,"Singing Bowl":10,"Astrolabe":17,"Letter Opener":26,"Boot":13,"Mercury Hourglass":6,"Dream Catcher":23,"Centennial Puzzle":28,"Mummified Hand":5,"Ninja Scroll":27,"Pandora\u0027s Box":34,"Red Mask":21,"Bag of Marbles":24,"Ring of the Snake":0},{"TwistedFunnel":19,"Lantern":19,"NeowsBlessing":0,"Gremlin Horn":4,"Singing Bowl":5,"Astrolabe":8,"Letter Opener":13,"Boot":7,"Mercury Hourglass":3,"Dream Catcher":13,"Centennial Puzzle":14,"Mummified Hand":2,"Ninja Scroll":13,"Pandora\u0027s Box":17,"Red Mask":11,"Bag of Marbles":13,"Ring of the Snake":0},{"TwistedFunnel":81,"Lantern":81,"NeowsBlessing":0,"Gremlin Horn":4,"Singing Bowl":11,"Astrolabe":28,"Letter Opener":56,"Boot":19,"Mercury Hourglass":3,"Dream Catcher":56,"Centennial Puzzle":59,"Mummified Hand":2,"Ninja Scroll":56,"Pandora\u0027s Box":76,"Red Mask":42,"Bag of Marbles":56,"Ring of the Snake":0}],"Ring of the Snake":[42]},"card_choices":[{"not_picked":["Quick Slash","Prepared"],"picked":"Backflip","floor":1},{"not_picked":["Expertise","Masterful Stab"],"picked":"Backstab","floor":2},{"not_picked":["Blade Dance","Sucker Punch"],"picked":"Catalyst","floor":6},{"not_picked":["Reflex","Eviscerate"],"picked":"Noxious Fumes","floor":8},{"not_picked":["Blade Dance","Flying Knee"],"picked":"Footwork","floor":10},{"not_picked":["Terror","Dodge and Roll","Reflex"],"picked":"Singing Bowl","floor":11},{"not_picked":["Slice","Outmaneuver","Terror"],"picked":"Singing Bowl","floor":12},{"not_picked":["Glass Knife","Phantasmal Killer"],"picked":"Venomology","floor":16},{"not_picked":["PiercingWail","Dodge and Roll","Flechettes"],"picked":"Singing Bowl","floor":18},{"not_picked":["PiercingWail","Quick Slash"],"picked":"Sucker Punch","floor":20},{"not_picked":["Quick Slash","Tactician"],"picked":"PiercingWail","floor":21},{"not_picked":["Deflect","Storm of Steel"],"picked":"Poisoned Stab","floor":22},{"not_picked":["Cloak And Dagger","Finisher","Flechettes"],"picked":"Singing Bowl","floor":23},{"not_picked":["Deadly Poison","Footwork"],"picked":"Acrobatics","floor":25},{"not_picked":["Backflip","Poisoned Stab","Bane"],"picked":"Singing Bowl","floor":28},{"not_picked":["Concentrate+1","Sucker Punch"],"picked":"Noxious Fumes","floor":29},{"not_picked":["Poisoned Stab","Blade Dance","Expertise"],"picked":"Singing Bowl","floor":30},{"not_picked":["Distraction+1","Slice","Poisoned Stab"],"picked":"Singing Bowl","floor":32},{"not_picked":["Phantasmal Killer","Doppelganger"],"picked":"Bullet Time","floor":33},{"not_picked":["Masterful Stab+1","Blade Dance","Underhanded Strike"],"picked":"Singing Bowl","floor":35},{"not_picked":["Blade Dance+1","Heel Hook"],"picked":"Acrobatics+1","floor":36},{"not_picked":["Prepared","Slice+1"],"picked":"Catalyst+1","floor":38}],"player_experience":981109,"relics_obtained":[{"floor":6,"key":"Mercury Hourglass"},{"floor":9,"key":"Gremlin Horn"},{"floor":10,"key":"Singing Bowl"},{"floor":21,"key":"Red Mask"},{"floor":23,"key":"Dream Catcher"},{"floor":26,"key":"Letter Opener"},{"floor":27,"key":"Ninja Scroll"},{"floor":28,"key":"Centennial Puzzle"}],"event_choices":[{"damage_healed":0,"gold_gain":0,"player_choice":"Leave","damage_taken":0,"max_hp_gain":0,"max_hp_loss":0,"event_name":"The Cleric","floor":3,"gold_loss":0},{"damage_healed":0,"gold_gain":0,"player_choice":"Entered Light","damage_taken":20,"max_hp_gain":0,"max_hp_loss":0,"event_name":"Shining Light","floor":4,"gold_loss":0,"cards_upgraded":["Defend_G","Strike_G"]},{"damage_healed":0,"gold_gain":0,"player_choice":"Success","damage_taken":5,"relics_obtained":["Mummified Hand"],"max_hp_gain":0,"max_hp_loss":0,"event_name":"Scrap Ooze","floor":5,"gold_loss":0},{"damage_healed":0,"gold_gain":0,"player_choice":"Donut","damage_taken":0,"max_hp_gain":5,"max_hp_loss":0,"event_name":"Big Fish","floor":14,"gold_loss":0},{"damage_healed":0,"gold_gain":0,"player_choice":"Simplicity","damage_taken":0,"max_hp_gain":0,"max_hp_loss":0,"event_name":"Back to Basics","floor":19,"gold_loss":0,"cards_upgraded":["Defend_G","Defend_G","Defend_G","Defend_G"]},{"damage_healed":0,"gold_gain":0,"player_choice":"Fought Bandits","damage_taken":0,"max_hp_gain":0,"max_hp_loss":0,"event_name":"Masked Bandits","floor":21,"gold_loss":0},{"damage_healed":0,"gold_gain":0,"player_choice":"Obtained Relic","damage_taken":0,"relics_obtained":["Bag of Marbles"],"max_hp_gain":0,"max_hp_loss":0,"event_name":"Addict","floor":24,"gold_loss":85},{"damage_healed":0,"gold_gain":0,"player_choice":"Ignored","damage_taken":0,"max_hp_gain":0,"max_hp_loss":0,"event_name":"Vampires","floor":31,"gold_loss":0}],"is_beta":false,"boss_relics":[{"not_picked":["SlaversCollar","HoveringKite"],"picked":"Astrolabe"},{"not_picked":["Coffee Dripper","Ring of the Serpent"],"picked":"Pandora\u0027s Box"}],"items_purged_floors":[13],"is_endless":false,"potions_floor_spawned":[6,11,12,16,18,22,23,29,35,38],"killed_by":"Jaw Worm Horde","ascension_level":15}}