{"host":"hl2lcm3kcu0x5jvn","time":1609663949,"event":{"mods":["AchievementEnabler","BaseMod","Conspire","Downfall","Friendly Minions","Highlight Path","Hubris","Infinite Spire","Lobotomy","Minty Spire (QoL Compilation)","Replay The Spire","Shop Mod","StSLib","everything is the same but u backflip on backflip","vexMod"],"gold_per_floor":[114,114,214,229,244,244,259,274,274,289,361,61,61,76,76,176,176,191,222,222,172,187,218,233,263,263,278,278,308,58,58,158,158,182,182,203,244,165,197,197,240,240,287,287,287,335,335,335,343],"floor_reached":51,"playtime":2913,"items_purged":[],"score":1039,"play_id":"23ca0820-8541-4cb1-9e10-2b675d44af8e","local_time":"20210103155229","daily_mods":["Draft","Vintage","downfall:Hexed"],"is_ascension_mode":false,"campfire_choices":[{"floor":6,"key":"REST"},{"floor":15,"key":"REST"},{"floor":28,"key":"REST"},{"floor":32,"key":"REST"},{"floor":41,"key":"REST"},{"floor":46,"key":"REST"},{"floor":49,"key":"DIG"}],"circlet_count":0,"master_deck":["Beam Cell","hubris:PowerSurge","Stack","BasicCrystalCard","Streamline","Glacier","Coolheaded","Defragment","Defragment","Genetic Algorithm","Skim","Barrage","Loop+2","Fusion","Go for the Eyes","Rainbow","Ball Lightning","conspire:SpireCoStock","Chaos","Electrodynamics","GremboGang","Thunder Strike","AbeCurse","Capacitor","Sweeping Beam+1","Self Repair","ReplayTheSpireMod:Fabricate Wheel","Leap","expansioncontent:SuperHexaguard"],"relics":["Cracked Core","Velvet Choker","hubris:Teleporter","Vajra","conspire:InfiniteJournal","Singing Bowl","hubris:SlimyHat","conspire:TopHat","WingedGreaves","conspire:TreasureMap","ReplayTheSpireMod:TigerMarble","WarpedTongs","Letter Opener","Black Star","infinitespire:Lucky Rock","hubris:PeanutButter","champ:DuelingGlove","Strawberry","ReplayTheSpireMod:Ninjato","Bag of Marbles","Shovel","Nunchaku","Pocketwatch","infinitespire:EmpoweringShard","Onion Ring","Abe\u0027s Treasure","Carrot","Pen Nib","StoneCalendar","conspire:IceCreamScoop","infinitespire:EvilPickle","Happy Flower","InkBottle","infinitespire:Freezer","Prayer Wheel","infinitespire:CheckeredPen","hubris:Metronome","Dream Catcher","Iron Hammer"],"acts_visited":["Exordium","TheCity","TheBeyond"],"potions_floor_usage":[16,16,25,42,50,50],"damage_taken":[{"damage":6,"enemies":"conspire:RoseBush","floor":1,"turns":2},{"damage":12,"enemies":"2 Louse","floor":4,"turns":3},{"damage":1,"enemies":"Cultist","floor":5,"turns":3},{"damage":23,"enemies":"Gremlin Gang","floor":7,"turns":5},{"damage":4,"enemies":"2 Fungi Beasts","floor":8,"turns":3},{"damage":4,"enemies":"Exordium Wildlife","floor":10,"turns":3},{"damage":20,"enemies":"conspire:2 RoseBushes","floor":14,"turns":4},{"damage":52,"enemies":"Fading Forest","floor":16,"turns":11},{"damage":15,"enemies":"Chosen","floor":18,"turns":8},{"damage":23,"enemies":"conspire:MimicChest","floor":19,"turns":5},{"damage":12,"enemies":"2 Thieves","floor":22,"turns":4},{"damage":0,"enemies":"Book of Stabbing","floor":23,"turns":5},{"damage":15,"enemies":"Snake Plant","floor":24,"turns":4},{"damage":14,"enemies":"Slavers","floor":25,"turns":4},{"damage":0,"enemies":"Cultist and Chosen","floor":27,"turns":3},{"damage":0,"enemies":"Snecko","floor":30,"turns":3},{"damage":15,"enemies":"Pondfish","floor":33,"turns":6},{"damage":22,"enemies":"3 Shapes","floor":35,"turns":2},{"damage":0,"enemies":"Orb Walker","floor":37,"turns":3},{"damage":10,"enemies":"Spire Growth","floor":38,"turns":3},{"damage":4,"enemies":"Sphere and 2 Shapes","floor":40,"turns":4},{"damage":39,"enemies":"Nightmare","floor":42,"turns":6},{"damage":0,"enemies":"R_Hoarder","floor":44,"turns":5},{"damage":0,"enemies":"Transient","floor":47,"turns":5},{"damage":8,"enemies":"Time Eater","floor":50,"turns":7}],"seed_played":"4251252283042701915","potions_obtained":[{"floor":1,"key":"hexamod:EctoCoolerPotion"},{"floor":8,"key":"Fire Potion"},{"floor":10,"key":"SteroidPotion"},{"floor":16,"key":"champ:CounterPotion"},{"floor":18,"key":"Swift Potion"},{"floor":22,"key":"infinitespire:BlackPotion"},{"floor":33,"key":"DuplicationPotion"},{"floor":44,"key":"AttackPotion"},{"floor":45,"key":"FairyPotion"}],"is_trial":false,"path_per_floor":["M","?","?","M","M","R","M","M","T","M","?","$","?","M","R","B",null,"M","?","?","?","M","E","M","E","T","M","R","M","?","R","B",null,"M","?","M","M","$","M","R","NM","T","E","?","R","M","?","R","B",null],"character_chosen":"DEFECT","items_purchased":["conspire:TreasureMap","ReplayTheSpireMod:TigerMarble","Capacitor"],"campfire_rested":6,"item_purchase_floors":[12,12,39],"current_hp_per_floor":[69,69,69,57,56,75,52,48,48,44,44,44,44,24,46,24,75,60,37,37,37,25,40,25,11,11,11,35,35,35,59,44,82,60,60,60,50,50,46,70,31,31,31,31,55,62,62,62,56],"gold":343,"neow_bonus":"","is_daily":true,"chose_seed":false,"campfire_upgraded":0,"win_rate":0.0,"timestamp":1609663949,"path_taken":["M","?","?","M","?","R","M","?","T","M","?","?","?","M","R","BOSS","M","?","?","?","M","E","?","E","T","M","R","M","?","R","BOSS","M","?","M","?","$","M","R","NM","T","E","?","R","?","?","R","BOSS"],"items_purchased_type":["Relic","Relic","Card"],"build_version":"2020-12-22","purchased_purges":0,"victory":true,"max_hp_per_floor":[75,75,75,75,75,75,75,75,75,75,75,75,75,75,75,75,75,75,75,75,75,75,82,82,82,82,82,82,82,82,82,82,82,82,82,82,82,82,82,82,82,82,82,82,82,82,82,82,84],"card_choices":[{"not_picked":["Compile Driver","Barrage"],"picked":"Beam Cell","floor":0},{"not_picked":["Chill","Scrape"],"picked":"hubris:PowerSurge","floor":0},{"not_picked":["Steam","Panic Button"],"picked":"Stack","floor":0},{"not_picked":["Turbo","Beam Cell"],"picked":"BasicCrystalCard","floor":0},{"not_picked":["Steam","Blizzard"],"picked":"Streamline","floor":0},{"not_picked":["ReplayGash","Beam Cell"],"picked":"Glacier","floor":0},{"not_picked":["Rebound","Compile Driver"],"picked":"Coolheaded","floor":0},{"not_picked":["Coolheaded","Panic Button"],"picked":"Defragment","floor":0},{"not_picked":["White Noise","Heatsinks"],"picked":"Defragment","floor":0},{"not_picked":["Sweeping Beam","Force Field"],"picked":"Genetic Algorithm","floor":0},{"not_picked":["Rebound","Undo"],"picked":"Skim","floor":0},{"not_picked":["ReplayTheSpireMod:Reroute Power","Steam"],"picked":"Barrage","floor":0},{"not_picked":["Auto Shields","Steam"],"picked":"Loop","floor":0},{"not_picked":["Glacier","Crystallizer"],"picked":"Fusion","floor":0},{"not_picked":["Rebound","Hologram"],"picked":"Go for the Eyes","floor":0},{"not_picked":["Biased Cognition","hubris:Prefetch"],"picked":"Rainbow","floor":16},{"not_picked":["Compile Driver","Genetic Algorithm"],"picked":"Ball Lightning","floor":19},{"not_picked":["conspire:Rain","Turbo+1"],"picked":"Chaos","floor":23},{"not_picked":["Rebound","Fusion"],"picked":"Electrodynamics","floor":25},{"not_picked":["Reboot","ReplayTheSpireMod:Omega Cannon"],"picked":"Thunder Strike","floor":33},{"not_picked":["Panic Button","Hologram"],"picked":"Sweeping Beam+1","floor":42},{"not_picked":["Rebound","Leap"],"picked":"Self Repair","floor":44}],"player_experience":89959,"relics_obtained":[{"floor":1,"key":"hubris:Teleporter"},{"floor":4,"key":"Vajra"},{"floor":5,"key":"conspire:InfiniteJournal"},{"floor":7,"key":"Singing Bowl"},{"floor":8,"key":"hubris:SlimyHat"},{"floor":9,"key":"conspire:TopHat"},{"floor":10,"key":"WingedGreaves"},{"floor":14,"key":"Letter Opener"},{"floor":18,"key":"infinitespire:Lucky Rock"},{"floor":19,"key":"hubris:PeanutButter"},{"floor":22,"key":"champ:DuelingGlove"},{"floor":23,"key":"Strawberry"},{"floor":23,"key":"ReplayTheSpireMod:Ninjato"},{"floor":24,"key":"Bag of Marbles"},{"floor":25,"key":"Shovel"},{"floor":25,"key":"Nunchaku"},{"floor":26,"key":"Pocketwatch"},{"floor":27,"key":"infinitespire:EmpoweringShard"},{"floor":30,"key":"Onion Ring"},{"floor":35,"key":"Carrot"},{"floor":37,"key":"Pen Nib"},{"floor":38,"key":"StoneCalendar"},{"floor":40,"key":"conspire:IceCreamScoop"},{"floor":42,"key":"Happy Flower"},{"floor":42,"key":"InkBottle"},{"floor":43,"key":"infinitespire:Freezer"},{"floor":44,"key":"infinitespire:CheckeredPen"},{"floor":44,"key":"hubris:Metronome"},{"floor":47,"key":"Dream Catcher"},{"floor":49,"key":"Iron Hammer"}],"event_choices":[{"damage_healed":0,"gold_gain":100,"player_choice":"Pray","damage_taken":0,"max_hp_gain":0,"max_hp_loss":0,"event_name":"Golden Shrine","floor":3,"gold_loss":0},{"damage_healed":0,"gold_gain":72,"player_choice":"Gained Gold","damage_taken":0,"max_hp_gain":0,"max_hp_loss":0,"event_name":"Golden Wing","floor":11,"gold_loss":0},{"damage_healed":0,"gold_gain":0,"player_choice":"Rummage","damage_taken":0,"relics_obtained":["WarpedTongs"],"max_hp_gain":0,"max_hp_loss":0,"event_name":"Accursed Blacksmith","floor":13,"gold_loss":0,"cards_obtained":["Pain"]},{"cards_removed":["Pain"],"damage_healed":0,"gold_gain":0,"player_choice":"Elegance","damage_taken":0,"max_hp_gain":0,"max_hp_loss":0,"event_name":"Back to Basics","floor":20,"gold_loss":0},{"damage_healed":0,"gold_gain":0,"player_choice":"Invest 1","damage_taken":0,"max_hp_gain":0,"max_hp_loss":0,"event_name":"conspire:Investor","floor":21,"gold_loss":0},{"damage_healed":0,"gold_gain":0,"player_choice":"Upgraded","damage_taken":0,"max_hp_gain":0,"max_hp_loss":0,"event_name":"Upgrade Shrine","floor":36,"gold_loss":0,"cards_upgraded":["Loop"]},{"damage_healed":0,"gold_gain":0,"player_choice":"Got Potions","damage_taken":0,"max_hp_gain":0,"max_hp_loss":0,"event_name":"Lab","floor":45,"gold_loss":0},{"damage_healed":0,"gold_gain":0,"player_choice":"3 cards matched","damage_taken":0,"max_hp_gain":0,"max_hp_loss":0,"event_name":"Match and Keep!","floor":48,"gold_loss":0,"cards_obtained":["ReplayTheSpireMod:Fabricate Wheel","Leap","expansioncontent:SuperHexaguard"]}],"is_beta":false,"boss_relics":[{"not_picked":["hubris:RunicObelisk","hubris:Stopwatch"],"picked":"Black Star"},{"not_picked":["conspire:RoyalGoblet","expansioncontent:StudyCardRelic"],"picked":"Abe\u0027s Treasure"}],"items_purged_floors":[],"is_endless":false,"potions_floor_spawned":[1,8,10,14,16,18,22,33,35,44,47],"ascension_level":0}}