{"host":"3rixevx6n8b56xaj","time":1609689683,"event":{"mods":["2.2 Compatiblity","AchievementEnabler","Arknights The Spire","BaseMod","Colored Map","DeckTracker","Friendly Minions","Minty Spire (QoL Compilation)","StSLib","SuperFastMode"],"gold_per_floor":[114,132,4,22,97,97,97,97,97,109,109,122,139,172,172,271,271,288,37,52,70,81,111,124,124,124,124,159,159,190,207,207,303,303,323,336,336,349,349,379,391,391,391,391,406,419,224,251,251,251,251,251,22,47,47],"floor_reached":56,"playtime":2129,"items_purged":["Strike_B","Defend_B","Strike_B"],"score":1246,"play_id":"6dbb1e9b-9e95-42be-944a-2339d774c78f","local_time":"20210104010123","is_ascension_mode":false,"campfire_choices":[{"data":"Dualcast","floor":6,"key":"SMITH"},{"data":"Coolheaded","floor":11,"key":"SMITH"},{"data":"Fusion","floor":15,"key":"SMITH"},{"floor":25,"key":"REST"},{"data":"Strike_B","floor":27,"key":"PURGE"},{"data":"Defend_B","floor":29,"key":"PURGE"},{"data":"Fission","floor":32,"key":"SMITH"},{"data":"Defend_B","floor":42,"key":"PURGE"},{"data":"Barrage","floor":44,"key":"SMITH"},{"floor":49,"key":"RECALL"},{"data":"Turbo","floor":52,"key":"SMITH"}],"circlet_count":0,"master_deck":["Defend_B","Zap","Dualcast+1","Echo Form","Coolheaded+1","Compile Driver+1","Ball Lightning","Cold Snap","Barrage+1","Electrodynamics","Fusion+1","Core Surge+1","Turbo+1","Fission+1","Defragment+1","Self Repair+1","Buffer+1","Defragment+1","Coolheaded+1","Lockon+1","Coolheaded+1","Echo Form+1","Undo","Storm+1"],"relics":["Cracked Core","White Beast Statue","Oddly Smooth Stone","Black Star","Lantern","Peace Pipe","Akabeko","Gremlin Horn","Smiling Mask","Frozen Egg 2","MealTicket","Bronze Scales","Inserter","Sundial","Thread and Needle","Question Card","Lee\u0027s Waffle","Dream Catcher","Whetstone","Bird Faced Urn","Pantograph"],"acts_visited":["Exordium","TheCity","TheBeyond","TheEnding"],"potions_floor_usage":[13,14,16,18,20,23,24,28,30,30,30,36,38,40,40,45,46,48,48,55,55,55],"damage_taken":[{"damage":3,"enemies":"Small Slimes","floor":1,"turns":4},{"damage":11,"enemies":"Jaw Worm","floor":2,"turns":3},{"damage":0,"enemies":"Cultist","floor":4,"turns":4},{"damage":1,"enemies":"Exordium Wildlife","floor":10,"turns":2},{"damage":5,"enemies":"3 Louse","floor":12,"turns":3},{"damage":12,"enemies":"2 Fungi Beasts","floor":13,"turns":3},{"damage":9,"enemies":"3 Sentries","floor":14,"turns":4},{"damage":16,"enemies":"Hexaghost","floor":16,"turns":7},{"damage":3,"enemies":"Spheric Guardian","floor":18,"turns":4},{"damage":8,"enemies":"2 Thieves","floor":20,"turns":2},{"damage":25,"enemies":"Centurion and Healer","floor":21,"turns":5},{"damage":12,"enemies":"Snecko","floor":22,"turns":5},{"damage":26,"enemies":"Book of Stabbing","floor":23,"turns":6},{"damage":6,"enemies":"3 Cultists","floor":24,"turns":3},{"damage":7,"enemies":"Gremlin Leader","floor":28,"turns":4},{"damage":28,"enemies":"Slavers","floor":30,"turns":3},{"damage":30,"enemies":"Snake Plant","floor":31,"turns":4},{"damage":29,"enemies":"Collector","floor":33,"turns":7},{"damage":15,"enemies":"Orb Walker","floor":35,"turns":3},{"damage":12,"enemies":"3 Darklings","floor":36,"turns":2},{"damage":16,"enemies":"Spire Growth","floor":38,"turns":6},{"damage":13,"enemies":"Giant Head","floor":40,"turns":6},{"damage":5,"enemies":"Sphere and 2 Shapes","floor":41,"turns":4},{"damage":0,"enemies":"Writhing Mass","floor":45,"turns":7},{"damage":21,"enemies":"Jaw Worm Horde","floor":46,"turns":5},{"damage":1,"enemies":"Reptomancer","floor":48,"turns":4},{"damage":32,"enemies":"Donu and Deca","floor":50,"turns":8},{"damage":16,"enemies":"Shield and Spear","floor":54,"turns":6},{"damage":148,"enemies":"The Heart","floor":55,"turns":10}],"seed_played":"-6098739339850938016","potions_obtained":[{"floor":4,"key":"Regen Potion"},{"floor":10,"key":"DistilledChaos"},{"floor":12,"key":"LiquidMemories"},{"floor":13,"key":"Energy Potion"},{"floor":14,"key":"AttackPotion"},{"floor":16,"key":"SteroidPotion"},{"floor":18,"key":"Fire Potion"},{"floor":20,"key":"FocusPotion"},{"floor":21,"key":"SteroidPotion"},{"floor":23,"key":"Regen Potion"},{"floor":24,"key":"Explosive Potion"},{"floor":28,"key":"Block Potion"},{"floor":31,"key":"CultistPotion"},{"floor":33,"key":"FearPotion"},{"floor":35,"key":"Explosive Potion"},{"floor":36,"key":"Swift Potion"},{"floor":38,"key":"ColorlessPotion"},{"floor":40,"key":"Fire Potion"},{"floor":41,"key":"EssenceOfSteel"},{"floor":45,"key":"FearPotion"},{"floor":46,"key":"Explosive Potion"},{"floor":48,"key":"Fruit Juice"},{"floor":54,"key":"SpeedPotion"}],"is_trial":false,"path_per_floor":["M","M","$","M","?","R","T","$","T","M","R","M","M","E","R","B",null,"M","$","M","M","M","E","M","R","T","R","E","R","E","M","R","B",null,"M","M","?","M","?","E","M","R","T","R","M","M","$","E","R","B",null,"R","$","E","B",null],"character_chosen":"DEFECT","items_purchased":["Ball Lightning","Lantern","Lee\u0027s Waffle","Echo Form+1","Undo"],"campfire_rested":1,"item_purchase_floors":[3,19,47,53,53],"current_hp_per_floor":[72,61,61,61,50,50,50,50,50,49,49,44,41,32,32,16,75,72,72,64,39,27,1,4,26,26,26,19,19,21,41,41,22,75,70,68,68,71,71,68,71,71,71,71,71,60,78,83,83,61,83,83,83,77,25],"gold":47,"neow_bonus":"ONE_RANDOM_RARE_CARD","is_daily":false,"chose_seed":false,"campfire_upgraded":6,"win_rate":0.0,"timestamp":1609689683,"path_taken":["M","M","$","M","?","R","?","$","T","M","R","M","M","E","R","BOSS","M","$","M","M","M","E","M","R","T","R","E","R","E","M","R","BOSS","M","M","?","M","?","E","?","R","T","R","M","M","$","E","R","BOSS","R","$","E","BOSS"],"items_purchased_type":["Card","Relic","Relic","Card","Card"],"build_version":"2020-12-22","purchased_purges":3,"victory":true,"max_hp_per_floor":[75,75,75,75,75,75,75,75,75,75,75,75,75,75,75,75,75,75,75,75,75,75,75,75,75,75,75,75,75,75,75,75,75,75,75,75,71,71,71,71,71,71,71,71,71,71,78,83,83,83,83,83,83,83,83],"card_choices":[{"not_picked":["Turbo","Beam Cell"],"picked":"Coolheaded","floor":1},{"not_picked":["Darkness","Streamline"],"picked":"Compile Driver","floor":2},{"not_picked":["Steam","Go for the Eyes"],"picked":"Cold Snap","floor":4},{"not_picked":["Hologram","Steam"],"picked":"Barrage","floor":10},{"not_picked":["Lockon","Darkness"],"picked":"Electrodynamics","floor":12},{"not_picked":["Sweeping Beam","Barrage","Redo"],"picked":"SKIP","floor":13},{"not_picked":["Static Discharge","Thunder Strike"],"picked":"Fusion","floor":14},{"not_picked":["Machine Learning","Hyperbeam"],"picked":"Core Surge","floor":16},{"not_picked":["Gash","Static Discharge+1"],"picked":"Turbo","floor":18},{"not_picked":["Steam","Go for the Eyes","Compile Driver+1"],"picked":"SKIP","floor":20},{"not_picked":["Force Field+1","Redo","Ball Lightning"],"picked":"SKIP","floor":21},{"not_picked":["Go for the Eyes","Rebound+1","Steam"],"picked":"SKIP","floor":22},{"not_picked":["Heatsinks","Darkness"],"picked":"Fission","floor":23},{"not_picked":["Static Discharge+1","Barrage","Leap"],"picked":"SKIP","floor":24},{"not_picked":["Sweeping Beam","Blizzard+1"],"picked":"Defragment+1","floor":28},{"not_picked":["Coolheaded","Heatsinks+1"],"picked":"Self Repair+1","floor":30},{"not_picked":["Static Discharge+1","Turbo+1","Go for the Eyes"],"picked":"SKIP","floor":31},{"not_picked":["Amplify","Echo Form+1"],"picked":"Buffer+1","floor":33},{"not_picked":["Stack+1","Blizzard+1","Rebound+1"],"picked":"SKIP","floor":35},{"not_picked":["Beam Cell+1","Compile Driver"],"picked":"Defragment+1","floor":36},{"not_picked":["Beam Cell","Cold Snap","Reinforced Body"],"picked":"SKIP","floor":38},{"not_picked":["Reprogram+1","Redo","Self Repair+1"],"picked":"SKIP","floor":40},{"not_picked":["Scrape+1","Reboot"],"picked":"Coolheaded+1","floor":41},{"not_picked":["Sweeping Beam+1","Streamline+1","Go for the Eyes"],"picked":"Lockon+1","floor":45},{"not_picked":["Redo+1","Sweeping Beam","Capacitor+1"],"picked":"Coolheaded+1","floor":46},{"not_picked":["Coolheaded+1","Chill","Compile Driver","Tempest+1"],"picked":"SKIP","floor":48},{"not_picked":["Undo+1","Turbo+1","Steam+1"],"picked":"Storm+1","floor":54}],"player_experience":605419,"relics_obtained":[{"floor":9,"key":"White Beast Statue"},{"floor":14,"key":"Oddly Smooth Stone"},{"floor":23,"key":"Peace Pipe"},{"floor":23,"key":"Akabeko"},{"floor":26,"key":"Gremlin Horn"},{"floor":28,"key":"Smiling Mask"},{"floor":28,"key":"Frozen Egg 2"},{"floor":30,"key":"MealTicket"},{"floor":30,"key":"Bronze Scales"},{"floor":40,"key":"Sundial"},{"floor":40,"key":"Thread and Needle"},{"floor":43,"key":"Question Card"},{"floor":48,"key":"Dream Catcher"},{"floor":48,"key":"Whetstone"},{"floor":54,"key":"Bird Faced Urn"},{"floor":54,"key":"Pantograph"}],"event_choices":[{"damage_healed":0,"gold_gain":75,"player_choice":"Gather Gold","damage_taken":11,"max_hp_gain":0,"max_hp_loss":0,"event_name":"World of Goop","floor":5,"gold_loss":0},{"damage_healed":0,"gold_gain":0,"player_choice":"Max HP","damage_taken":0,"max_hp_gain":0,"max_hp_loss":4,"event_name":"Winding Halls","floor":37,"gold_loss":0},{"cards_removed":["Strike_B"],"damage_healed":0,"gold_gain":0,"player_choice":"Purged","damage_taken":0,"max_hp_gain":0,"max_hp_loss":0,"event_name":"Purifier","floor":39,"gold_loss":0}],"is_beta":false,"boss_relics":[{"not_picked":["Sozu","Coffee Dripper"],"picked":"Black Star"},{"not_picked":["SlaversCollar","Runic Pyramid"],"picked":"Inserter"}],"items_purged_floors":[3,19,47],"is_endless":false,"potions_floor_spawned":[4,10,12,13,14,16,18,20,21,22,23,24,28,31,33,35,36,38,40,41,45,46,48,54],"ascension_level":0}}