{"host":"Dean","time":1609680465,"event":{"mods":["2.2 Compatiblity","AchievementEnabler","BaseMod","Block Reminder","Colored Map","Colored Powertips","Minty Spire (QoL Compilation)","Permanent Neow","Quick Restart","Relic Stats","Replay The Spire","StSLib"],"gold_per_floor":[99,49,224,1,14,14,14,42,68,132,132,459,459,493,493,591,591,605,605,75,125,142,142,173,186,235,265,294,294,308,337,337,435,435,446,60,75,89,102,136,161,211,211,227,227,259,3,53,53,73,73,73,255,303,329],"floor_reached":56,"playtime":6214,"items_purged":["Doubt","Strike_G","Strike_G","Strike_G","Defend_G"],"score":1803,"play_id":"b1901800-aa06-4382-894e-e87dc2dcee3c","local_time":"20210103082745","daily_mods":["Blue Cards","Heirloom","Flight"],"is_ascension_mode":true,"campfire_choices":[{"data":"Beam Cell","floor":6,"key":"SMITH"},{"data":"Capacitor","floor":7,"key":"SMITH"},{"data":"Leap","floor":11,"key":"SMITH"},{"data":"Crystallizer","floor":15,"key":"SMITH"},{"floor":23,"key":"RECALL"},{"data":"Caltrops","floor":29,"key":"SMITH"},{"floor":32,"key":"REST"},{"data":"Heatsinks","floor":45,"key":"SMITH"},{"floor":49,"key":"REST"},{"data":"Defend_G","floor":52,"key":"SMITH"}],"circlet_count":0,"master_deck":["Defend_G","Defend_G","Defend_G","Defend_G+1","Leap+1","Beam Cell+1","Footwork+1","Blade Dance+1","Malaise+1","Capacitor+1","Biased Cognition+1","Fusion+1","Coolheaded+1","Crystallizer+1","Mirror Shield+1","Envenom+1","PiercingWail+1","Loop+1","Replay:Sssssssssshield+1","Dodge and Roll+1","BasicCrystalCard+1","Skim+1","Caltrops+1","Sunder+1","Chill+1","Leg Sweep+1","Redo+1","Blade Dance+1","Seek+1","After Image+1","Heatsinks+1","Sadistic Nature+1","Backflip+1","Core Surge+1","Dagger Throw+1","Hologram+1","Crippling Poison+1","Hologram+1","Sweeping Beam+1","Malaise+1","Terror+1","Pot Of Greed+1","Pot Of Greed+1","Pot Of Greed+1","Pot Of Greed+1","Noxious Fumes+1","Shame","Blade Dance+1","Meteor Strike+1","BootSequence+1","Envenom+1","Pot Of Greed+1","Specialist+1","FTL+1","Malaise+1","Sadistic Nature+1","Dramatic Entrance+1","Cloak And Dagger+1","Prepared+1","Go for the Eyes+1","Consume+1"],"relics":["Ring of the Serpent","Ring of Chaos","Nloth\u0027s Gift","Question Card","Prayer Wheel","Golden Egg","Membership Card","Durian","Toxic Egg 2","Ornamental Fan","Strawberry","Old Coin","Bag of Marbles","Byrd Skull","Basket Of Snakes","TwistedFunnel","Pet Ghost","Orichalcum","Molten Egg 2","Paper Crane","Gremlin Horn","Replay:Grab Bag","Cursed Key","Philosopher\u0027s Stone","SacredBark","WristBlade","Chemical X","Bottled Tornado","Bronze Scales","Replay:Bandana","Grinning Jar","Membership Card","Vampiric Spirits","Nunchaku","ReplayTheSpireMod:TigerMarble","Sling","Snake Skull"],"acts_visited":["Exordium","TheCity","TheBeyond","TheEnding"],"potions_floor_usage":[8,27,28,33,55,55,55],"damage_taken":[{"damage":0,"enemies":"Cultist","floor":5,"turns":2},{"damage":3,"enemies":"Gremlin Nob","floor":8,"turns":3},{"damage":13,"enemies":"Lagavulin","floor":12,"turns":12},{"damage":4,"enemies":"Gremlin Nob","floor":14,"turns":6},{"damage":0,"enemies":"The Guardian","floor":16,"turns":13},{"damage":0,"enemies":"Chosen","floor":18,"turns":4},{"damage":20,"enemies":"3 Byrds","floor":22,"turns":7},{"damage":13,"enemies":"Book of Stabbing","floor":24,"turns":9},{"damage":10,"enemies":"Shelled Parasite and Fungi","floor":25,"turns":7},{"damage":0,"enemies":"Slavers","floor":27,"turns":5},{"damage":0,"enemies":"Book of Stabbing","floor":28,"turns":6},{"damage":8,"enemies":"Chosen and Byrds","floor":30,"turns":7},{"damage":0,"enemies":"Gremlin Leader","floor":31,"turns":7},{"damage":7,"enemies":"Champ","floor":33,"turns":12},{"damage":0,"enemies":"3 Shapes","floor":35,"turns":1},{"damage":0,"enemies":"Orb Walker","floor":37,"turns":3},{"damage":0,"enemies":"Spire Growth","floor":38,"turns":3},{"damage":0,"enemies":"Jaw Worm Horde","floor":39,"turns":2},{"damage":0,"enemies":"Reptomancer","floor":40,"turns":2},{"damage":0,"enemies":"Giant Head","floor":41,"turns":3},{"damage":1,"enemies":"R_Hoarder","floor":42,"turns":4},{"damage":1,"enemies":"4 Shapes","floor":44,"turns":3},{"damage":5,"enemies":"Transient","floor":46,"turns":5},{"damage":0,"enemies":"Reptomancer","floor":48,"turns":2},{"damage":0,"enemies":"Replay:Hell Engine","floor":50,"turns":5},{"damage":0,"enemies":"Shield and Spear","floor":54,"turns":3},{"damage":10,"enemies":"The Heart","floor":55,"turns":5}],"seed_played":"-867826809064289600","potions_obtained":[{"floor":5,"key":"CunningPotion"},{"floor":14,"key":"Dexterity Potion"},{"floor":18,"key":"AttackPotion"},{"floor":25,"key":"FearPotion"},{"floor":28,"key":"Fruit Juice"},{"floor":30,"key":"GhostInAJar"},{"floor":35,"key":"PowerPotion"},{"floor":39,"key":"Cursed Concoction"}],"is_trial":true,"path_per_floor":["?","?","?","$","M","R","R","E","T","$","R","E","?","E","R","B",null,"M","?","$","?","M","R","E","M","T","E","E","R","M","E","R","B",null,"M","$","M","M","M","E","E","E","T","M","R","M","$","E","R","B",null,"R","$","E","B",null],"character_chosen":"THE_SILENT","items_purchased":["Toxic Egg 2","Footwork","Blade Dance+1","Fusion+1","Byrd Skull","Basket Of Snakes","TwistedFunnel","Loop","Replay:Sssssssssshield+1","Chemical X","Sadistic Nature","Bottled Tornado","Backflip+1","Membership Card","Envenom","Vampiric Spirits","Specialist","Nunchaku","FTL+1","Sadistic Nature","Dramatic Entrance+1","Sling","Cloak And Dagger+1","Prepared+1","Go for the Eyes+1"],"campfire_rested":2,"item_purchase_floors":[4,4,4,10,20,20,20,20,20,36,36,36,36,47,47,47,47,47,47,53,53,53,53,53,53],"current_hp_per_floor":[75,75,75,75,75,75,75,72,79,79,79,66,66,62,62,62,77,77,77,77,77,57,57,44,34,34,34,39,39,31,31,57,50,78,78,78,78,78,78,78,78,77,77,76,76,71,71,71,87,87,87,87,87,87,78],"gold":329,"neow_bonus":"","is_daily":false,"chose_seed":false,"campfire_upgraded":7,"win_rate":0.0,"timestamp":1609680465,"path_taken":["?","?","?","$","M","R","R","E","T","$","R","E","?","E","R","BOSS","M","?","$","?","M","R","E","?","T","E","E","R","?","E","R","BOSS","M","$","M","M","M","E","E","E","T","M","R","M","$","E","R","BOSS","R","$","E","BOSS"],"items_purchased_type":["Relic","Card","Card","Card","Relic","Relic","Relic","Card","Card","Relic","Card","Relic","Card","Relic","Card","Relic","Card","Relic","Card","Card","Card","Relic","Card","Card","Card"],"build_version":"2020-12-18","purchased_purges":5,"victory":true,"max_hp_per_floor":[75,75,75,75,75,75,75,75,82,82,82,82,82,82,82,82,82,82,82,82,82,82,82,82,82,82,82,87,87,87,87,87,87,87,87,87,87,87,87,87,87,87,87,87,87,87,87,87,87,87,87,87,87,87,87],"relic_stats":{"Gremlin Horn":[13,13],"counters":[27,141],"Snake Skull":[18],"Orichalcum":[36],"Question Card":36,"Cursed Key":1,"Nunchaku":[5],"Ornamental Fan":[308],"Bronze Scales":[117],"Prayer Wheel":11,"Nloth\u0027s Gift":10,"Chemical X":[13],"obtain_stats":[{"TwistedFunnel":20,"Golden Egg":0,"Gremlin Horn":31,"Nilry\u0027s Codex":0,"Vampiric Spirits":47,"SacredBark":34,"Snake Skull":54,"Bottled Tornado":36,"Cursed Key":34,"Sling":53,"Pet Ghost":24,"Old Coin":12,"Replay:Bandana":41,"Nunchaku":47,"WristBlade":34,"Strawberry":9,"Prayer Wheel":0,"Philosopher\u0027s Stone":34,"Chemical X":36,"Toxic Egg 2":4,"Byrd Skull":20,"Ring of the Snake":0,"Basket Of Snakes":20,"Replay:Grab Bag":34,"Ring of Chaos":0,"Orichalcum":26,"Paper Crane":28,"Question Card":0,"Ornamental Fan":8,"Bronze Scales":40,"Molten Egg 2":27,"Nloth\u0027s Gift":0,"Durian":0,"Bag of Marbles":14,"ReplayTheSpireMod:TigerMarble":48,"Membership Card":0,"Grinning Jar":42,"Ring of the Serpent":17},{"TwistedFunnel":6,"Golden Egg":0,"Gremlin Horn":13,"Nilry\u0027s Codex":0,"Vampiric Spirits":23,"SacredBark":14,"Snake Skull":26,"Bottled Tornado":15,"Cursed Key":14,"Sling":25,"Pet Ghost":8,"Old Coin":3,"Replay:Bandana":20,"Nunchaku":23,"WristBlade":14,"Strawberry":2,"Prayer Wheel":0,"Philosopher\u0027s Stone":14,"Chemical X":15,"Toxic Egg 2":0,"Byrd Skull":6,"Ring of the Snake":0,"Basket Of Snakes":6,"Replay:Grab Bag":14,"Ring of Chaos":0,"Orichalcum":9,"Paper Crane":11,"Question Card":0,"Ornamental Fan":2,"Bronze Scales":19,"Molten Egg 2":10,"Nloth\u0027s Gift":0,"Durian":0,"Bag of Marbles":4,"ReplayTheSpireMod:TigerMarble":24,"Membership Card":0,"Grinning Jar":21,"Ring of the Serpent":5},{"TwistedFunnel":40,"Golden Egg":0,"Gremlin Horn":88,"Nilry\u0027s Codex":0,"Vampiric Spirits":126,"SacredBark":100,"Snake Skull":136,"Bottled Tornado":101,"Cursed Key":100,"Sling":133,"Pet Ghost":56,"Old Coin":17,"Replay:Bandana":114,"Nunchaku":126,"WristBlade":100,"Strawberry":5,"Prayer Wheel":0,"Philosopher\u0027s Stone":100,"Chemical X":101,"Toxic Egg 2":0,"Byrd Skull":40,"Ring of the Snake":0,"Basket Of Snakes":40,"Replay:Grab Bag":100,"Ring of Chaos":0,"Orichalcum":63,"Paper Crane":74,"Question Card":0,"Ornamental Fan":5,"Bronze Scales":111,"Molten Egg 2":68,"Nloth\u0027s Gift":0,"Durian":0,"Bag of Marbles":23,"ReplayTheSpireMod:TigerMarble":128,"Membership Card":0,"Grinning Jar":118,"Ring of the Serpent":36}]},"card_choices":[{"not_picked":["Quick Slash","Redo+1","Gash"],"picked":"Malaise+1","floor":5},{"not_picked":["ReplayTheSpireMod:Shiv Toss+1","Reflex+1","PiercingWail+1"],"picked":"Capacitor","floor":5},{"not_picked":["Ball Lightning","Melter","ReplayTheSpireMod:System Scan+1"],"picked":"Biased Cognition","floor":8},{"not_picked":["Escape Plan+1","Dash","Leg Sweep+1"],"picked":"Coolheaded+1","floor":12},{"not_picked":["All Out Attack","Biased Cognition","Deflect+1"],"picked":"Crystallizer","floor":14},{"not_picked":["ReplayTheSpireMod:Necrosis+1","Rainbow+1","Adrenaline+1"],"picked":"Mirror Shield+1","floor":16},{"not_picked":["Dodge and Roll+1","Bane","ReplayTheSpireMod:Repulse+1"],"picked":"Envenom","floor":18},{"not_picked":["Redo+1","Deadly Poison+1","Compile Driver"],"picked":"PiercingWail+1","floor":18},{"not_picked":["ReplayGash+1","Dagger Throw","Draining Mist+1"],"picked":"Dodge and Roll+1","floor":22},{"not_picked":["Phantasmal Killer+1","Dagger Spray","Dodge and Roll+1","Flying Knee"],"picked":"SKIP","floor":22},{"not_picked":["Melter","Draining Mist+1","Crippling Poison+1"],"picked":"BasicCrystalCard+1","floor":24},{"not_picked":["Undo+1","Slice","Panic Button+1"],"picked":"Skim+1","floor":25},{"not_picked":["ReplayTheSpireMod:Repulse+1","Draining Mist+1","Slice"],"picked":"Caltrops","floor":25},{"not_picked":["Heel Hook+1","ReplayTheSpireMod:Repulse+1","Hyperbeam+1"],"picked":"Sunder+1","floor":27},{"not_picked":["Acrobatics+1","Stack+1","Flechettes+1"],"picked":"Chill+1","floor":28},{"not_picked":["Conserve Battery+1","Skewer+1","Buffer"],"picked":"Leg Sweep+1","floor":30},{"not_picked":["Outmaneuver+1","Turbo+1","Deadly Poison+1"],"picked":"Redo+1","floor":30},{"not_picked":["Bane+1","ReplayTheSpireMod:The Works+1","BootSequence+1"],"picked":"Blade Dance+1","floor":31},{"not_picked":["Malaise+1","Corpse Explosion+1","All For One+1"],"picked":"Seek+1","floor":33},{"not_picked":["Acrobatics+1","BootSequence+1","Dagger Spray+1"],"picked":"After Image","floor":35},{"not_picked":["ReplayTheSpireMod:The Works+1","Reflex+1","Time Bomb+1"],"picked":"Heatsinks","floor":35},{"not_picked":["Compile Driver+1","Quick Slash+1","Streamline+1"],"picked":"Core Surge+1","floor":37},{"not_picked":["All Out Attack+1","Deflect+1","Toxin Wave+1"],"picked":"Dagger Throw+1","floor":37},{"not_picked":["Outmaneuver+1","Turbo+1","Sweeping Beam+1"],"picked":"Hologram+1","floor":38},{"not_picked":["Heel Hook+1","Conserve Battery+1","Dodge and Roll+1"],"picked":"Crippling Poison+1","floor":38},{"not_picked":["Loop+1","Prepared+1","Double Energy+1"],"picked":"Hologram+1","floor":39},{"not_picked":["Choke+1","ReplayTheSpireMod:Tripwire+1","ReplaySort+1"],"picked":"Sweeping Beam+1","floor":39},{"not_picked":["Die Die Die+1","Bouncing Flask+1","ReplayTheSpireMod:Shiv Toss+1"],"picked":"Malaise+1","floor":40},{"not_picked":["Scrape+1","All For One+1","Stack+1"],"picked":"Terror+1","floor":41},{"not_picked":["Lockon+1","ReplaySolidLightProjector+1","BootSequence+1"],"picked":"Noxious Fumes+1","floor":42},{"not_picked":["Hologram+1","Stack+1","Hidden Blade+1"],"picked":"Blade Dance+1","floor":44},{"not_picked":["Terror+1","Stack+1","Conserve Battery+1","Leg Sweep+1"],"picked":"SKIP","floor":44},{"not_picked":["Terror+1","Stack+1","Conserve Battery+1","Leg Sweep+1"],"picked":"SKIP","floor":44},{"not_picked":["Steam+1","Steam Power+1","Beam Cell+1"],"picked":"Meteor Strike+1","floor":46},{"not_picked":["Accuracy+1","Riddle With Holes+1","Deadly Poison+1"],"picked":"BootSequence+1","floor":46},{"not_picked":["Hologram+1","Draining Mist+1","PiercingWail+1"],"picked":"Malaise+1","floor":48},{"not_picked":["Auto Shields+1","Redo+1","Replay:Poison Smokescreen+1"],"picked":"Consume+1","floor":54}],"player_experience":759737,"relics_obtained":[{"floor":8,"key":"Ornamental Fan"},{"floor":9,"key":"Strawberry"},{"floor":12,"key":"Old Coin"},{"floor":14,"key":"Bag of Marbles"},{"floor":24,"key":"Pet Ghost"},{"floor":26,"key":"Orichalcum"},{"floor":27,"key":"Molten Egg 2"},{"floor":28,"key":"Paper Crane"},{"floor":31,"key":"Gremlin Horn"},{"floor":40,"key":"Bronze Scales"},{"floor":41,"key":"Replay:Bandana"},{"floor":42,"key":"Grinning Jar"},{"floor":48,"key":"ReplayTheSpireMod:TigerMarble"},{"floor":54,"key":"Snake Skull"}],"event_choices":[{"cards_removed":["Strike_G"],"damage_healed":0,"gold_gain":0,"player_choice":"Card Removal","damage_taken":0,"max_hp_gain":0,"max_hp_loss":0,"event_name":"The Cleric","floor":2,"gold_loss":50},{"damage_healed":0,"gold_gain":175,"player_choice":"AGREE","damage_taken":0,"max_hp_gain":0,"max_hp_loss":0,"event_name":"Liars Game","floor":3,"gold_loss":0,"cards_obtained":["Doubt"]},{"cards_removed":["Strike_G"],"damage_healed":0,"gold_gain":0,"player_choice":"Forget","damage_taken":0,"max_hp_gain":0,"max_hp_loss":0,"event_name":"Living Wall","floor":13,"gold_loss":0},{"damage_healed":0,"gold_gain":100,"player_choice":"Bet on Murderer","damage_taken":0,"max_hp_gain":0,"max_hp_loss":0,"event_name":"The Joust","floor":21,"gold_loss":50}],"is_beta":true,"boss_relics":[{"not_picked":["HoveringKite","Snecko Eye"],"picked":"Ring of the Serpent"},{"not_picked":["ReplayTheSpireMod:DimensionalGlitch","Snecko Heart"],"picked":"Replay:Grab Bag"},{"not_picked":["Fusion Hammer","Velvet Choker"],"picked":"Cursed Key"},{"not_picked":["ReplayTheSpireMod:Onyx Gauntlets","Abe\u0027s Treasure"],"picked":"Philosopher\u0027s Stone"},{"not_picked":["Snecko Scales","Empty Cage"],"picked":"SacredBark"},{"not_picked":["SlaversCollar","Pandora\u0027s Box"],"picked":"WristBlade"}],"items_purged_floors":[4,10,20,36,53],"is_endless":false,"potions_floor_spawned":[5,14,18,25,28,30,35,39,44,46,48],"ascension_level":5}}