{"host":"5cddetx9rxq1mqd4","time":1609697850,"event":{"mods":["BaseMod","Minty Spire (QoL Compilation)"],"gold_per_floor":[113,113,188,206,217,217,230,259,259,259,259,269,269,269,269,269,269],"floor_reached":16,"playtime":581,"items_purged":[],"score":195,"play_id":"f787ee36-305b-4c92-9fff-45a4d10d7fde","local_time":"20210103191730","is_ascension_mode":true,"campfire_choices":[{"floor":6,"key":"REST"},{"floor":10,"key":"REST"},{"floor":15,"key":"REST"}],"circlet_count":0,"master_deck":["AscendersBane","Strike_R","Strike_R","Strike_R","Strike_R","Strike_R","Defend_R","Defend_R","Defend_R","Defend_R","Bash","Wild Strike","Intimidate","Shrug It Off","Uppercut","True Grit","Shrug It Off","Injury"],"relics":["Burning Blood","Pocketwatch","Juzu Bracelet","Frozen Egg 2","Letter Opener","Golden Idol"],"acts_visited":["Exordium"],"potions_floor_usage":[4,16],"damage_taken":[{"damage":14,"enemies":"Small Slimes","floor":1,"turns":4},{"damage":18,"enemies":"Jaw Worm","floor":4,"turns":3},{"damage":7,"enemies":"2 Louse","floor":5,"turns":4},{"damage":27,"enemies":"Large Slime","floor":7,"turns":6},{"damage":40,"enemies":"3 Sentries","floor":8,"turns":10},{"damage":7,"enemies":"3 Louse","floor":12,"turns":4},{"damage":30,"enemies":"Slime Boss","floor":16,"turns":8}],"seed_played":"5437401770637178917","potions_obtained":[{"floor":4,"key":"Fruit Juice"},{"floor":8,"key":"GamblersBrew"},{"floor":12,"key":"SkillPotion"}],"is_trial":false,"path_per_floor":["M","?","?","M","M","R","M","E","T","R","?","M","?","?","R","B"],"character_chosen":"IRONCLAD","items_purchased":[],"campfire_rested":3,"item_purchase_floors":[],"current_hp_per_floor":[60,60,49,42,41,65,44,10,10,34,34,33,26,26,50,20,20],"gold":269,"neow_bonus":"ONE_RARE_RELIC","is_daily":false,"chose_seed":false,"campfire_upgraded":0,"win_rate":0.0,"timestamp":1609697850,"path_taken":["M","?","?","M","M","R","M","E","T","R","?","M","?","?","R","BOSS"],"items_purchased_type":[],"build_version":"2020-12-22","purchased_purges":0,"victory":false,"max_hp_per_floor":[75,75,75,80,80,80,80,80,80,80,80,80,80,80,80,80,80],"card_choices":[{"not_picked":["Havoc","Intimidate"],"picked":"Wild Strike","floor":1},{"not_picked":["Clash","Perfected Strike"],"picked":"Intimidate","floor":4},{"not_picked":["Heavy Blade","Headbutt"],"picked":"Shrug It Off","floor":5},{"not_picked":["Clothesline","Twin Strike"],"picked":"Uppercut","floor":7},{"not_picked":["Twin Strike","Heavy Blade"],"picked":"True Grit","floor":8},{"not_picked":["Hemokinesis","Bloodletting"],"picked":"Shrug It Off","floor":12}],"player_experience":587228,"relics_obtained":[{"floor":8,"key":"Frozen Egg 2"},{"floor":9,"key":"Letter Opener"}],"event_choices":[{"damage_healed":0,"gold_gain":0,"player_choice":"Box","damage_taken":0,"relics_obtained":["Juzu Bracelet"],"max_hp_gain":0,"max_hp_loss":0,"event_name":"Big Fish","floor":2,"gold_loss":0,"cards_obtained":["Regret"]},{"damage_healed":0,"gold_gain":75,"player_choice":"Gather Gold","damage_taken":11,"max_hp_gain":0,"max_hp_loss":0,"event_name":"World of Goop","floor":3,"gold_loss":0},{"cards_removed":["Regret"],"damage_healed":0,"gold_gain":0,"player_choice":"Forget","damage_taken":0,"max_hp_gain":0,"max_hp_loss":0,"event_name":"Living Wall","floor":11,"gold_loss":0},{"cards_removed":["Writhe"],"damage_healed":0,"gold_gain":0,"player_choice":"Card Removal","damage_taken":7,"max_hp_gain":0,"max_hp_loss":0,"event_name":"Golden Wing","floor":13,"gold_loss":0},{"damage_healed":0,"gold_gain":0,"player_choice":"Take Wound","damage_taken":0,"relics_obtained":["Golden Idol"],"max_hp_gain":0,"max_hp_loss":0,"event_name":"Golden Idol","floor":14,"gold_loss":0,"cards_obtained":["Injury"]}],"is_beta":false,"boss_relics":[],"items_purged_floors":[],"is_endless":false,"potions_floor_spawned":[4,8,12],"killed_by":"Slime Boss","ascension_level":19}}