{"host":"a1u4jo6xlg3w0wsm","time":1609657652,"event":{"mods":["BaseMod","Better Third Choice","DeckTracker","Downfall","Hermit","Hubris","Minty Spire (QoL Compilation)","Replay The Spire","StSLib"],"gold_per_floor":[117,117,24,42,55,55,81,81,108,127,127,160,160,185,185,282,282,300,312,13,25,41,41,57,91,91,91,110,135,209,225,225,225,225],"floor_reached":33,"playtime":2110,"items_purged":[],"score":342,"play_id":"4ae1a4b1-54d6-414f-a897-e90106072ce9","local_time":"20210103200732","is_ascension_mode":true,"campfire_choices":[{"data":"hermit:Showdown","floor":6,"key":"SMITH"},{"floor":8,"key":"REST"},{"floor":11,"key":"REST"},{"data":"hermit:EyeOfTheStorm","floor":15,"key":"SMITH"},{"floor":23,"key":"REST"},{"floor":27,"key":"REST"},{"data":"hermit:HighNoon","floor":32,"key":"SMITH"}],"circlet_count":0,"master_deck":["hermit:Strike_Hermit+1","hermit:Strike_Hermit","hermit:Strike_Hermit","hermit:Strike_Hermit","hermit:Defend_Hermit","hermit:Defend_Hermit","hermit:Defend_Hermit","hermit:Defend_Hermit","hermit:Snapshot","hermit:Covet","hermit:Showdown+1","hermit:EyeOfTheStorm+1","hermit:Gestalt","hermit:HoleUp","hermit:Glare+1","hermit:SprayPray","hermit:CursedWeapon","hermit:Dissolve","Parasite","hermit:HeroicBravado","hermit:Quickdraw+1","hermit:Vantage","hermit:Snapshot","hermit:Manifest","hermit:Quickdraw+1","Injury","Pot Of Greed","Pot Of Greed","Pot Of Greed","hermit:HighNoon+1","hermit:Grudge","hermit:Spite","hermit:Deadeye+1"],"relics":["hermit:Momento","hubris:ToyBattleship","Centennial Puzzle","Vajra","Bronze Scales","Cursed Key","DollysMirror","Gremlin Food","Nunchaku","Replay:Accelerometer","Grinning Jar","PreservedInsect"],"acts_visited":["Exordium","TheCity"],"potions_floor_usage":[7,18,18,25,25,33],"damage_taken":[{"damage":1,"enemies":"Cultist","floor":1,"turns":4},{"damage":3,"enemies":"2 Louse","floor":4,"turns":3},{"damage":1,"enemies":"Small Slimes","floor":5,"turns":4},{"damage":49,"enemies":"Gremlin Nob","floor":7,"turns":6},{"damage":12,"enemies":"Exordium Wildlife","floor":10,"turns":3},{"damage":4,"enemies":"Lagavulin","floor":12,"turns":5},{"damage":28,"enemies":"Slime Boss","floor":16,"turns":13},{"damage":4,"enemies":"Spheric Guardian","floor":18,"turns":4},{"damage":4,"enemies":"2 Thieves","floor":19,"turns":3},{"damage":12,"enemies":"Shelled Parasite and Fungi","floor":21,"turns":3},{"damage":2,"enemies":"Snake Plant","floor":22,"turns":2},{"damage":4,"enemies":"Centurion and Healer","floor":24,"turns":8},{"damage":20,"enemies":"Book of Stabbing","floor":25,"turns":7},{"damage":5,"enemies":"Sentry and Sphere","floor":28,"turns":4},{"damage":4,"enemies":"Replay:Snechameleon","floor":29,"turns":4},{"damage":7,"enemies":"3 Cultists","floor":31,"turns":5},{"damage":3,"enemies":"Automaton","floor":33,"turns":3}],"seed_played":"4879630373251518369","potions_obtained":[{"floor":1,"key":"Doom Potion"},{"floor":5,"key":"Languid Potion"},{"floor":10,"key":"LiquidBronze"},{"floor":22,"key":"Weak Potion"},{"floor":24,"key":"SkillPotion"},{"floor":30,"key":"SneckoOil"},{"floor":31,"key":"hermit:Tonic"}],"is_trial":false,"path_per_floor":["M","$","$","M","M","R","E","R","T","M","R","E","?","T","R","B",null,"M","M","$","M","M","R","M","E","T","R","M","E","?","M","R","B"],"character_chosen":"HERMIT","items_purchased":["hermit:Gestalt","hermit:HoleUp","DollysMirror","Gremlin Food"],"campfire_rested":4,"item_purchase_floors":[3,3,20,20],"current_hp_per_floor":[74,74,74,71,70,70,21,43,43,31,53,49,67,67,67,39,75,71,67,67,55,53,75,71,51,51,73,68,64,64,57,57,54,54],"gold":225,"neow_bonus":"RANDOM_EVENT","is_daily":false,"chose_seed":false,"campfire_upgraded":3,"win_rate":0.0,"timestamp":1609657652,"path_taken":["M","?","$","M","?","R","E","R","T","M","R","E","?","?","R","BOSS","M","M","$","M","M","R","M","E","T","R","M","E","?","M","R","BOSS"],"items_purchased_type":["Card","Card","Relic","Relic"],"build_version":"2020-12-13","purchased_purges":0,"victory":false,"max_hp_per_floor":[75,75,75,75,75,75,75,75,75,75,75,75,75,75,75,75,75,75,75,75,75,75,75,75,75,75,75,75,75,75,75,75,75,75],"card_choices":[{"not_picked":["hermit:CalledShot","hermit:Feint"],"picked":"hermit:EyeOfTheStorm","floor":1},{"not_picked":["hermit:Malice","hermit:TrackingShot"],"picked":"hermit:Glare","floor":4},{"not_picked":["hermit:BodyArmor","hermit:PistolWhip"],"picked":"hermit:SprayPray","floor":5},{"not_picked":["hermit:Ricochet","hermit:Virtue","hermit:EternalForm"],"picked":"SKIP","floor":7},{"not_picked":["hermit:Desperado","hermit:Deadeye"],"picked":"hermit:CursedWeapon","floor":10},{"not_picked":["hermit:Ricochet","hermit:Deadeye"],"picked":"hermit:Dissolve","floor":12},{"not_picked":["hermit:Dissolve","hermit:Purgatory"],"picked":"hermit:HeroicBravado","floor":16},{"not_picked":["hermit:HoleUp+1","hermit:TrackingShot+1"],"picked":"hermit:Quickdraw+1","floor":18},{"not_picked":["hermit:Ricochet","hermit:HighCaliber"],"picked":"hermit:Vantage","floor":19},{"not_picked":["hermit:Coalescence","hermit:Vantage","hermit:BodyArmor"],"picked":"SKIP","floor":21},{"not_picked":["hermit:BodyArmor","hermit:CursedWeapon+1"],"picked":"hermit:Manifest","floor":22},{"not_picked":["hermit:LuckOfTheDraw","hermit:Desperado","hermit:LowProfile"],"picked":"SKIP","floor":24},{"not_picked":["hermit:Showdown","hermit:Gambit"],"picked":"hermit:Quickdraw+1","floor":25},{"not_picked":["hermit:ItchyTrigger","hermit:GoldenBullet","hermit:Shortfuse"],"picked":"SKIP","floor":28},{"not_picked":["hermit:Vantage","hermit:Cheat"],"picked":"hermit:HighNoon","floor":29},{"not_picked":["hermit:Malice","hermit:HighCaliber"],"picked":"hermit:Grudge","floor":30},{"not_picked":["hermit:GhostlyPresence","hermit:Horror"],"picked":"hermit:Spite","floor":30},{"not_picked":["hermit:Misfire","hermit:TrackingShot"],"picked":"hermit:Deadeye+1","floor":31}],"player_experience":286408,"relics_obtained":[{"floor":7,"key":"hubris:ToyBattleship"},{"floor":9,"key":"Centennial Puzzle"},{"floor":12,"key":"Vajra"},{"floor":14,"key":"Bronze Scales"},{"floor":25,"key":"Nunchaku"},{"floor":26,"key":"Replay:Accelerometer"},{"floor":29,"key":"Grinning Jar"},{"floor":30,"key":"PreservedInsect"}],"event_choices":[{"damage_healed":18,"gold_gain":0,"player_choice":"Healed and dodged fight","damage_taken":0,"max_hp_gain":0,"max_hp_loss":0,"event_name":"Mushrooms","floor":13,"gold_loss":0,"cards_obtained":["Parasite"]}],"is_beta":false,"boss_relics":[{"not_picked":["Velvet Choker","Ring of Chaos"],"picked":"Cursed Key"}],"items_purged_floors":[],"is_endless":false,"potions_floor_spawned":[1,5,10,22,24,31],"killed_by":"Automaton","ascension_level":3}}