{"host":"doxo6v3vhswwfk80","time":1609651684,"event":{"mods":["2.2 Compatiblity","AchievementEnabler","Act Like it!","BaseMod","Better Altar","Better Match","Better Note","Better Sensory Stone","Better Skull","Better Third Choice","Curses Come First","Hermit","Minty Spire (QoL Compilation)","Quick Restart","Relic Stats","Shade Mod","StSLib","The Hierophant","The Runesmith"],"gold_per_floor":[111,111,111,134,134,174,174,194,194,194,214,229,253,276,276,407,407,427,352,377,377,377,416,416,440,493,512,535,535,550,550,550,681,681,696,696,53,76,0,0,44,67,67,67,87,87,105,126,126,126],"floor_reached":51,"playtime":2948,"items_purged":[],"score":776,"play_id":"5df80c0d-b698-4c53-a27e-eb4425a9d976","local_time":"20210102232804","daily_mods":["Draft"],"is_ascension_mode":false,"campfire_choices":[{"floor":7,"key":"REST"},{"floor":10,"key":"REST"},{"floor":15,"key":"REST"},{"floor":24,"key":"REST"},{"floor":32,"key":"REST"},{"floor":40,"key":"REST"},{"floor":44,"key":"REST"},{"data":"1","floor":46,"key":"LIFT"},{"floor":49,"key":"REST"}],"circlet_count":0,"master_deck":["Shade:FleshOffering","Shade:Brains","Shade:FleshToFlesh","Shade:SkeletonHug","Shade:Brains","Shade:GraveStillness","Shade:Trample","Shade:SkeletonHug","Shade:FreshBones+1","Shade:WallOfFlesh","Shade:CallWraith","Shade:CommandSoldier+1","Shade:FingerOfDeath","Shade:WallOfFlesh","Shade:Bonestorm","Shade:FingerOfDeath","Shade:OpenGraves+1","Shade:CommandSoldier","Shade:OpenGraves","Shade:GraveStillness","Shade:Bonestorm","Shade:LichForm","Shade:CoffinDance","Dramatic Entrance+1","Dramatic Entrance+1","Shade:PressTheAttack","Shade:Putrefaction","Shade:WallOfFlesh+1","Shade:SkeletonArmy","Shade:Premonition","Shade:CommandSoldier","Shade:SoulPierce","Shade:FreshBones+1","Shade:FleshToFlesh","Shade:LyeBath","Shade:GraveStillness","Good Instincts","Shade:BoneShards","Shade:SkeletonHug","Shade:Haruspicy","Shade:WallOfFlesh","Shade:FuneraryJewels","Shade:GraveStillness","Shade:StitchTogether","Shade:FleshToFlesh","Shade:GraveStillness+1","Shade:CoffinDance+1","Shade:Bonestorm","Shade:ClawBack"],"relics":["Shade:YorickPolishedSkull","Golden Idol","Question Card","The Courier","Strawberry","Blood Vial","betterThird:NestCultRelic","Torii","Busted Crown","Toolbox","MealTicket","Red Mask","Girya","Happy Flower"],"acts_visited":["Exordium","TheCity","TheBeyond"],"potions_floor_usage":[6,30,33,33,33,50,50,50],"damage_taken":[{"damage":3,"enemies":"Jaw Worm","floor":1,"turns":3},{"damage":0,"enemies":"Small Slimes","floor":4,"turns":4},{"damage":12,"enemies":"Gremlin Nob","floor":6,"turns":3},{"damage":0,"enemies":"2 Louse","floor":8,"turns":2},{"damage":10,"enemies":"Lots of Slimes","floor":11,"turns":4},{"damage":0,"enemies":"Large Slime","floor":12,"turns":6},{"damage":0,"enemies":"3 Louse","floor":13,"turns":2},{"damage":5,"enemies":"2 Fungi Beasts","floor":14,"turns":2},{"damage":18,"enemies":"The Guardian","floor":16,"turns":9},{"damage":22,"enemies":"2 Thieves","floor":18,"turns":3},{"damage":0,"enemies":"Shell Parasite","floor":20,"turns":3},{"damage":13,"enemies":"Book of Stabbing","floor":23,"turns":4},{"damage":2,"enemies":"Chosen and Byrds","floor":25,"turns":4},{"damage":13,"enemies":"Snake Plant","floor":27,"turns":3},{"damage":11,"enemies":"Snecko","floor":28,"turns":3},{"damage":12,"enemies":"Shelled Parasite and Fungi","floor":30,"turns":5},{"damage":54,"enemies":"Collector","floor":33,"turns":9},{"damage":20,"enemies":"3 Darklings","floor":35,"turns":4},{"damage":31,"enemies":"Nemesis","floor":41,"turns":7},{"damage":6,"enemies":"3 Shapes","floor":42,"turns":3},{"damage":1,"enemies":"Transient","floor":45,"turns":5},{"damage":1,"enemies":"4 Shapes","floor":47,"turns":2},{"damage":36,"enemies":"Spire Growth","floor":48,"turns":4},{"damage":49,"enemies":"Donu and Deca","floor":50,"turns":8}],"seed_played":"214868343307385623","potions_obtained":[{"floor":1,"key":"Fruit Juice"},{"floor":6,"key":"ColorlessPotion"},{"floor":8,"key":"Energy Potion"},{"floor":12,"key":"SteroidPotion"},{"floor":18,"key":"Block Potion"},{"floor":30,"key":"DistilledChaos"},{"floor":41,"key":"FearPotion"},{"floor":42,"key":"Fire Potion"},{"floor":47,"key":"DuplicationPotion"}],"is_trial":true,"path_per_floor":["M","?","?","M","?","E","R","M","T","R","M","M","M","M","R","B",null,"M","?","M","?","?","E","R","M","T","M","M","?","M","T","R","B",null,"M","?","$","T","?","R","E","M","T","R","M","R","M","M","R","B",null],"character_chosen":"SHADE","items_purchased":["Toolbox","Shade:FleshToFlesh","Shade:LyeBath","Shade:GraveStillness","Good Instincts","Shade:BoneShards","Shade:SkeletonHug","Shade:Haruspicy","Shade:WallOfFlesh","Shade:FuneraryJewels","Shade:GraveStillness","Shade:StitchTogether"],"campfire_rested":8,"item_purchase_floors":[37,37,37,37,37,37,37,37,37,37,37,37],"current_hp_per_floor":[62,49,33,33,33,26,47,47,47,68,58,58,58,53,70,52,70,48,48,48,48,48,42,65,63,63,52,43,43,33,33,56,4,77,57,57,57,57,57,77,46,42,42,65,66,66,67,33,56,9],"gold":126,"neow_bonus":"","is_daily":false,"chose_seed":false,"campfire_upgraded":0,"win_rate":0.0,"timestamp":1609651684,"path_taken":["M","?","?","M","?","E","R","M","T","R","M","M","?","M","R","BOSS","M","?","M","?","?","E","R","M","T","?","?","?","M","?","R","BOSS","M","?","$","?","?","R","E","?","T","R","M","R","?","M","R","BOSS"],"items_purchased_type":["Relic","Card","Card","Card","Card","Card","Card","Card","Card","Card","Card","Card"],"build_version":"2020-12-22","purchased_purges":0,"victory":true,"max_hp_per_floor":[65,65,65,65,65,70,70,70,70,70,70,70,70,70,70,70,70,70,70,70,70,70,77,77,77,77,77,77,77,77,77,77,77,77,77,77,77,77,77,77,77,77,77,77,77,77,77,77,77,77],"relic_stats":{"Blood Vial":18,"Busted Crown":12,"Torii":32,"Happy Flower":[6],"counters":[24,101],"Golden Idol":174,"MealTicket":0,"Question Card":23,"obtain_stats":[{"Girya":41,"Torii":31,"Happy Flower":43,"Shade:YorickSkull":0,"Golden Idol":3,"Shade:YorickPolishedSkull":17,"The Courier":9,"betterThird:NestCultRelic":29,"Question Card":6,"Blood Vial":26,"Busted Crown":34,"Strawberry":23,"Toolbox":37,"MealTicket":38,"Red Mask":39},{"Girya":19,"Torii":16,"Happy Flower":20,"Shade:YorickSkull":0,"Golden Idol":1,"Shade:YorickPolishedSkull":9,"The Courier":4,"betterThird:NestCultRelic":15,"Question Card":3,"Blood Vial":13,"Busted Crown":17,"Strawberry":12,"Toolbox":18,"MealTicket":18,"Red Mask":18},{"Girya":79,"Torii":59,"Happy Flower":82,"Shade:YorickSkull":0,"Golden Idol":2,"Shade:YorickPolishedSkull":34,"The Courier":11,"betterThird:NestCultRelic":54,"Question Card":9,"Blood Vial":48,"Busted Crown":68,"Strawberry":44,"Toolbox":72,"MealTicket":72,"Red Mask":72}]},"card_choices":[{"not_picked":["Shade:CoffinDance","Shade:Carnophage"],"picked":"Shade:FleshOffering","floor":0},{"not_picked":["Shade:ClawBack","Shade:ExtraLimbs"],"picked":"Shade:Brains","floor":0},{"not_picked":["Shade:CoffinDance","Shade:RitualOffering"],"picked":"Shade:FleshToFlesh","floor":0},{"not_picked":["Shade:Carnophage","Shade:LyeBath"],"picked":"Shade:SkeletonHug","floor":0},{"not_picked":["Shade:GreyBargain","Shade:ExtraLimbs"],"picked":"Shade:Brains","floor":0},{"not_picked":["Shade:LyeBath","Shade:Carnophage"],"picked":"Shade:GraveStillness","floor":0},{"not_picked":["Shade:BoneShards","Shade:SpectralStrikes"],"picked":"Shade:Trample","floor":0},{"not_picked":["Shade:GreyBargain","Shade:TouchOfTheGrave"],"picked":"Shade:SkeletonHug","floor":0},{"not_picked":["Shade:GoDigging","Shade:FeralStrike"],"picked":"Shade:FreshBones","floor":0},{"not_picked":["Shade:StitchTogether","Shade:AncientSpear"],"picked":"Shade:WallOfFlesh","floor":0},{"not_picked":["Shade:GreyBargain","Shade:TouchOfTheGrave"],"picked":"Shade:Carnophage","floor":0},{"not_picked":["Shade:AncientSpear","Shade:Frenzy"],"picked":"Shade:CallWraith","floor":0},{"not_picked":["Shade:SpontaneousRitual","Shade:SoulToxin"],"picked":"Shade:CommandSoldier","floor":0},{"not_picked":["Shade:GreyBargain","Shade:RavenousHorde"],"picked":"Shade:FingerOfDeath","floor":0},{"not_picked":["Shade:FingerOfDeath","Shade:Excise"],"picked":"Shade:WallOfFlesh","floor":0},{"not_picked":["Shade:Premonition","Shade:CommandSoldier"],"picked":"Shade:Bonestorm","floor":1},{"not_picked":["Shade:Carnophage","Shade:SpontaneousRitual","Shade:ScuttlingHand"],"picked":"SKIP","floor":4},{"not_picked":["Shade:Frenzy","Shade:LoseControl"],"picked":"Shade:FingerOfDeath","floor":6},{"not_picked":["Shade:SpontaneousRitual","Shade:Awaken","Shade:Brains"],"picked":"Shade:OpenGraves","floor":8},{"not_picked":["Shade:GraveStillness","Shade:PotionOfRestlessness","Shade:CloudOfShrapnel"],"picked":"Shade:CommandSoldier","floor":11},{"not_picked":["Shade:Awaken","Shade:Brains","Shade:ExtraLimbs"],"picked":"Shade:OpenGraves","floor":12},{"not_picked":["Shade:Awaken","Shade:WallOfFlesh","Shade:Consume"],"picked":"Shade:GraveStillness","floor":13},{"not_picked":["Shade:FuneraryArmor","Shade:Excise","Shade:SpontaneousRitual"],"picked":"Shade:Bonestorm","floor":14},{"not_picked":["Shade:OneIsEnough","Shade:LastGasp","Shade:Putrefaction"],"picked":"Shade:LichForm","floor":16},{"not_picked":["Shade:ClawBack","Shade:Excise","Shade:GreyBargain"],"picked":"Shade:CoffinDance","floor":18},{"not_picked":["Mind Blast+1","PanicButton+1","Enlightenment+1"],"picked":"Dramatic Entrance+1","floor":19},{"not_picked":["Enlightenment+1","Flash of Steel+1","Trip+1"],"picked":"Dramatic Entrance+1","floor":19},{"not_picked":["Shade:GraveStillness","Shade:Asphyxiate","Shade:FleshOffering"],"picked":"Shade:PressTheAttack","floor":20},{"not_picked":["Shade:AncientSpear","Shade:SpectralStrikes","Shade:WallOfFlesh+1"],"picked":"Shade:Putrefaction","floor":23},{"not_picked":["Shade:BoneShards+1","Shade:RavenousHorde","Shade:AncientSpear"],"picked":"Shade:WallOfFlesh+1","floor":25},{"not_picked":["Shade:StitchTogether","Shade:Frenzy+1","Shade:SpontaneousRitual"],"picked":"Shade:SkeletonArmy","floor":27},{"not_picked":["Shade:SoulToxin","Shade:DangerousRitual","Shade:ClawBack"],"picked":"Shade:Premonition","floor":28},{"not_picked":["Shade:FleshToFlesh","Shade:WallOfFlesh","Shade:FeralStrike"],"picked":"Shade:CommandSoldier","floor":30},{"not_picked":["Shade:LoseControl","Shade:Putrefaction","Shade:SelfBurial"],"picked":"Shade:SoulPierce","floor":33},{"not_picked":["Shade:CoffinDance"],"picked":"Shade:FreshBones+1","floor":35},{"not_picked":["Shade:GreyBargain+1"],"picked":"Shade:FleshToFlesh","floor":41},{"not_picked":["Shade:StitchTogether+1"],"picked":"Shade:GraveStillness+1","floor":42},{"not_picked":["Shade:BoneShards+1"],"picked":"Shade:CoffinDance+1","floor":45},{"not_picked":["Shade:AuraOfUnlife"],"picked":"Shade:Bonestorm","floor":47},{"not_picked":["Shade:AuraOfUnlife+1"],"picked":"Shade:ClawBack","floor":48}],"player_experience":115635,"relics_obtained":[{"floor":6,"key":"Question Card"},{"floor":9,"key":"The Courier"},{"floor":23,"key":"Strawberry"},{"floor":26,"key":"Blood Vial"},{"floor":31,"key":"Torii"},{"floor":38,"key":"MealTicket"},{"floor":41,"key":"Girya"},{"floor":43,"key":"Happy Flower"}],"event_choices":[{"damage_healed":62,"gold_gain":0,"player_choice":"Upgrade","damage_taken":13,"max_hp_gain":0,"max_hp_loss":65,"event_name":"betterThird:BetterShining","floor":2,"gold_loss":0,"cards_upgraded":["Shade:CommandSoldier","Shade:Carnophage"]},{"damage_healed":0,"gold_gain":0,"player_choice":"Take Damage","damage_taken":16,"relics_obtained":["Golden Idol"],"max_hp_gain":0,"max_hp_loss":0,"event_name":"Golden Idol","floor":3,"gold_loss":0},{"damage_healed":0,"gold_gain":0,"player_choice":"Upgraded","damage_taken":0,"max_hp_gain":0,"max_hp_loss":0,"event_name":"Upgrade Shrine","floor":5,"gold_loss":0,"cards_upgraded":["Shade:FreshBones"]},{"damage_healed":0,"gold_gain":0,"player_choice":"2","damage_taken":0,"max_hp_gain":0,"max_hp_loss":0,"event_name":"betterMatch:BetterMatch","floor":19,"gold_loss":0,"cards_obtained":["betterMatch:ColorlessUncommonCard","betterMatch:ColorlessUncommonCard"]},{"cards_removed":["Shade:OpenGraves"],"damage_healed":0,"gold_gain":0,"player_choice":"Give","damage_taken":0,"max_hp_gain":0,"max_hp_loss":0,"event_name":"betterNote:BetterNote","floor":21,"gold_loss":0,"cards_obtained":["Shade:AuraOfUnlife"]},{"cards_removed":["Shade:Carnophage"],"damage_healed":0,"gold_gain":0,"player_choice":"Elegance","damage_taken":0,"max_hp_gain":0,"max_hp_loss":0,"event_name":"betterThird:BetterWriting","floor":22,"gold_loss":0},{"damage_healed":0,"gold_gain":0,"player_choice":"Madness","damage_taken":0,"relics_obtained":["betterThird:NestCultRelic"],"max_hp_gain":0,"max_hp_loss":0,"event_name":"betterThird:BetterNest","floor":29,"gold_loss":0},{"damage_healed":0,"gold_gain":0,"player_choice":"Forge","damage_taken":0,"max_hp_gain":0,"max_hp_loss":0,"event_name":"Accursed Blacksmith","floor":36,"gold_loss":0,"cards_upgraded":["Shade:OpenGraves"]},{"damage_healed":0,"gold_gain":0,"player_choice":"Paid","damage_taken":0,"relics_obtained":["Red Mask"],"max_hp_gain":0,"max_hp_loss":0,"event_name":"Tomb of Lord Red Mask","floor":39,"gold_loss":76}],"is_beta":false,"boss_relics":[{"not_picked":["Snecko Eye","Runic Dome"],"picked":"Shade:YorickPolishedSkull"},{"not_picked":["SlaversCollar","SacredBark"],"picked":"Busted Crown"}],"items_purged_floors":[],"is_endless":false,"potions_floor_spawned":[1,6,8,12,14,18,25,27,30,41,42,47],"ascension_level":0}}