{"host":"3zqlgdr138v4qupe","time":1609677709,"event":{"mods":["BaseMod","Hermit","Minty Spire (QoL Compilation)","StSLib","The Cursed","The Poker Player"],"gold_per_floor":[114,114,132,132,59,94,115,115,115,390,411,447,447,487,487,616,616,616,531,531,531,193,193,193,193,193,156,156,156,156,156,156,156,156,156,116,116,116,0,0,0,0,0,0,0,0,0,0,0,0],"floor_reached":51,"playtime":1680,"items_purged":[],"score":875,"play_id":"0e5c00d5-a76e-4bfd-b1c4-1947c39d7466","local_time":"20210103214149","is_ascension_mode":true,"campfire_choices":[{"data":"White Noise","floor":8.0,"key":"SMITH"},{"floor":13.0,"key":"REST"},{"floor":15.0,"key":"REST"},{"data":"White Noise","floor":23.0,"key":"SMITH"},{"data":"Storm","floor":28.0,"key":"SMITH"},{"data":"Creative AI","floor":32.0,"key":"SMITH"},{"data":"Fission","floor":42.0,"key":"SMITH"},{"data":"Creative AI","floor":44.0,"key":"SMITH"},{"floor":49,"key":"REST"}],"circlet_count":0,"master_deck":["Strike_B","Strike_B","Strike_B","Strike_B","Defend_B","Defend_B+1","Defend_B+1","Defend_B","Zap","Dualcast","Lockon","Loop","White Noise+1","Sweeping Beam","Defragment","Sweeping Beam","White Noise+1","Electrodynamics","Redo","Fission+1","Capacitor","Cold Snap+1","Storm+1","Creative AI+1","Tempest","Creative AI+1","Static Discharge+1","Defragment","Tempest+1","Hello World"],"relics":["FrozenCore","NeowsBlessing","Golden Idol","InkBottle","Lizard Tail","Vajra","Sundial","Ectoplasm","Pantograph","ClockworkSouvenir","Question Card","FossilizedHelix","Bag of Preparation","Old Coin","Eternal Feather","Red Mask","Bag of Marbles","War Paint","Bottled Lightning"],"acts_visited":["Exordium","TheCity","TheBeyond"],"potions_floor_usage":[46,50,50],"damage_taken":[{"damage":0.0,"enemies":"Small Slimes","floor":1.0,"turns":1.0},{"damage":0.0,"enemies":"Jaw Worm","floor":3.0,"turns":1.0},{"damage":0.0,"enemies":"Lagavulin","floor":6.0,"turns":1.0},{"damage":0.0,"enemies":"Cultist","floor":7.0,"turns":2.0},{"damage":11.0,"enemies":"3 Louse","floor":11.0,"turns":2.0},{"damage":33.0,"enemies":"3 Sentries","floor":12.0,"turns":6.0},{"damage":34.0,"enemies":"Lagavulin","floor":14.0,"turns":5.0},{"damage":20.0,"enemies":"Hexaghost","floor":16.0,"turns":8.0},{"damage":7.0,"enemies":"Spheric Guardian","floor":18.0,"turns":3.0},{"damage":5.0,"enemies":"3 Byrds","floor":25.0,"turns":2.0},{"damage":35.0,"enemies":"Slavers","floor":29.0,"turns":4.0},{"damage":0.0,"enemies":"Sentry and Sphere","floor":31.0,"turns":3.0},{"damage":0.0,"enemies":"Collector","floor":33.0,"turns":3.0},{"damage":0.0,"enemies":"Orb Walker","floor":35.0,"turns":2.0},{"damage":41.0,"enemies":"2 Orb Walkers","floor":37.0,"turns":3.0},{"damage":30.0,"enemies":"Giant Head","floor":40.0,"turns":5.0},{"damage":0.0,"enemies":"3 Shapes","floor":41.0,"turns":3.0},{"damage":13,"enemies":"Nemesis","floor":46,"turns":5},{"damage":0,"enemies":"Jaw Worm Horde","floor":47,"turns":2},{"damage":6,"enemies":"3 Darklings","floor":48,"turns":2},{"damage":43,"enemies":"Time Eater","floor":50,"turns":7}],"seed_played":"-3992575185453743670","potions_obtained":[{"floor":3.0,"key":"PotionOfCapacity"},{"floor":6.0,"key":"Weak Potion"},{"floor":16.0,"key":"Energy Potion"},{"floor":29.0,"key":"ColorlessPotion"},{"floor":33.0,"key":"Dexterity Potion"},{"floor":35.0,"key":"PowerPotion"},{"floor":46,"key":"Block Potion"},{"floor":47,"key":"PowerPotion"},{"floor":48,"key":"FairyPotion"}],"is_trial":false,"path_per_floor":["M","$","M","?","$","E","M","R","T","?","M","E","R","E","R","B",null,"M","?","?","?","$","R","T","M","T","$","R","E","?","M","R","B",null,"M","$","?","T","?","E","M","R","T","R","$","E","M","M","R","B",null],"character_chosen":"DEFECT","items_purchased":["Loop","Fission","Capacitor","ClockworkSouvenir","Storm","Defragment"],"campfire_rested":3,"item_purchase_floors":[5,22,22,22,27,36],"current_hp_per_floor":[75,75,75,57,57,57,57,57,57,57,46,13,35,1,23,3,75,68,68,68,68,68,68,68,63,63,63,63,28,53,53,53,75,75,75,75,34,34,34,4,4,19,19,34,34,21,21,15,55,32],"gold":0,"neow_bonus":"THREE_ENEMY_KILL","is_daily":false,"chose_seed":false,"campfire_upgraded":6,"win_rate":0.0,"timestamp":1609677709,"path_taken":["M","$","M","?","$","E","M","R","T","?","?","E","R","E","R","BOSS","M","?","?","?","?","R","?","?","T","$","R","E","?","M","R","BOSS","M","$","?","?","?","E","?","R","T","R","?","E","M","M","R","BOSS"],"items_purchased_type":["Card","Card","Card","Relic","Card","Card"],"build_version":"2020-12-22","purchased_purges":0,"victory":true,"max_hp_per_floor":[75,75,75,75,75,75,75,75,75,75,75,75,75,75,75,75,75,75,75,75,75,75,75,75,75,75,75,75,75,75,75,75,75,75,75,75,75,75,75,75,75,75,75,75,75,75,75,75,75,75],"card_choices":[{"not_picked":["Barrage","Streamline","Beam Cell"],"picked":"SKIP","floor":1.0},{"not_picked":["Stack","Redo"],"picked":"Lockon","floor":3.0},{"not_picked":["Undo","Scrape"],"picked":"White Noise","floor":6.0},{"not_picked":["Stack","Hologram"],"picked":"Sweeping Beam","floor":7.0},{"not_picked":["Conserve Battery","Gash"],"picked":"Defragment","floor":11.0},{"not_picked":["Barrage","Go for the Eyes"],"picked":"Sweeping Beam","floor":12.0},{"not_picked":["Redo","Gash"],"picked":"White Noise","floor":14.0},{"not_picked":["Echo Form","Thunder Strike"],"picked":"Electrodynamics","floor":16.0},{"not_picked":["Compile Driver","Streamline"],"picked":"Redo","floor":18.0},{"not_picked":["Hologram","Leap","Beam Cell"],"picked":"Cold Snap+1","floor":25.0},{"not_picked":["White Noise","Hologram","Stack+1"],"picked":"Creative AI","floor":29.0},{"not_picked":["Go for the Eyes","Compile Driver","Consume"],"picked":"Tempest","floor":31.0},{"not_picked":["Amplify","Reboot","Seek"],"picked":"Creative AI","floor":33.0},{"not_picked":["Stack","Barrage","Doom and Gloom"],"picked":"Static Discharge+1","floor":35.0},{"not_picked":["Streamline","Steam+1","Hologram"],"picked":"Tempest+1","floor":37.0},{"not_picked":["Barrage","Streamline","Cold Snap+1","Stack+1"],"picked":"SKIP","floor":40.0},{"not_picked":["Gash","BootSequence+1","Auto Shields+1","Steam+1"],"picked":"SKIP","floor":41.0},{"not_picked":["Barrage+1","All For One","Doom and Gloom+1","Compile Driver"],"picked":"SKIP","floor":46},{"not_picked":["Chill+1","Streamline","Gash","Sweeping Beam+1"],"picked":"SKIP","floor":47},{"not_picked":["Go for the Eyes","Reinforced Body","Consume"],"picked":"Hello World","floor":48}],"player_experience":17958,"relics_obtained":[{"floor":6.0,"key":"InkBottle"},{"floor":9.0,"key":"Lizard Tail"},{"floor":12.0,"key":"Vajra"},{"floor":14.0,"key":"Sundial"},{"floor":24.0,"key":"Question Card"},{"floor":26.0,"key":"FossilizedHelix"},{"floor":29.0,"key":"Bag of Preparation"},{"floor":37.0,"key":"Old Coin"},{"floor":38.0,"key":"Eternal Feather"},{"floor":40.0,"key":"Bag of Marbles"},{"floor":43.0,"key":"War Paint"},{"floor":46,"key":"Bottled Lightning"}],"event_choices":[{"damage_healed":0.0,"max_hp_gain":0.0,"max_hp_loss":0.0,"gold_gain":0.0,"event_name":"Golden Idol","player_choice":"Take Damage","floor":4.0,"gold_loss":0.0,"damage_taken":18.0,"relics_obtained":["Golden Idol"]},{"damage_healed":0.0,"max_hp_gain":0.0,"max_hp_loss":0.0,"gold_gain":275.0,"event_name":"Golden Shrine","player_choice":"Desecrate","floor":10.0,"gold_loss":0.0,"damage_taken":0.0,"cards_obtained":["Regret"]},{"damage_healed":0.0,"max_hp_gain":0.0,"max_hp_loss":0.0,"gold_gain":0.0,"event_name":"Addict","player_choice":"Obtained Relic","floor":19.0,"gold_loss":85.0,"damage_taken":0.0,"relics_obtained":["Pantograph"]},{"damage_healed":0.0,"max_hp_gain":0.0,"max_hp_loss":0.0,"gold_gain":99.0,"event_name":"Nest","player_choice":"Stole From Cult","floor":20.0,"gold_loss":0.0,"damage_taken":0.0},{"cards_removed":["Regret"],"damage_healed":0.0,"max_hp_gain":0.0,"max_hp_loss":0.0,"gold_gain":0.0,"event_name":"Back to Basics","player_choice":"Elegance","floor":21.0,"gold_loss":0.0,"damage_taken":0.0},{"damage_healed":25.0,"max_hp_gain":0.0,"max_hp_loss":0.0,"gold_gain":0.0,"event_name":"The Library","player_choice":"Heal","floor":30.0,"gold_loss":0.0,"damage_taken":0.0},{"damage_healed":0.0,"max_hp_gain":0.0,"max_hp_loss":0.0,"gold_gain":0.0,"event_name":"Mysterious Sphere","player_choice":"Fight","floor":37.0,"gold_loss":0.0,"damage_taken":0.0},{"damage_healed":0.0,"max_hp_gain":0.0,"max_hp_loss":0.0,"gold_gain":0.0,"event_name":"Tomb of Lord Red Mask","player_choice":"Paid","floor":39.0,"gold_loss":116.0,"damage_taken":0.0,"relics_obtained":["Red Mask"]}],"is_beta":false,"boss_relics":[{"not_picked":["Inserter","Fusion Hammer"],"picked":"Ectoplasm"},{"not_picked":["SacredBark","Coffee Dripper"],"picked":"FrozenCore"}],"items_purged_floors":[],"is_endless":false,"potions_floor_spawned":[3,6,16,29,33,35,46,47,48],"ascension_level":1}}