{"host":"hfxp6ue4pvwo3fit","time":1609645972,"event":{"mods":["AchievementEnabler","BaseMod","Colored Map","Colored Powertips","Highlight Path","Minty Spire (QoL Compilation)","Relic Stats","StSLib","SuperFastMode"],"gold_per_floor":[118,128,128,139,151,151,171,206,218,230,242,254,284,307,319,402,414,446,458,458],"floor_reached":19,"playtime":660,"items_purged":[],"score":342,"play_id":"41d8078e-bd59-4503-a11b-ef8b8874b5d1","local_time":"20210102215252","is_ascension_mode":true,"campfire_choices":[{"data":"Bash","floor":6,"key":"SMITH"},{"floor":10,"key":"REST"},{"data":"True Grit","floor":12,"key":"SMITH"},{"floor":15,"key":"REST"}],"circlet_count":0,"master_deck":["AscendersBane","Strike_R","Strike_R","Strike_R","Strike_R","Strike_R","Defend_R","Defend_R+1","Defend_R","Defend_R","Bash+1","Secret Technique","Pommel Strike+1","Battle Trance","Reaper","Cleave","Inflame","True Grit+1","Sword Boomerang","Metallicize","Limit Break","CurseOfTheBell","Heavy Blade+1"],"relics":["Burning Blood","MawBank","Gremlin Horn","Calling Bell","Tiny Chest","Kunai","StoneCalendar"],"acts_visited":["Exordium","TheCity"],"potions_floor_usage":[8,13,16,19],"damage_taken":[{"damage":14,"enemies":"Cultist","floor":1,"turns":4},{"damage":24,"enemies":"Jaw Worm","floor":2,"turns":4},{"damage":9,"enemies":"2 Louse","floor":4,"turns":3},{"damage":12,"enemies":"Red Slaver","floor":5,"turns":5},{"damage":16,"enemies":"Blue Slaver","floor":7,"turns":4},{"damage":8,"enemies":"Gremlin Nob","floor":8,"turns":3},{"damage":14,"enemies":"Large Slime","floor":13,"turns":6},{"damage":8,"enemies":"3 Louse","floor":14,"turns":3},{"damage":26,"enemies":"Slime Boss","floor":16,"turns":8},{"damage":41,"enemies":"Spheric Guardian","floor":18,"turns":7},{"damage":40,"enemies":"3 Byrds","floor":19,"turns":4}],"seed_played":"6664440474070788110","potions_obtained":[{"floor":4,"key":"Strength Potion"},{"floor":8,"key":"FearPotion"},{"floor":13,"key":"Weak Potion"},{"floor":14,"key":"Regen Potion"}],"is_trial":false,"path_per_floor":["M","M","?","M","M","R","M","E","T","R","?","R","M","M","R","B",null,"M","M"],"character_chosen":"IRONCLAD","items_purchased":[],"campfire_rested":2,"item_purchase_floors":[],"current_hp_per_floor":[60,42,42,39,33,33,23,21,21,43,20,20,16,17,39,50,69,34,0,0],"gold":458,"neow_bonus":"RANDOM_COLORLESS_2","is_daily":false,"chose_seed":false,"campfire_upgraded":2,"win_rate":0.0,"timestamp":1609645972,"path_taken":["M","M","?","M","M","R","?","E","T","R","?","R","M","M","R","BOSS","M","M"],"items_purchased_type":[],"build_version":"2020-12-22","purchased_purges":0,"victory":false,"max_hp_per_floor":[75,75,75,75,75,75,75,75,75,75,75,75,75,75,75,75,75,75,75,75],"relic_stats":{"Gremlin Horn":[1,6],"counters":[11,51],"Tiny Chest":0,"StoneCalendar":[9],"Kunai":[1],"MawBank":132,"obtain_stats":[{"Calling Bell":17,"Gremlin Horn":9,"Tiny Chest":17,"StoneCalendar":17,"Kunai":17,"MawBank":8,"Burning Blood":0},{"Calling Bell":9,"Gremlin Horn":6,"Tiny Chest":9,"StoneCalendar":9,"Kunai":9,"MawBank":6,"Burning Blood":0},{"Calling Bell":40,"Gremlin Horn":23,"Tiny Chest":40,"StoneCalendar":40,"Kunai":40,"MawBank":23,"Burning Blood":0}],"Burning Blood":60},"card_choices":[{"not_picked":["Violence","Panache"],"picked":"Secret Technique","floor":0},{"not_picked":["Sword Boomerang","Body Slam"],"picked":"Pommel Strike","floor":1},{"not_picked":["Headbutt","Blood for Blood"],"picked":"Battle Trance","floor":2},{"not_picked":["Intimidate","Heavy Blade"],"picked":"Reaper","floor":4},{"not_picked":["True Grit","Burning Pact"],"picked":"Cleave","floor":5},{"not_picked":["Headbutt","Burning Pact"],"picked":"Inflame","floor":7},{"not_picked":["Clash","Perfected Strike"],"picked":"True Grit","floor":8},{"not_picked":["Ghostly Armor","Cleave"],"picked":"Sword Boomerang","floor":13},{"not_picked":["Iron Wave","Thunderclap"],"picked":"Metallicize","floor":14},{"not_picked":["Impervious","Brutality"],"picked":"Limit Break","floor":16},{"not_picked":["Seeing Red","Blood for Blood+1"],"picked":"Heavy Blade+1","floor":18}],"player_experience":464664,"relics_obtained":[{"floor":8,"key":"MawBank"},{"floor":9,"key":"Gremlin Horn"},{"floor":17,"key":"Tiny Chest"},{"floor":17,"key":"Kunai"},{"floor":17,"key":"StoneCalendar"}],"event_choices":[{"cards_removed":["Shame"],"damage_healed":0,"gold_gain":0,"player_choice":"Purged","damage_taken":0,"max_hp_gain":0,"max_hp_loss":0,"event_name":"Purifier","floor":3,"gold_loss":0},{"damage_healed":0,"gold_gain":0,"player_choice":"Entered Light","damage_taken":23,"max_hp_gain":0,"max_hp_loss":0,"event_name":"Shining Light","floor":11,"gold_loss":0,"cards_upgraded":["Pommel Strike","Defend_R"]}],"is_beta":false,"boss_relics":[{"not_picked":["Runic Cube","Fusion Hammer"],"picked":"Calling Bell"}],"items_purged_floors":[],"is_endless":false,"potions_floor_spawned":[4,8,13,14],"killed_by":"3 Byrds","ascension_level":20}}