{"host":"armnliea5o2aqs4b","time":1609688779,"event":{"mods":["BaseMod","Hubris","Infinite Spire","Minty Spire (QoL Compilation)","Quick Restart","StSLib"],"gold_per_floor":[116,116,116,126,126,126,153,153,179,204,225,242,262,277,277,378,378,393,443,443,443],"floor_reached":20,"playtime":386,"items_purged":[],"score":269,"play_id":"4ff7d207-d4e8-4049-83cb-518a4750c223","local_time":"20210104024619","is_ascension_mode":true,"campfire_choices":[{"data":"Heavy Blade","floor":6,"key":"SMITH"},{"data":"Whirlwind","floor":8,"key":"SMITH"},{"data":"Inflame","floor":15,"key":"SMITH"}],"circlet_count":0,"master_deck":["Strike_R","Defend_R","Defend_R","Defend_R","Defend_R","Bash","Cleave","Disarm","Heavy Blade+1","Whirlwind+1","Barricade","Inflame+1","Spot Weakness","Inflame","Feed","Warcry+1","hubris:StunningStrike+1","Juggernaut+1"],"relics":["Burning Blood","NeowsBlessing","hubris:Icosahedron","hubris:TenFootPole","Centennial Puzzle","Strawberry","Odd Mushroom","Astrolabe"],"acts_visited":["Exordium","TheCity"],"potions_floor_usage":[18],"damage_taken":[{"damage":0,"enemies":"Jaw Worm","floor":1,"turns":1},{"damage":0,"enemies":"Cultist","floor":4,"turns":1},{"damage":0,"enemies":"Lagavulin","floor":7,"turns":1},{"damage":25,"enemies":"3 Sentries","floor":10,"turns":4},{"damage":16,"enemies":"The Mushroom Lair","floor":11,"turns":3},{"damage":0,"enemies":"2 Louse","floor":12,"turns":1},{"damage":9,"enemies":"2 Fungi Beasts","floor":13,"turns":3},{"damage":12,"enemies":"Large Slime","floor":14,"turns":5},{"damage":12,"enemies":"Slime Boss","floor":16,"turns":6},{"damage":12,"enemies":"Chosen","floor":18,"turns":5},{"damage":0,"enemies":"Shell Parasite","floor":20,"turns":1}],"seed_played":"-1008785617619598674","potions_obtained":[{"floor":10,"key":"Swift Potion"},{"floor":12,"key":"EssenceOfSteel"},{"floor":13,"key":"Strength Potion"},{"floor":14,"key":"Strength Potion"},{"floor":18,"key":"LiquidBronze"}],"is_trial":false,"path_per_floor":["M","?","?","M","?","R","E","R","T","E","?","M","M","M","R","B",null,"M","?","M"],"character_chosen":"IRONCLAD","items_purchased":[],"campfire_rested":0,"item_purchase_floors":[],"current_hp_per_floor":[78,78,78,80,80,80,80,80,80,68,58,64,61,55,55,49,78,72,72,72,72],"gold":443,"neow_bonus":"THREE_ENEMY_KILL","is_daily":false,"chose_seed":false,"campfire_upgraded":3,"win_rate":0.0,"timestamp":1609688779,"path_taken":["M","?","?","?","?","R","E","R","T","E","?","M","M","M","R","BOSS","M","?","?"],"items_purchased_type":[],"build_version":"2020-12-22","purchased_purges":0,"victory":false,"max_hp_per_floor":[80,80,80,80,80,80,80,80,80,87,87,87,87,87,87,87,87,87,87,87,87],"card_choices":[{"not_picked":["Sever Soul","Clash"],"picked":"Cleave","floor":1},{"not_picked":["Sever Soul","Shrug It Off"],"picked":"Disarm","floor":4},{"not_picked":["hubris:ReadiedAction","Clash"],"picked":"Whirlwind","floor":7},{"not_picked":["Pommel Strike","Body Slam"],"picked":"Barricade","floor":10},{"not_picked":["Clash","Carnage"],"picked":"Inflame","floor":11},{"not_picked":["Headbutt","Metallicize"],"picked":"Spot Weakness","floor":12},{"not_picked":["Dual Wield","Anger","Exhume"],"picked":"SKIP","floor":13},{"not_picked":["Anger","Headbutt"],"picked":"Inflame","floor":14},{"not_picked":["Brutality","Barricade"],"picked":"Feed","floor":16},{"not_picked":["Perfected Strike+1","Cleave+1","Havoc"],"picked":"SKIP","floor":18}],"player_experience":167763,"relics_obtained":[{"floor":7,"key":"hubris:TenFootPole"},{"floor":9,"key":"Centennial Puzzle"},{"floor":10,"key":"Strawberry"},{"floor":11,"key":"Odd Mushroom"}],"event_choices":[{"cards_removed":["Strike_R"],"damage_healed":0,"gold_gain":0,"player_choice":"Offered Basic","damage_taken":0,"max_hp_gain":0,"max_hp_loss":0,"event_name":"Bonfire Elementals","floor":3,"gold_loss":0},{"damage_healed":0,"gold_gain":0,"player_choice":"Fought Mushrooms","damage_taken":0,"max_hp_gain":0,"max_hp_loss":0,"event_name":"Mushrooms","floor":11,"gold_loss":0},{"damage_healed":0,"gold_gain":100,"player_choice":"Bet on Murderer","damage_taken":0,"max_hp_gain":0,"max_hp_loss":0,"event_name":"The Joust","floor":19,"gold_loss":50}],"is_beta":false,"boss_relics":[{"not_picked":["infinitespire:Cupcake","Coffee Dripper"],"picked":"Astrolabe"}],"items_purged_floors":[],"is_endless":false,"potions_floor_spawned":[10,12,13,14,18],"killed_by":"Shell Parasite","ascension_level":6}}