{"host":"6bsan6hkua32tfq7","time":1609649232,"event":{"mods":["BaseMod","Better Third Choice","Colored Map","Highlight Path","Minty Spire (QoL Compilation)","StSLib"],"gold_per_floor":[117,79,79,79,4,4,30,43,43,4,4,15,45,63,63,134,134,145,145,145,145,145,145,45,56,56,56,103,103,123,151,151,228,228,238,263,282,300,319,319,329,364,388,388,422,438,438,144,144,144,144],"floor_reached":50,"playtime":4529,"items_purged":["Defend_G","Defend_G","Strike_G"],"score":1177,"play_id":"2ee43f05-7d15-495a-b77f-3d711ef8cbdb","local_time":"20210103054712","is_ascension_mode":true,"campfire_choices":[{"data":"Deadly Poison","floor":6,"key":"SMITH"},{"floor":15,"key":"REST"},{"data":"Malaise","floor":23,"key":"SMITH"},{"data":"Bouncing Flask","floor":29,"key":"SMITH"},{"floor":32,"key":"REST"},{"data":"Wraith Form v2","floor":40,"key":"SMITH"},{"floor":44,"key":"REST"},{"floor":47,"key":"RECALL"},{"floor":49,"key":"REST"}],"circlet_count":0,"master_deck":["AscendersBane","Strike_G","Strike_G","Strike_G","Defend_G+1","Defend_G","Defend_G","Survivor","Neutralize","Deadly Poison+1","Underhanded Strike","Bouncing Flask+1","Venomology","PiercingWail","Malaise+1","Venomology+1","Heel Hook","RitualDagger+1","Terror","PiercingWail+1","PiercingWail","Wraith Form v2+1","PiercingWail","Malaise"],"relics":["Ring of the Snake","NeowsBlessing","betterThird:SlimedRelic","Tiny Chest","Paper Crane","Blue Candle","Blood Vial","MealTicket","Runic Pyramid","Molten Egg 2","War Paint","Nunchaku","Orichalcum","Philosopher\u0027s Stone","Tough Bandages","Bottled Tornado","Centennial Puzzle","Medical Kit"],"acts_visited":["Exordium","TheCity","TheBeyond"],"potions_floor_usage":[13,14,16,16,25,25,30,30,31,31,33,33,35,36,37,38,38,39,39,41,41,42,42,45,45,45,46,46,50,50],"damage_taken":[{"damage":0.0,"enemies":"Cultist","floor":1.0,"turns":1.0},{"damage":0,"enemies":"3 Sentries","floor":7,"turns":1},{"damage":0,"enemies":"2 Louse","floor":8,"turns":1},{"damage":7,"enemies":"Small Slimes","floor":12,"turns":3},{"damage":31,"enemies":"Gremlin Nob","floor":13,"turns":4},{"damage":8,"enemies":"Blue Slaver","floor":14,"turns":4},{"damage":29,"enemies":"Slime Boss","floor":16,"turns":11},{"damage":0,"enemies":"Chosen","floor":18,"turns":5},{"damage":11,"enemies":"Shell Parasite","floor":25,"turns":8},{"damage":17,"enemies":"Snecko","floor":30,"turns":6},{"damage":15,"enemies":"Book of Stabbing","floor":31,"turns":5},{"damage":21,"enemies":"Champ","floor":33,"turns":14},{"damage":0,"enemies":"Orb Walker","floor":35,"turns":3},{"damage":0,"enemies":"Mind Bloom Boss Battle","floor":36,"turns":8},{"damage":0,"enemies":"3 Darklings","floor":37,"turns":6},{"damage":2,"enemies":"Maw","floor":38,"turns":9},{"damage":17,"enemies":"Jaw Worm Horde","floor":39,"turns":6},{"damage":1,"enemies":"Sphere and 2 Shapes","floor":41,"turns":7},{"damage":32,"enemies":"Giant Head","floor":42,"turns":12},{"damage":23,"enemies":"Reptomancer","floor":45,"turns":9},{"damage":0,"enemies":"3 Darklings","floor":46,"turns":9},{"damage":71,"enemies":"Donu and Deca","floor":50,"turns":10}],"seed_played":"-8459815271203234603","potions_obtained":[{"floor":1.0,"key":"CultistPotion"},{"floor":8,"key":"Swift Potion"},{"floor":13,"key":"GhostInAJar"},{"floor":39,"key":"Explosive Potion"},{"floor":42,"key":"EntropicBrew"}],"is_trial":false,"path_per_floor":["M","?","?","?","$","R","E","M","T","$","T","M","E","M","R","B",null,"M","?","T","?","?","R","$","M","T","$","T","R","M","E","R","B",null,"M","?","M","M","M","R","M","E","T","R","E","M","R","$","R","B"],"character_chosen":"THE_SILENT","items_purchased":["Well Laid Plans","Medical Kit"],"campfire_rested":4,"item_purchase_floors":[10,48],"current_hp_per_floor":[59,48,53,48,48,48,48,48,48,48,48,43,14,8,29,2,54,56,56,56,70,64,64,71,60,60,71,71,71,54,41,62,43,64,66,68,70,69,54,54,55,25,25,46,25,27,27,42,63,0,0],"gold":144,"neow_bonus":"THREE_ENEMY_KILL","is_daily":false,"chose_seed":false,"campfire_upgraded":4,"win_rate":0.0,"timestamp":1609649232,"path_taken":["M","?","?","?","$","R","E","M","T","$","?","?","E","M","R","BOSS","M","?","?","?","?","R","$","M","T","?","?","R","M","E","R","BOSS","M","?","M","M","M","R","M","E","T","R","E","M","R","$","R","BOSS"],"items_purchased_type":["Card","Relic"],"build_version":"2020-12-22","purchased_purges":3,"victory":false,"max_hp_per_floor":[66,66,71,71,71,71,71,71,71,71,71,71,71,71,71,71,71,71,71,71,71,71,71,71,71,71,71,71,71,71,71,71,71,71,71,71,71,71,71,71,71,71,71,71,71,71,71,71,71,71,71],"card_choices":[{"not_picked":["Calculated Gamble","Underhanded Strike"],"picked":"Deadly Poison","floor":1.0},{"not_picked":["Acrobatics","Backflip"],"picked":"Underhanded Strike","floor":7},{"not_picked":["Heel Hook","Dash"],"picked":"Bouncing Flask","floor":8},{"not_picked":["Flying Knee","Dash"],"picked":"Venomology","floor":12},{"not_picked":["Doppelganger","Dodge and Roll"],"picked":"PiercingWail","floor":13},{"not_picked":["Quick Slash","Bane","Concentrate"],"picked":"SKIP","floor":14},{"not_picked":["Phantasmal Killer","Storm of Steel"],"picked":"Malaise","floor":16},{"not_picked":["Well Laid Plans","Calculated Gamble","Expertise"],"picked":"SKIP","floor":18},{"not_picked":["Quick Slash+1","Cloak And Dagger"],"picked":"Terror","floor":25},{"not_picked":["Poisoned Stab+1","Cloak And Dagger"],"picked":"PiercingWail+1","floor":30},{"not_picked":["Calculated Gamble","Dagger Spray+1"],"picked":"PiercingWail","floor":31},{"not_picked":["Grand Finale+1","Phantasmal Killer"],"picked":"Wraith Form v2","floor":33},{"not_picked":["Quick Slash+1","Backflip+1"],"picked":"PiercingWail","floor":35},{"not_picked":["Underhanded Strike+1","PiercingWail","Expertise"],"picked":"SKIP","floor":37},{"not_picked":["Flechettes+1","Dagger Spray+1","Quick Slash+1"],"picked":"SKIP","floor":38},{"not_picked":["Poisoned Stab+1","Flying Knee+1","Bane+1"],"picked":"SKIP","floor":39},{"not_picked":["Deadly Poison","Dagger Spray+1"],"picked":"Malaise","floor":41},{"not_picked":["Backflip","Underhanded Strike+1","Dagger Throw+1"],"picked":"SKIP","floor":42},{"not_picked":["Tactician+1","Outmaneuver","Cloak And Dagger"],"picked":"SKIP","floor":45},{"not_picked":["Dagger Throw+1","Outmaneuver","PiercingWail+1"],"picked":"SKIP","floor":46}],"player_experience":5222101,"relics_obtained":[{"floor":7,"key":"Paper Crane"},{"floor":9,"key":"Blue Candle"},{"floor":11,"key":"Blood Vial"},{"floor":13,"key":"MealTicket"},{"floor":20,"key":"Molten Egg 2"},{"floor":26,"key":"War Paint"},{"floor":28,"key":"Nunchaku"},{"floor":31,"key":"Orichalcum"},{"floor":36,"key":"Tough Bandages"},{"floor":42,"key":"Bottled Tornado"},{"floor":45,"key":"Centennial Puzzle"}],"event_choices":[{"damage_healed":0.0,"max_hp_gain":0.0,"max_hp_loss":0.0,"gold_gain":0.0,"event_name":"betterThird:BetterGoop","player_choice":"Slimed","floor":2.0,"gold_loss":38.0,"damage_taken":11.0},{"damage_healed":0.0,"max_hp_gain":5.0,"max_hp_loss":0.0,"gold_gain":0.0,"event_name":"Big Fish","player_choice":"Donut","floor":3.0,"gold_loss":0.0,"damage_taken":0.0},{"damage_healed":0,"gold_gain":0,"player_choice":"Relic ","damage_taken":5,"max_hp_gain":0,"max_hp_loss":0,"event_name":"betterThird:BetterScrap","floor":4,"gold_loss":0,"cards_obtained":["Establishment"]},{"damage_healed":0,"gold_gain":0,"cards_transformed":["Well Laid Plans","Strike_G"],"player_choice":"Became Test Subject","damage_taken":0,"max_hp_gain":0,"max_hp_loss":0,"event_name":"Drug Dealer","floor":19,"gold_loss":0,"cards_obtained":["Venomology","Heel Hook"]},{"damage_healed":14,"gold_gain":0,"player_choice":"Heal","damage_taken":0,"max_hp_gain":0,"max_hp_loss":0,"event_name":"The Library","floor":21,"gold_loss":0},{"damage_healed":0,"gold_gain":0,"player_choice":"Dagger","damage_taken":6,"max_hp_gain":0,"max_hp_loss":0,"event_name":"betterThird:BetterNest","floor":22,"gold_loss":0,"cards_obtained":["RitualDagger"]},{"damage_healed":0,"gold_gain":0,"player_choice":"Fight","damage_taken":0,"max_hp_gain":0,"max_hp_loss":0,"event_name":"MindBloom","floor":36,"gold_loss":0}],"is_beta":false,"boss_relics":[{"not_picked":["HoveringKite","Empty Cage"],"picked":"Runic Pyramid"},{"not_picked":["Tiny House","WristBlade"],"picked":"Philosopher\u0027s Stone"}],"items_purged_floors":[5,24,48],"is_endless":false,"potions_floor_spawned":[1,8,13,18,25,33,36,39,42,46],"killed_by":"Donu and Deca","ascension_level":20}}