{"host":"nox","time":1609680822,"event":{"mods":["Act Like it!","Aspiration","BaseMod","Better Altar","Better Match","Better Note","Better Sensory Stone","Better Skull","Better Third Choice","BetterRewards","Colored Powertips","Conspire","Energized Spire","GifTheSpireLib","Hubris","Infinite Spire","Minty Spire (QoL Compilation)","Pale of the Ancients","Quick Restart","Rare Cards Sparkle","Replay The Spire","Shop Mod","Spikes Relics","StSLib","Stuff the Spire","SuperFastMode","The Alterego","vexMod"],"gold_per_floor":[109,109,109,123,138,170,170,186,212,212,232,244,172,203,203,301,301,317,317,317,334,27,53,70,70,70,70,90,90,90],"floor_reached":29,"playtime":1086,"items_purged":[],"score":408,"play_id":"2a007934-caef-4a3e-bff9-b7443cad72b0","local_time":"20210103203342","is_ascension_mode":true,"campfire_choices":[{"data":"ReplayTheSpireMod:LeadingStrike","floor":7.0,"key":"SMITH"},{"data":"Metallicize","floor":15.0,"key":"SMITH"},{"floor":27.0,"key":"RECALL"}],"circlet_count":0,"master_deck":["AscendersBane","Strike_R","Strike_R","Strike_R","Strike_R","Strike_R","Defend_R","Defend_R","Defend_R","Bash","ReplayTheSpireMod:LeadingStrike+1","Flex","BowlingBash","Rupture","Dropkick","Metallicize+1","Uppercut","Feed","Armaments+1","Shame","Infernal Blade+1","FlyingSleeves","Fire Breathing+1"],"relics":["Burning Blood","aspiration:Nostalgia","Replay:M_SmolderingBlood","aspiration:FrozenJewel","King of Hearts","hubris:Spice","RoseTintedShades","hubris:Potato","hubris:SlimyHat"],"acts_visited":["Exordium","TheCity"],"potions_floor_usage":[29],"damage_taken":[{"damage":9.0,"enemies":"conspire:RoseBush","floor":1.0,"turns":4.0},{"damage":8.0,"enemies":"Small Slimes","floor":4.0,"turns":3.0},{"damage":2.0,"enemies":"Jaw Worm","floor":5.0,"turns":3.0},{"damage":42.0,"enemies":"Gremlin Nob","floor":6.0,"turns":5.0},{"damage":7.0,"enemies":"Blue Slaver","floor":8.0,"turns":3.0},{"damage":8.0,"enemies":"Looter","floor":11.0,"turns":3.0},{"damage":2.0,"enemies":"2 Fungi Beasts","floor":12.0,"turns":3.0},{"damage":14.0,"enemies":"Replay:BlueRogue","floor":14.0,"turns":4.0},{"damage":29.0,"enemies":"The Guardian","floor":16.0,"turns":14.0},{"damage":25.0,"enemies":"Shell Parasite","floor":18.0,"turns":11.0},{"damage":0.0,"enemies":"Chosen","floor":21.0,"turns":4.0},{"damage":63.0,"enemies":"Slavers","floor":23.0,"turns":8.0},{"damage":9.0,"enemies":"Snake Plant","floor":24.0,"turns":5.0},{"damage":7.0,"enemies":"Centurion and Healer","floor":28.0,"turns":5.0},{"damage":59,"enemies":"Book of Stabbing","floor":29,"turns":4}],"seed_played":"4339807296464579193","potions_obtained":[{"floor":5.0,"key":"SkillPotion"},{"floor":6.0,"key":"Fire Potion"},{"floor":12.0,"key":"Flashbang"},{"floor":14.0,"key":"Adrenaline Potion"},{"floor":18.0,"key":"Energy Potion"},{"floor":21.0,"key":"BlessingOfTheForge"},{"floor":23.0,"key":"Block Potion"}],"is_trial":false,"path_per_floor":["M","?","?","M","M","E","R","M","T","T","M","M","$","E","R","B",null,"M","?","?","M","$","E","M","?","T","R","M","E"],"character_chosen":"IRONCLAD","items_purchased":["Metallicize","hubris:Potato"],"campfire_rested":0,"item_purchase_floors":[13,22],"current_hp_per_floor":[69,74,74,72,76,40,40,39,39,47,45,49,49,41,41,18,82,66,66,66,75,75,22,19,56,56,56,58,0,0],"gold":90,"neow_bonus":"NOSTALGIA","is_daily":false,"chose_seed":false,"campfire_upgraded":2,"win_rate":0.0,"timestamp":1609680822,"path_taken":["M","?","?","M","M","E","R","M","T","?","M","M","$","E","R","BOSS","M","?","?","M","$","E","M","?","T","R","M","E"],"items_purchased_type":["Card","Relic"],"build_version":"2020-11-17","purchased_purges":0,"victory":false,"max_hp_per_floor":[80,85,85,85,85,85,85,85,85,93,93,93,93,93,93,93,101,104,104,104,107,107,111,111,111,103,103,106,106,106],"card_choices":[{"not_picked":["Body Slam","Clothesline"],"picked":"ReplayTheSpireMod:LeadingStrike","floor":1.0},{"not_picked":["Entrench","True Grit","Power Through"],"picked":"SKIP","floor":4.0},{"not_picked":["Life Link","Run Through"],"picked":"Flex","floor":5.0},{"not_picked":["Shrug It Off","Corruption"],"picked":"BowlingBash","floor":6.0},{"not_picked":["Whirlwind","StuffTheSpire:Slingshot"],"picked":"Rupture","floor":8.0},{"not_picked":["ReplayTheSpireMod:Stacked","Warcry"],"picked":"Dropkick","floor":11.0},{"not_picked":["Infernal Blade","ReplayReversal","Twin Strike"],"picked":"SKIP","floor":12.0},{"not_picked":["ReplayReversal","ReplayTheSpireMod:LeadingStrike"],"picked":"Uppercut","floor":14.0},{"not_picked":["Reaper","Immolate"],"picked":"Feed","floor":16.0},{"not_picked":["Replay:Undeath\u0027s Touch","Wild Strike"],"picked":"Armaments","floor":18.0},{"not_picked":["Warcry+1","conspire:Charge"],"picked":"Infernal Blade+1","floor":21.0},{"not_picked":["Headbutt+1","Second Wind"],"picked":"FlyingSleeves","floor":23.0},{"not_picked":["Iron Wave","Anger+1"],"picked":"Fire Breathing+1","floor":24.0},{"not_picked":["Sentinel","Run Through","ReplayTheSpireMod:Strike From Hell"],"picked":"SKIP","floor":28.0}],"player_experience":300420,"relics_obtained":[{"floor":6.0,"key":"aspiration:FrozenJewel"},{"floor":9.0,"key":"King of Hearts"},{"floor":10.0,"key":"hubris:Spice"},{"floor":14.0,"key":"RoseTintedShades"},{"floor":23.0,"key":"hubris:SlimyHat"},{"floor":26.0,"key":"hubris:Spice"}],"event_choices":[{"damage_healed":0.0,"max_hp_gain":5.0,"max_hp_loss":0.0,"gold_gain":0.0,"event_name":"Big Fish","player_choice":"Donut","floor":2.0,"gold_loss":0.0,"damage_taken":0.0},{"damage_healed":37.0,"max_hp_gain":0.0,"max_hp_loss":0.0,"gold_gain":0.0,"event_name":"The Library","player_choice":"Heal","floor":25.0,"gold_loss":0.0,"damage_taken":0.0}],"is_beta":true,"boss_relics":[{"not_picked":["SacredBark","hubris:CrackedHourglass"],"picked":"hubris:Spice"}],"items_purged_floors":[],"is_endless":false,"potions_floor_spawned":[5,6,12,14,18,21,23],"killed_by":"Book of Stabbing","ascension_level":10}}