{"host":"2yqfi47fogfu1ic4","time":1609714086,"event":{"mods":["AchievementEnabler","BaseMod","Colored Map","Colored Powertips","Highlight Path","Minty Spire (QoL Compilation)","Permanent Neow","Relic Stats","StSLib"],"gold_per_floor":[110,110,130,205,225,225,248,266,266,2,2,2,26,49,49,140,140,154,154,185,27,27,27,47,47,72,86,104,104,130,149,149,244,244,260,285,310,335,335,335,335,335],"floor_reached":41,"playtime":3721,"items_purged":["Strike_G","Strike_G"],"score":874,"play_id":"f1b63a50-5c9b-4c1d-9615-b6be6891600e","local_time":"20210103234806","is_ascension_mode":true,"campfire_choices":[{"data":"Neutralize","floor":6,"key":"SMITH"},{"data":"Deadly Poison","floor":11,"key":"SMITH"},{"data":"Predator","floor":15,"key":"SMITH"},{"data":"Crippling Poison","floor":23,"key":"SMITH"},{"data":"Adrenaline","floor":29,"key":"SMITH"},{"floor":32,"key":"REST"},{"data":"Wraith Form v2","floor":40,"key":"SMITH"}],"circlet_count":0,"master_deck":["AscendersBane","Strike_G","Strike_G","Strike_G","Defend_G","Defend_G","Defend_G","Defend_G","Defend_G","Survivor","Neutralize+1","Heel Hook","Blade Dance","All Out Attack","Deadly Poison+1","Catalyst+1","Well Laid Plans","Backstab","Predator+1","Adrenaline+1","Prepared","Dagger Spray","PiercingWail","Crippling Poison+1","Wraith Form v2+1"],"relics":["Busted Crown","Golden Idol","FossilizedHelix","Runic Pyramid","Meat on the Bone","Red Mask","Lizard Tail","Pen Nib","Cursed Key"],"acts_visited":["Exordium","TheCity","TheBeyond"],"potions_floor_usage":[18,20,24,33,35,41],"damage_taken":[{"damage":0,"enemies":"2 Louse","floor":1,"turns":4},{"damage":2,"enemies":"Jaw Worm","floor":3,"turns":5},{"damage":8,"enemies":"Small Slimes","floor":5,"turns":5},{"damage":0,"enemies":"Exordium Thugs","floor":7,"turns":5},{"damage":4,"enemies":"Red Slaver","floor":8,"turns":3},{"damage":0,"enemies":"Blue Slaver","floor":13,"turns":4},{"damage":0,"enemies":"Looter","floor":14,"turns":3},{"damage":0,"enemies":"The Guardian","floor":16,"turns":9},{"damage":6,"enemies":"Chosen","floor":18,"turns":4},{"damage":27,"enemies":"Masked Bandits","floor":20,"turns":4},{"damage":1,"enemies":"Shell Parasite","floor":24,"turns":4},{"damage":0,"enemies":"Centurion and Healer","floor":27,"turns":6},{"damage":0,"enemies":"Cultist and Chosen","floor":28,"turns":5},{"damage":11,"enemies":"Sentry and Sphere","floor":31,"turns":4},{"damage":44,"enemies":"Champ","floor":33,"turns":12},{"damage":6,"enemies":"3 Darklings","floor":35,"turns":3},{"damage":0,"enemies":"Orb Walker","floor":36,"turns":3},{"damage":14,"enemies":"Jaw Worm Horde","floor":37,"turns":5},{"damage":21,"enemies":"Transient","floor":38,"turns":6},{"damage":83,"enemies":"Giant Head","floor":41,"turns":9}],"seed_played":"363542368603970002","potions_obtained":[{"floor":1,"key":"SpeedPotion"},{"floor":13,"key":"EssenceOfSteel"},{"floor":14,"key":"Energy Potion"},{"floor":16,"key":"EssenceOfSteel"},{"floor":20,"key":"Dexterity Potion"},{"floor":31,"key":"GamblersBrew"},{"floor":33,"key":"ColorlessPotion"},{"floor":36,"key":"LiquidBronze"},{"floor":37,"key":"EssenceOfSteel"},{"floor":38,"key":"Poison Potion"}],"is_trial":false,"path_per_floor":["M","?","M","?","M","R","M","M","T","$","R","?","M","M","R","B",null,"M","T","?","$","?","R","M","T","T","M","M","R","T","M","R","B",null,"M","M","M","M","T","R","E"],"character_chosen":"THE_SILENT","items_purchased":["Deadly Poison","Catalyst","Well Laid Plans","PiercingWail"],"campfire_rested":1,"item_purchase_floors":[10,10,10,21],"current_hp_per_floor":[59,59,57,46,38,38,38,34,34,34,34,34,34,34,34,34,54,48,48,33,33,33,33,32,32,32,32,32,32,32,33,51,19,50,44,44,42,33,33,33,0,0],"gold":335,"neow_bonus":"BOSS_RELIC","is_daily":false,"chose_seed":false,"campfire_upgraded":6,"win_rate":0.0,"timestamp":1609714086,"path_taken":["M","?","M","?","M","R","M","M","T","$","R","?","?","M","R","BOSS","M","?","?","$","?","R","M","?","T","?","M","R","?","M","R","BOSS","M","M","?","M","?","R","E"],"items_purchased_type":["Card","Card","Card","Card"],"build_version":"2020-12-22","purchased_purges":2,"victory":false,"max_hp_per_floor":[66,60,60,60,60,60,60,60,60,60,60,60,60,60,60,60,60,60,60,60,60,60,60,60,60,60,60,60,60,60,60,60,60,60,60,60,60,60,60,60,60,60],"relic_stats":{"Lizard Tail":30,"Busted Crown":38,"counters":[20,103],"Golden Idol":106,"Pen Nib":[14],"Cursed Key":0,"obtain_stats":[{"Lizard Tail":25,"Busted Crown":0,"Golden Idol":2,"Pen Nib":26,"Red Mask":20,"Cursed Key":34,"FossilizedHelix":9,"Ring of the Snake":0,"Runic Pyramid":17,"Meat on the Bone":19},{"Lizard Tail":11,"Busted Crown":0,"Golden Idol":1,"Pen Nib":11,"Red Mask":10,"Cursed Key":15,"FossilizedHelix":5,"Ring of the Snake":0,"Runic Pyramid":8,"Meat on the Bone":9},{"Lizard Tail":50,"Busted Crown":0,"Golden Idol":4,"Pen Nib":50,"Red Mask":46,"Cursed Key":77,"FossilizedHelix":22,"Ring of the Snake":0,"Runic Pyramid":38,"Meat on the Bone":42}],"Meat on the Bone":60},"card_choices":[{"not_picked":[],"picked":"Heel Hook","floor":1},{"not_picked":["Outmaneuver"],"picked":"SKIP","floor":3},{"not_picked":[],"picked":"Blade Dance","floor":5},{"not_picked":[],"picked":"All Out Attack","floor":7},{"not_picked":["Quick Slash"],"picked":"SKIP","floor":8},{"not_picked":["Quick Slash"],"picked":"SKIP","floor":8},{"not_picked":[],"picked":"Backstab","floor":13},{"not_picked":[],"picked":"Predator","floor":14},{"not_picked":[],"picked":"Adrenaline","floor":16},{"not_picked":[],"picked":"Prepared","floor":18},{"not_picked":[],"picked":"Dagger Spray","floor":20},{"not_picked":["Flying Knee+1"],"picked":"SKIP","floor":24},{"not_picked":["Finisher"],"picked":"SKIP","floor":27},{"not_picked":["Flying Knee"],"picked":"SKIP","floor":28},{"not_picked":["Quick Slash"],"picked":"SKIP","floor":31},{"not_picked":[],"picked":"Wraith Form v2","floor":33},{"not_picked":["Dodge and Roll"],"picked":"SKIP","floor":35},{"not_picked":["Deflect"],"picked":"SKIP","floor":36},{"not_picked":["Outmaneuver"],"picked":"SKIP","floor":37},{"not_picked":["Sucker Punch"],"picked":"SKIP","floor":38}],"player_experience":2038125,"relics_obtained":[{"floor":9,"key":"FossilizedHelix"},{"floor":19,"key":"Meat on the Bone"},{"floor":20,"key":"Red Mask"},{"floor":25,"key":"Lizard Tail"},{"floor":26,"key":"Pen Nib"}],"event_choices":[{"damage_healed":0,"gold_gain":0,"player_choice":"Lose Max HP","damage_taken":0,"relics_obtained":["Golden Idol"],"max_hp_gain":0,"max_hp_loss":6,"event_name":"Golden Idol","floor":2,"gold_loss":0},{"damage_healed":0,"gold_gain":75,"player_choice":"Gather Gold","damage_taken":11,"max_hp_gain":0,"max_hp_loss":0,"event_name":"World of Goop","floor":4,"gold_loss":0},{"damage_healed":0,"gold_gain":0,"player_choice":"Upgraded","damage_taken":0,"max_hp_gain":0,"max_hp_loss":0,"event_name":"Upgrade Shrine","floor":12,"gold_loss":0,"cards_upgraded":["Catalyst"]},{"damage_healed":0,"gold_gain":0,"player_choice":"Fought Bandits","damage_taken":0,"max_hp_gain":0,"max_hp_loss":0,"event_name":"Masked Bandits","floor":20,"gold_loss":0},{"damage_healed":0,"gold_gain":0,"player_choice":"Read","damage_taken":0,"max_hp_gain":0,"max_hp_loss":0,"event_name":"The Library","floor":22,"gold_loss":0,"cards_obtained":["Crippling Poison"]}],"is_beta":false,"boss_relics":[{"not_picked":["Calling Bell","Runic Dome"],"picked":"Runic Pyramid"},{"not_picked":["SlaversCollar","Black Star"],"picked":"Cursed Key"}],"items_purged_floors":[10,21],"is_endless":false,"potions_floor_spawned":[1,13,14,16,20,31,33,36,37,38],"killed_by":"Giant Head","ascension_level":20}}