{"host":"54vghy6hfkyy1r39","time":1609642721,"event":{"mods":["AchievementEnabler","BaseMod","Minty Spire (QoL Compilation)","StSLib","SuperFastMode","everything is the same but u backflip on backflip"],"gold_per_floor":[113,38,38,38,38,81,81,105,160,82,102,140,140,178,178,178,178],"floor_reached":16,"playtime":478,"items_purged":["Strike_R"],"score":116,"play_id":"bd10feb4-bd9e-420f-bd16-29c0c2bec042","local_time":"20210103115841","is_ascension_mode":false,"campfire_choices":[{"floor":7,"key":"REST"},{"floor":13,"key":"REST"},{"floor":15,"key":"REST"}],"circlet_count":0,"master_deck":["Strike_R","Strike_R","Strike_R","Strike_R","Defend_R","Defend_R","Defend_R","Defend_R","Bash","Entrench","Rupture","Searing Blow","Armaments"],"relics":["Burning Blood","Golden Idol","Ancient Tea Set","Blood Vial","Akabeko","Omamori"],"acts_visited":["Exordium"],"potions_floor_usage":[16,16],"damage_taken":[{"damage":1,"enemies":"Cultist","floor":1,"turns":3},{"damage":51,"enemies":"3 Sentries","floor":6,"turns":14},{"damage":2,"enemies":"Small Slimes","floor":8,"turns":5},{"damage":6,"enemies":"Jaw Worm","floor":11,"turns":3},{"damage":47,"enemies":"Lagavulin","floor":12,"turns":9},{"damage":30,"enemies":"3 Sentries","floor":14,"turns":11},{"damage":51,"enemies":"The Guardian","floor":16,"turns":8}],"seed_played":"-5716004690593711271","potions_obtained":[{"floor":1,"key":"Swift Potion"},{"floor":11,"key":"Regen Potion"}],"is_trial":false,"path_per_floor":["M","$","?","?","?","E","R","M","T","$","M","E","R","E","R","B"],"character_chosen":"IRONCLAD","items_purchased":["Searing Blow"],"campfire_rested":3,"item_purchase_floors":[10],"current_hp_per_floor":[77,77,82,82,82,37,64,68,68,68,70,31,58,36,63,29,29],"gold":178,"neow_bonus":"TWENTY_PERCENT_HP_BONUS","is_daily":false,"chose_seed":false,"campfire_upgraded":0,"win_rate":0.0,"timestamp":1609642721,"path_taken":["M","$","?","?","?","E","R","M","T","$","?","E","R","E","R","BOSS"],"items_purchased_type":["Card"],"build_version":"2020-12-22","purchased_purges":1,"victory":false,"max_hp_per_floor":[96,96,101,101,93,93,93,93,93,93,93,93,93,93,93,93,93],"card_choices":[{"not_picked":["Anger","Dropkick"],"picked":"Entrench","floor":1},{"not_picked":["True Grit","Flex","Cleave"],"picked":"SKIP","floor":6},{"not_picked":["Reckless Charge","Feel No Pain"],"picked":"Rupture","floor":8},{"not_picked":["Seeing Red","Disarm"],"picked":"Armaments","floor":11},{"not_picked":["Cleave","Entrench","Clash"],"picked":"SKIP","floor":12},{"not_picked":["Whirlwind","Perfected Strike","Cleave"],"picked":"SKIP","floor":14}],"player_experience":173517,"relics_obtained":[{"floor":6,"key":"Ancient Tea Set"},{"floor":9,"key":"Blood Vial"},{"floor":12,"key":"Akabeko"},{"floor":14,"key":"Omamori"}],"event_choices":[{"damage_healed":0,"gold_gain":0,"player_choice":"Donut","damage_taken":0,"max_hp_gain":5,"max_hp_loss":0,"event_name":"Big Fish","floor":3,"gold_loss":0},{"damage_healed":0,"gold_gain":0,"player_choice":"Leave","damage_taken":0,"max_hp_gain":0,"max_hp_loss":0,"event_name":"The Cleric","floor":4,"gold_loss":0},{"damage_healed":0,"gold_gain":0,"player_choice":"Lose Max HP","damage_taken":0,"relics_obtained":["Golden Idol"],"max_hp_gain":0,"max_hp_loss":8,"event_name":"Golden Idol","floor":5,"gold_loss":0}],"is_beta":false,"boss_relics":[],"items_purged_floors":[2],"is_endless":false,"potions_floor_spawned":[1,11],"killed_by":"The Guardian","ascension_level":0}}