{"host":"semhnkkjvd2at5gx","time":1609650386,"event":{"mods":["AchievementEnabler","Aspiration","Bard","BaseMod","Beaked The Cultist","Better Third Choice","BetterRewards","Colored Map","Colored Powertips","Conspire","Downfall","Hermit","Hubris","Infinite Spire","Lobotomy","Marisa????????","Minty Spire (QoL Compilation)","Replay The Spire","StSLib","The Animator","The Blackbeard","The Bladedancer","The Bug Knight","The Construct","The Cursed","The Disciple","The Hierophant","The Jungle","The Mystic","The Necromancer","The Poker Player","The Runesmith","The Servant 0.9.4","vexMod"],"gold_per_floor":[114,114,114,114,134,168,186,186,186,196,196,296,307,326,326,426,426,446,446,446,398,398,423,423,456,456,468,468,468,483,500,500,597,597,611,631,631,631,608,679,690,690,690,690,708,708,718,421,421,521,521],"floor_reached":50,"playtime":13349,"items_purged":[],"score":635,"play_id":"b7f0a114-f5cc-42a3-9787-9788dd23efcc","local_time":"20210102230626","is_ascension_mode":false,"campfire_choices":[{"data":"mysticmod:KeenEdge","floor":8.0,"key":"SMITH"},{"data":"mysticmod:MightyMagic","floor":11.0,"key":"SMITH"},{"floor":32.0,"key":"REST"},{"data":"mysticmod:Doublecast","floor":42,"key":"SMITH"},{"data":"mysticmod:Haste","floor":49,"key":"SMITH"}],"circlet_count":0,"master_deck":["mysticmod:Strike_Mystic","mysticmod:Strike_Mystic","mysticmod:Strike_Mystic","mysticmod:Strike_Mystic","mysticmod:Defend_Mystic","mysticmod:Defend_Mystic","mysticmod:Defend_Mystic","mysticmod:Defend_Mystic","mysticmod:ArcaneDodge","mysticmod:ShockingGrasp","mysticmod:Haste+1","mysticmod:KeenEdge+1","mysticmod:Feint+1","mysticmod:Flurry+1","mysticmod:MightyMagic+1","mysticmod:FloatingDisk","mysticmod:Disengage","mysticmod:Riposte+1","mysticmod:ClosingBarrage+1","mysticmod:CorrosiveTouch+1","mysticmod:LightningBolt","mysticmod:StyleChange","mysticmod:DiviningBlow+1","mysticmod:Grease","mysticmod:IllusionOfCalm","mysticmod:ObscuringMist+1","mysticmod:Doublecast+1","mysticmod:PowerSlash","mysticmod:BulkUp+1","Hallucinations","mysticmod:ComponentsPouch","Perseverance+1","ThirdEye","mysticmod:CureLightWounds","mysticmod:CorrosiveTouch","DeceiveReality+1"],"relics":["mysticmod:SpellBook","aspiration:BabyByrd","FossilizedHelix","Whetstone","aspiration:WatcherSkillbook","hubris:Icosahedron","conspire:Flyswatter","Replay:Bottled Snecko","Ancient Tea Set","Meat on the Bone","CaptainsWheel","hubris:ScarierMask","ReplayTheSpireMod:Ring of Challenge","ReplayTheSpireMod:Ring of Exchange","Boot","Eternal Feather","Bottled Tornado","Juzu Bracelet","Ginger","Guide Book","hubris:TenFootPole"],"acts_visited":["Exordium","TheCity","TheBeyond"],"potions_floor_usage":[44,50,50,50],"damage_taken":[{"damage":5.0,"enemies":"Small Slimes","floor":1.0,"turns":6.0},{"damage":0.0,"enemies":"Jaw Worm","floor":5.0,"turns":2.0},{"damage":11.0,"enemies":"Lagavulin","floor":6.0,"turns":7.0},{"damage":0.0,"enemies":"2 Louse","floor":7.0,"turns":3.0},{"damage":0.0,"enemies":"Exordium Thugs","floor":10.0,"turns":3.0},{"damage":0.0,"enemies":"3 Louse","floor":13.0,"turns":2.0},{"damage":0.0,"enemies":"Red Slaver","floor":14.0,"turns":2.0},{"damage":45.0,"enemies":"Slime Boss","floor":16.0,"turns":15.0},{"damage":0.0,"enemies":"Spheric Guardian","floor":18.0,"turns":4.0},{"damage":19.0,"enemies":"conspire:SneckoGhost","floor":23.0,"turns":8.0},{"damage":52.0,"enemies":"Nightmare","floor":25.0,"turns":9.0},{"damage":2.0,"enemies":"conspire:FuzzyDice","floor":27.0,"turns":5.0},{"damage":22.0,"enemies":"3 Cultists","floor":30.0,"turns":6.0},{"damage":0.0,"enemies":"Cultist and Chosen","floor":31.0,"turns":6.0},{"damage":0.0,"enemies":"Automaton","floor":33.0,"turns":8.0},{"damage":0.0,"enemies":"3 Shapes","floor":35.0,"turns":3.0},{"damage":11.0,"enemies":"Orb Walker","floor":36.0,"turns":4.0},{"damage":47.0,"enemies":"conspire:MimicChest","floor":39.0,"turns":8.0},{"damage":0,"enemies":"Reptomancer","floor":40,"turns":1},{"damage":0,"enemies":"Transient","floor":41,"turns":5},{"damage":10,"enemies":"Mind Bloom Boss Battle","floor":44,"turns":8},{"damage":0,"enemies":"Jaw Worm Horde","floor":45,"turns":6},{"damage":0,"enemies":"4 Shapes","floor":47,"turns":7},{"damage":91,"enemies":"Time Eater","floor":50,"turns":13}],"seed_played":"7976464859311158998","potions_obtained":[{"floor":4.0,"key":"champ:CounterPotion"},{"floor":4.0,"key":"CultistPotion"},{"floor":4.0,"key":"PowerPotion"},{"floor":13.0,"key":"Regen Potion"},{"floor":16.0,"key":"Flashbang"},{"floor":18.0,"key":"LiquidBronze"},{"floor":27.0,"key":"ColorlessPotion"},{"floor":31.0,"key":"sneckomod:MuddlingPotion"},{"floor":36.0,"key":"DistilledChaos"},{"floor":40,"key":"ColorlessPotion"},{"floor":41,"key":"Swift Potion"},{"floor":47,"key":"LiquidBronze"}],"is_trial":false,"path_per_floor":["M","?","?","?","M","E","M","R","T","M","R","?","M","M","R_BF","B",null,"M","?","?","$","?","E","AVR","NM","T","M","?","?","M","M","R","B",null,"M","M","?","AVR","?","E","M","R","T","?","M","?","M","$","R","B"],"character_chosen":"MYSTIC_CLASS","items_purchased":["mysticmod:LightningBolt","Guide Book","hubris:TenFootPole"],"campfire_rested":1,"item_purchase_floors":[21,48,48],"current_hp_per_floor":[72,77,77,77,77,66,66,66,66,66,66,66,66,66,82,37,82,82,82,82,82,82,63,63,26,26,36,36,28,18,30,54,54,82,82,71,71,71,36,48,48,66,66,56,59,59,62,62,82,0,0],"gold":521,"neow_bonus":"ONE_RANDOM_RARE_CARD","is_daily":false,"chose_seed":false,"campfire_upgraded":4,"win_rate":0.0,"timestamp":1609650386,"path_taken":["M","?","?","?","M","E","M","R","T","?","R","?","?","M","R_BF","BOSS","M","?","?","$","?","E","AVR","NM","T","M","?","?","?","M","R","BOSS","M","M","?","AVR","?","E","?","R","T","?","M","?","M","?","R","BOSS"],"items_purchased_type":["Card","Relic","Relic"],"build_version":"2020-12-22","purchased_purges":0,"victory":false,"max_hp_per_floor":[77,82,82,82,82,82,82,82,82,82,82,82,82,82,82,82,82,82,82,82,82,82,82,82,82,82,82,82,82,82,82,82,82,82,82,82,82,82,82,82,82,82,82,82,82,82,82,82,82,82,82],"card_choices":[{"not_picked":["mysticmod:Flourish","mysticmod:PowerSlash"],"picked":"mysticmod:KeenEdge","floor":1.0},{"not_picked":["mysticmod:BulkUp","mysticmod:DiviningBlow"],"picked":"mysticmod:Feint","floor":5.0},{"not_picked":["mysticmod:Snowball","mysticmod:Grease"],"picked":"mysticmod:Flurry","floor":6.0},{"not_picked":["mysticmod:Disengage","mysticmod:EarthenWall"],"picked":"mysticmod:MightyMagic","floor":7.0},{"not_picked":["mysticmod:DiviningBlow","mysticmod:Alacrity"],"picked":"mysticmod:FloatingDisk","floor":10.0},{"not_picked":["mysticmod:VorpalThrust","mysticmod:Fireball"],"picked":"mysticmod:Disengage","floor":13.0},{"not_picked":["mysticmod:FiveFootStep","mysticmod:SuddenClarity"],"picked":"mysticmod:Riposte","floor":14.0},{"not_picked":["mysticmod:Disintegrate","mysticmod:SpellRecall"],"picked":"mysticmod:ClosingBarrage","floor":16.0},{"not_picked":["mysticmod:SuddenClarity","mysticmod:Riposte+1","Scrawl"],"picked":"mysticmod:CorrosiveTouch+1","floor":18.0},{"not_picked":["Replay:Hum","ClearTheMind","mysticmod:Alacrity"],"picked":"mysticmod:StyleChange","floor":23.0},{"not_picked":["FearNoEvil+1","Consecrate","mysticmod:Stoneskin"],"picked":"mysticmod:DiviningBlow+1","floor":25.0},{"not_picked":["MentalFortress","BowlingBash","CutThroughFate+1"],"picked":"mysticmod:Grease","floor":27.0},{"not_picked":["JustLucky","mysticmod:Disengage","CrushJoints"],"picked":"mysticmod:IllusionOfCalm","floor":30.0},{"not_picked":["Replay:ManipulateFuture","Replay:AtTheReady","FearNoEvil"],"picked":"mysticmod:ObscuringMist","floor":31.0},{"not_picked":["Replay:LoomingThreat","mysticmod:SpellRecall","Replay:AllIn"],"picked":"mysticmod:Doublecast","floor":33.0},{"not_picked":["Replay:Hum+1","Halt+1","mysticmod:Daze"],"picked":"mysticmod:PowerSlash","floor":35.0},{"not_picked":["SashWhip","mysticmod:IllusionOfCalm","mysticmod:PowerSlash+1"],"picked":"mysticmod:BulkUp+1","floor":36.0},{"not_picked":["SashWhip","Replay:Hum","mysticmod:Fireball+1"],"picked":"mysticmod:ComponentsPouch","floor":39.0},{"not_picked":["CutThroughFate+1","mysticmod:CorrosiveTouch+1","mysticmod:FiveFootStep+1"],"picked":"Perseverance+1","floor":40},{"not_picked":["Crescendo+1","mysticmod:EnergizedRift","mysticmod:BulkUp+1"],"picked":"ThirdEye","floor":41},{"not_picked":["Replay:Anticipation+1","FollowUp","mysticmod:Shield"],"picked":"mysticmod:CureLightWounds","floor":44},{"not_picked":["mysticmod:Doublecast","WreathOfFlame","Evaluate"],"picked":"mysticmod:CorrosiveTouch","floor":45},{"not_picked":["mysticmod:Riposte+1","SandsOfTime","Replay:AtTheReady+1"],"picked":"DeceiveReality+1","floor":47}],"player_experience":356937,"relics_obtained":[{"floor":6.0,"key":"FossilizedHelix"},{"floor":9.0,"key":"Whetstone"},{"floor":23.0,"key":"conspire:Flyswatter"},{"floor":25.0,"key":"Ancient Tea Set"},{"floor":26.0,"key":"Meat on the Bone"},{"floor":37.0,"key":"ReplayTheSpireMod:Ring of Challenge"},{"floor":37.0,"key":"ReplayTheSpireMod:Ring of Exchange"},{"floor":39.0,"key":"Eternal Feather"},{"floor":40,"key":"Bottled Tornado"},{"floor":43,"key":"Juzu Bracelet"},{"floor":44,"key":"Ginger"}],"event_choices":[{"damage_healed":0.0,"max_hp_gain":5.0,"max_hp_loss":0.0,"gold_gain":0.0,"event_name":"Big Fish","player_choice":"Donut","floor":2.0,"gold_loss":0.0,"damage_taken":0.0},{"damage_healed":0.0,"max_hp_gain":0.0,"max_hp_loss":0.0,"gold_gain":0.0,"event_name":"Lab","player_choice":"Got Potions","floor":4.0,"gold_loss":0.0,"damage_taken":0.0},{"damage_healed":0.0,"max_hp_gain":0.0,"max_hp_loss":0.0,"gold_gain":100.0,"event_name":"Wheel of Change","player_choice":"Gold","floor":12.0,"gold_loss":0.0,"damage_taken":0.0},{"damage_healed":0.0,"max_hp_gain":0.0,"max_hp_loss":0.0,"gold_gain":0.0,"event_name":"Vampires","player_choice":"Ignored","floor":19.0,"gold_loss":0.0,"damage_taken":0.0},{"damage_healed":0.0,"max_hp_gain":0.0,"max_hp_loss":0.0,"gold_gain":0.0,"event_name":"blackbeard:ShipwreckEvent","player_choice":"CaptainsWheel","floor":29.0,"gold_loss":0.0,"damage_taken":0.0,"relics_obtained":["CaptainsWheel"]},{"damage_healed":0,"gold_gain":0,"player_choice":"Fight","damage_taken":0,"max_hp_gain":0,"max_hp_loss":0,"event_name":"MindBloom","floor":44,"gold_loss":0},{"damage_healed":0,"gold_gain":0,"player_choice":"Ignored","damage_taken":0,"max_hp_gain":0,"max_hp_loss":0,"event_name":"Tomb of Lord Red Mask","floor":46,"gold_loss":0}],"is_beta":false,"boss_relics":[{"not_picked":["hubris:HollowSoul","Replay:Bronze Core"],"picked":"aspiration:WatcherSkillbook"},{"not_picked":["Tiny House","Kintsugi"],"picked":"hubris:ScarierMask"}],"items_purged_floors":[],"is_endless":true,"potions_floor_spawned":[5,13,16,18,27,31,36,40,41,47],"killed_by":"Time Eater","ascension_level":0}}