{"host":"newqdrzxfhh2im9e","time":1609661574,"event":{"mods":["AchievementEnabler","BaseMod","BetterRewards","Block Reminder","Colored Map","Jorbs\u0027s Wanderer Trilogy","Minty Spire (QoL Compilation)","Rare Cards Sparkle","Shop Mod","StSLib"],"gold_per_floor":[18,30,30,30,49,49,82,96,96,22,41,41,52,52,52,177,177,198,198,37,37,0,0,0,0],"floor_reached":24,"playtime":863,"items_purged":[],"score":245,"play_id":"64e65c11-2470-492a-8a4a-80f177ac9e5b","local_time":"20210103001254","is_ascension_mode":true,"campfire_choices":[{"data":"Echo Form","floor":6,"key":"SMITH"},{"floor":15,"key":"REST"},{"data":"Rainbow","floor":23,"key":"SMITH"}],"circlet_count":0,"master_deck":["Zap","Dualcast","Echo Form+1","Genetic Algorithm","Sweeping Beam","Auto Shields","Rainbow+1","White Noise","Storm","Gash","Loop","Core Surge","Amplify","Capacitor","Sunder","Meteor Strike","Rip and Tear","Steam","Ball Lightning","Conserve Battery","Glacier","Biased Cognition","Writhe"],"relics":["Cracked Core","MealTicket","Shuriken","Golden Idol","Pandora\u0027s Box","CaptainsWheel"],"acts_visited":["Exordium","TheCity"],"potions_floor_usage":[7,7,11,13,19,24],"damage_taken":[{"damage":2,"enemies":"Jaw Worm","floor":1,"turns":3},{"damage":1,"enemies":"Cultist","floor":2,"turns":3},{"damage":0,"enemies":"2 Louse","floor":5,"turns":2},{"damage":22,"enemies":"3 Sentries","floor":7,"turns":6},{"damage":16,"enemies":"Exordium Wildlife","floor":8,"turns":4},{"damage":0,"enemies":"Large Slime","floor":11,"turns":5},{"damage":7,"enemies":"2 Fungi Beasts","floor":13,"turns":3},{"damage":36,"enemies":"The Guardian","floor":16,"turns":10},{"damage":28,"enemies":"Shell Parasite","floor":18,"turns":5},{"damage":0,"enemies":"2 Thieves","floor":19,"turns":1},{"damage":49,"enemies":"Book of Stabbing","floor":24,"turns":5}],"seed_played":"-3610480472649274917","potions_obtained":[{"floor":1,"key":"Swift Potion"},{"floor":3,"key":"ColorlessPotion"},{"floor":3,"key":"PowerPotion"},{"floor":3,"key":"SmokeBomb"},{"floor":8,"key":"AttackPotion"},{"floor":11,"key":"Regen Potion"},{"floor":13,"key":"Ancient Potion"}],"is_trial":false,"path_per_floor":["M","M","?","$","M","R","E","M","T","$","M","?","M","?","R","B",null,"M","M","$","?","?","R","E"],"character_chosen":"DEFECT","items_purchased":["Storm","Biased Cognition"],"campfire_rested":1,"item_purchase_floors":[10,20],"current_hp_per_floor":[73,72,72,72,72,72,50,34,34,49,49,49,51,33,55,19,61,33,33,48,48,48,48,0,0],"gold":0,"neow_bonus":"THREE_RARE_CARDS","is_daily":false,"chose_seed":false,"campfire_upgraded":2,"win_rate":0.0,"timestamp":1609661574,"path_taken":["M","M","?","?","M","R","E","M","T","$","M","?","?","?","R","BOSS","M","M","$","?","?","R","E"],"items_purchased_type":["Card","Card"],"build_version":"2020-12-22","purchased_purges":0,"victory":false,"max_hp_per_floor":[75,75,75,75,75,75,75,75,75,75,75,75,75,75,75,75,75,75,75,75,75,75,75,75,75],"card_choices":[{"not_picked":["Amplify","Multi-Cast"],"picked":"Echo Form","floor":0},{"not_picked":["Darkness","Hologram"],"picked":"Genetic Algorithm","floor":1},{"not_picked":["Barrage","Coolheaded"],"picked":"Sweeping Beam","floor":2},{"not_picked":["Cold Snap","Consume"],"picked":"Auto Shields","floor":5},{"not_picked":["Sweeping Beam","Static Discharge"],"picked":"Rainbow","floor":7},{"not_picked":["Leap","Barrage"],"picked":"White Noise","floor":8},{"not_picked":["Conserve Battery","Chill"],"picked":"Gash","floor":11},{"not_picked":["Cold Snap","Turbo"],"picked":"Loop","floor":13},{"not_picked":["Reboot","Meteor Strike"],"picked":"Core Surge","floor":16},{"not_picked":["Hologram+1","Conserve Battery"],"picked":"Glacier","floor":18}],"player_experience":677033,"relics_obtained":[{"floor":7,"key":"MealTicket"},{"floor":9,"key":"Shuriken"}],"event_choices":[{"damage_healed":0,"gold_gain":0,"player_choice":"Got Potions","damage_taken":0,"max_hp_gain":0,"max_hp_loss":0,"event_name":"Lab","floor":3,"gold_loss":0},{"damage_healed":0,"gold_gain":0,"player_choice":"Ignored","damage_taken":0,"max_hp_gain":0,"max_hp_loss":0,"event_name":"Golden Wing","floor":12,"gold_loss":0},{"damage_healed":0,"gold_gain":0,"player_choice":"Take Damage","damage_taken":18,"relics_obtained":["Golden Idol"],"max_hp_gain":0,"max_hp_loss":0,"event_name":"Golden Idol","floor":14,"gold_loss":0},{"damage_healed":0,"gold_gain":0,"player_choice":"Opened","damage_taken":0,"relics_obtained":["CaptainsWheel"],"max_hp_gain":0,"max_hp_loss":0,"event_name":"The Mausoleum","floor":21,"gold_loss":0,"cards_obtained":["Writhe"]},{"damage_healed":0,"gold_gain":0,"player_choice":"Paid Fearfully","damage_taken":0,"max_hp_gain":0,"max_hp_loss":0,"event_name":"Masked Bandits","floor":22,"gold_loss":37}],"is_beta":false,"boss_relics":[{"not_picked":["Empty Cage","SacredBark"],"picked":"Pandora\u0027s Box"}],"items_purged_floors":[],"is_endless":false,"potions_floor_spawned":[1,8,11,13],"killed_by":"Book of Stabbing","ascension_level":5}}