{"host":"p4v0hquynnreu717","time":1609698574,"event":{"mods":["BaseMod","Better Vampires","DeckTracker","Googly Eyes","Minty Spire (QoL Compilation)","Quick Restart","StSLib","SuperFastMode"],"gold_per_floor":[110,35,35,35,55,81,81,116,116,116,116,116],"floor_reached":11,"playtime":147,"items_purged":["Strike_R"],"score":182,"play_id":"275a60db-692c-4ede-99f2-93d84f682274","local_time":"20210104022934","is_ascension_mode":true,"campfire_choices":[{"data":"Bloodletting","floor":7.0,"key":"SMITH"},{"data":"Bash","floor":10.0,"key":"SMITH"}],"circlet_count":0,"master_deck":["AscendersBane","Strike_R","Strike_R","Strike_R","Strike_R","Defend_R","Defend_R","Defend_R","Defend_R","Bash+1","Bloodletting+1","Reaper"],"relics":["Burning Blood","NeowsBlessing","Ginger","Lantern","Tiny Chest","Magic Flower"],"acts_visited":["Exordium"],"potions_floor_usage":[],"damage_taken":[{"damage":0.0,"enemies":"Jaw Worm","floor":1.0,"turns":1.0},{"damage":0.0,"enemies":"2 Louse","floor":5.0,"turns":1.0},{"damage":0.0,"enemies":"Gremlin Nob","floor":6.0,"turns":1.0},{"damage":46.0,"enemies":"3 Sentries","floor":8.0,"turns":9.0},{"damage":16,"enemies":"Gremlin Nob","floor":11,"turns":3}],"seed_played":"6379346884155741078","potions_obtained":[{"floor":5.0,"key":"AttackPotion"},{"floor":8.0,"key":"Energy Potion"}],"is_trial":false,"path_per_floor":["M","$","?","?","M","E","R","E","T","R","E"],"character_chosen":"IRONCLAD","items_purchased":[],"campfire_rested":0,"item_purchase_floors":[],"current_hp_per_floor":[74,74,74,74,75,75,75,35,35,35,25,25],"gold":116,"neow_bonus":"THREE_ENEMY_KILL","is_daily":false,"chose_seed":false,"campfire_upgraded":2,"win_rate":0.0,"timestamp":1609698574,"path_taken":["M","$","?","?","M","E","R","E","T","R","E"],"items_purchased_type":[],"build_version":"2020-12-22","purchased_purges":1,"victory":false,"max_hp_per_floor":[75,75,75,75,75,75,75,75,75,75,75,75],"card_choices":[{"not_picked":["Warcry","Body Slam"],"picked":"Armaments","floor":1.0},{"not_picked":["Iron Wave","Wild Strike","Flex"],"picked":"SKIP","floor":5.0},{"not_picked":["Power Through","Pommel Strike"],"picked":"Bloodletting","floor":6.0},{"not_picked":["Uppercut","Shrug It Off"],"picked":"Reaper","floor":8.0}],"player_experience":753338,"relics_obtained":[{"floor":6.0,"key":"Lantern"},{"floor":8.0,"key":"Tiny Chest"},{"floor":9.0,"key":"Magic Flower"}],"event_choices":[{"damage_healed":0.0,"max_hp_gain":0.0,"max_hp_loss":0.0,"gold_gain":0.0,"event_name":"Liars Game","player_choice":"Ignored","floor":3.0,"gold_loss":0.0,"damage_taken":0.0},{"cards_removed":["Armaments"],"damage_healed":0.0,"max_hp_gain":0.0,"max_hp_loss":0.0,"gold_gain":0.0,"event_name":"WeMeetAgain","player_choice":"Gave Card","floor":4.0,"gold_loss":0.0,"damage_taken":0.0,"relics_obtained":["Ginger"]}],"is_beta":false,"boss_relics":[],"items_purged_floors":[2],"is_endless":false,"potions_floor_spawned":[5,8],"killed_by":"Gremlin Nob","ascension_level":15}}