{"host":"7gewg82ormp6yt4e","time":1609681593,"event":{"mods":["BaseMod","Block Reminder","Colored Map","Colored Powertips","DeckTracker","Highlight Path","Minty Spire (QoL Compilation)","Relic Stats","StSLib"],"gold_per_floor":[118,78,78,78,25,25,60,60,60,91,91,151,151,183,183,254,254,265,315,365,376,62,95,95,145,145,145,212,362,362,379,379,456,456,467,517,567,580,595,595,660,689,689,126,126,0,28,45,45,45,45,45,45,21,50,50],"floor_reached":57,"playtime":4414,"items_purged":["Writhe"],"score":2959,"play_id":"b2300a39-eb4d-4f3b-af96-eabed2535e33","local_time":"20210103224633","is_ascension_mode":true,"campfire_choices":[{"data":"Doom and Gloom","floor":6.0,"key":"SMITH"},{"data":"Creative AI","floor":8.0,"key":"SMITH"},{"data":"Capacitor","floor":13.0,"key":"SMITH"},{"data":"Zap","floor":15.0,"key":"SMITH"},{"data":"Buffer","floor":24.0,"key":"SMITH"},{"data":"Self Repair","floor":27.0,"key":"SMITH"},{"data":"Go for the Eyes","floor":30.0,"key":"SMITH"},{"floor":32.0,"key":"REST"},{"floor":40.0,"key":"RECALL"},{"data":"Scrape","floor":45.0,"key":"SMITH"},{"data":"Scrape","floor":49.0,"key":"SMITH"},{"data":"Dualcast","floor":53.0,"key":"SMITH"}],"circlet_count":0,"master_deck":["AscendersBane","Zap+1","Dualcast+1","Doom and Gloom+1","Capacitor+1","Cold Snap","Creative AI+1","Coolheaded+1","Conserve Battery+1","Recycle+1","Seek+1","Scrape+1","Scrape+1","Gash","Leap+1","White Noise+1","Self Repair+1","Rip and Tear","Double Energy+1","J.A.X.+1","Hologram+1","Hologram+1","White Noise+1","Go for the Eyes+1","Buffer+1","Cold Snap+1","Redo+1","All For One+1","Redo+1","Darkness+1","Reprogram+1","Stack+1","Skim+1","Barrage+1","Hologram+1","Good Instincts+1","Undo+1","Beam Cell+1","Go for the Eyes+1","Leap+1","Leap+1"],"relics":["Cracked Core","NeowsBlessing","Pear","Toxic Egg 2","Darkstone Periapt","Mummified Hand","SsserpentHead","Ice Cream","Pandora\u0027s Box","Sling","Singing Bowl","MealTicket","Molten Egg 2","CaptainsWheel","Matryoshka","Nuclear Battery","Shuriken","Bottled Tornado","ClockworkSouvenir","Red Mask","Oddly Smooth Stone","Letter Opener"],"acts_visited":["Exordium","TheCity","TheBeyond","TheEnding"],"potions_floor_usage":[56],"damage_taken":[{"damage":0.0,"enemies":"2 Louse","floor":1.0,"turns":1.0},{"damage":0.0,"enemies":"Lagavulin","floor":7.0,"turns":1.0},{"damage":0.0,"enemies":"Gremlin Nob","floor":10.0,"turns":1.0},{"damage":10.0,"enemies":"Small Slimes","floor":12.0,"turns":2.0},{"damage":11.0,"enemies":"Lagavulin","floor":14.0,"turns":6.0},{"damage":10.0,"enemies":"Slime Boss","floor":16.0,"turns":8.0},{"damage":11.0,"enemies":"Shell Parasite","floor":18.0,"turns":4.0},{"damage":14.0,"enemies":"2 Thieves","floor":21.0,"turns":3.0},{"damage":8.0,"enemies":"Book of Stabbing","floor":23.0,"turns":4.0},{"damage":21.0,"enemies":"Cultist and Chosen","floor":28.0,"turns":8.0},{"damage":13.0,"enemies":"Colosseum Slavers","floor":29.0,"turns":2.0},{"damage":17.0,"enemies":"Colosseum Nobs","floor":29.0,"turns":3.0},{"damage":3.0,"enemies":"Snecko","floor":31.0,"turns":5.0},{"damage":3.0,"enemies":"Collector","floor":33.0,"turns":8.0},{"damage":4.0,"enemies":"Orb Walker","floor":35.0,"turns":2.0},{"damage":2.0,"enemies":"3 Shapes","floor":38.0,"turns":7.0},{"damage":3.0,"enemies":"Maw","floor":39.0,"turns":7.0},{"damage":32.0,"enemies":"Spire Growth","floor":41.0,"turns":6.0},{"damage":0.0,"enemies":"Nemesis","floor":42.0,"turns":7.0},{"damage":13.0,"enemies":"Reptomancer","floor":47.0,"turns":4.0},{"damage":3.0,"enemies":"Writhing Mass","floor":48.0,"turns":5.0},{"damage":24.0,"enemies":"Donu and Deca","floor":50.0,"turns":7.0},{"damage":24.0,"enemies":"Time Eater","floor":51.0,"turns":10.0},{"damage":29,"enemies":"Shield and Spear","floor":55,"turns":7},{"damage":81,"enemies":"The Heart","floor":56,"turns":8}],"seed_played":"5992224809856029547","potions_obtained":[{"floor":10.0,"key":"ColorlessPotion"},{"floor":12.0,"key":"LiquidMemories"},{"floor":16.0,"key":"Fire Potion"},{"floor":21.0,"key":"LiquidMemories"},{"floor":28.0,"key":"Swift Potion"},{"floor":29.0,"key":"Block Potion"},{"floor":37.0,"key":"Block Potion"},{"floor":37.0,"key":"EssenceOfDarkness"},{"floor":39.0,"key":"PotionOfCapacity"},{"floor":55,"key":"BlessingOfTheForge"}],"is_trial":false,"path_per_floor":["M","$","?","?","$","R","E","R","T","E","?","M","R","E","R","B",null,"M","?","?","M","$","E","R","?","T","R","M","?","R","M","R","B",null,"M","?","?","M","M","R","M","E","T","$","R","?","E","M","R","B","B",null,"R","$","E","B",null],"character_chosen":"DEFECT","items_purchased":["Capacitor","Cold Snap","Sling","Hologram+1","White Noise+1","Go for the Eyes","ClockworkSouvenir","Barrage+1","Hologram+1","Good Instincts+1","Swift Potion","Undo+1","Leap+1"],"campfire_rested":1,"item_purchase_floors":[2,5,22,22,22,22,44,44,44,44,44,44,54],"current_hp_per_floor":[64,64,69,61,61,61,61,61,61,61,61,51,51,40,40,30,72,68,68,68,61,61,60,60,66,66,66,55,35,35,42,69,76,88,92,92,92,92,92,92,60,70,70,85,85,85,82,89,89,75,71,87,87,92,83,12],"gold":50,"neow_bonus":"THREE_ENEMY_KILL","is_daily":false,"chose_seed":false,"campfire_upgraded":10,"win_rate":0.0,"timestamp":1609681593,"path_taken":["M","$","?","?","$","R","E","R","T","E","?","?","R","E","R","BOSS","M","?","?","M","$","E","R","?","T","R","?","?","R","M","R","BOSS","M","?","?","M","M","R","?","E","T","$","R","?","E","M","R","BOSS","BOSS","R","$","E","BOSS"],"items_purchased_type":["Card","Card","Relic","Card","Card","Card","Relic","Card","Card","Card","Potion","Card","Card"],"build_version":"2020-12-22","purchased_purges":1,"victory":true,"max_hp_per_floor":[71,71,76,86,86,86,86,86,86,86,86,86,86,86,86,86,86,86,86,86,86,86,86,86,92,92,92,92,92,92,92,92,92,92,92,92,92,92,92,92,92,92,92,92,92,92,92,92,92,92,92,92,92,92,92,92],"relic_stats":{"Darkstone Periapt":6,"SsserpentHead":500,"Singing Bowl":0,"counters":[25,126],"Mummified Hand":[218],"Shuriken":[17],"Pandora\u0027s Box":["Scrape","Scrape","Gash","Leap","White Noise","Self Repair","Lockon","Rip and Tear"],"MealTicket":20,"Letter Opener":[70],"obtain_stats":[{"Darkstone Periapt":9,"Ice Cream":14,"Pear":4,"NeowsBlessing":0,"Singing Bowl":23,"Oddly Smooth Stone":47,"Letter Opener":55,"Bottled Tornado":43,"Sling":22,"Nuclear Battery":34,"ClockworkSouvenir":44,"SsserpentHead":11,"CaptainsWheel":29,"Matryoshka":29,"Mummified Hand":10,"Shuriken":42,"Pandora\u0027s Box":17,"MealTicket":25,"Molten Egg 2":26,"Red Mask":46,"Toxic Egg 2":7,"Cracked Core":0},{"Darkstone Periapt":2,"Ice Cream":5,"Pear":1,"NeowsBlessing":0,"Singing Bowl":9,"Oddly Smooth Stone":20,"Letter Opener":24,"Bottled Tornado":19,"Sling":8,"Nuclear Battery":14,"ClockworkSouvenir":19,"SsserpentHead":3,"CaptainsWheel":12,"Matryoshka":12,"Mummified Hand":3,"Shuriken":19,"Pandora\u0027s Box":6,"MealTicket":9,"Molten Egg 2":9,"Red Mask":19,"Toxic Egg 2":2,"Cracked Core":0},{"Darkstone Periapt":2,"Ice Cream":11,"Pear":1,"NeowsBlessing":0,"Singing Bowl":30,"Oddly Smooth Stone":89,"Letter Opener":118,"Bottled Tornado":85,"Sling":26,"Nuclear Battery":56,"ClockworkSouvenir":85,"SsserpentHead":3,"CaptainsWheel":43,"Matryoshka":43,"Mummified Hand":3,"Shuriken":85,"Pandora\u0027s Box":19,"MealTicket":30,"Molten Egg 2":30,"Red Mask":85,"Toxic Egg 2":2,"Cracked Core":0}]},"card_choices":[{"not_picked":["Steam","Turbo"],"picked":"Doom and Gloom","floor":1.0},{"not_picked":["Loop","Rip and Tear"],"picked":"Creative AI","floor":7.0},{"not_picked":["Compile Driver","Fusion+1"],"picked":"Coolheaded+1","floor":10.0},{"not_picked":["Rebound","Multi-Cast+1"],"picked":"Conserve Battery+1","floor":12.0},{"not_picked":["Turbo+1","Rebound"],"picked":"Recycle+1","floor":14.0},{"not_picked":["Amplify+1","Machine Learning"],"picked":"Seek+1","floor":16.0},{"not_picked":["Go for the Eyes","Barrage"],"picked":"Double Energy+1","floor":18.0},{"not_picked":["Consume+1","Turbo+1"],"picked":"Hologram+1","floor":21.0},{"not_picked":["Storm","Stack+1"],"picked":"Buffer","floor":23.0},{"not_picked":["Hello World","Compile Driver+1"],"picked":"Cold Snap+1","floor":28.0},{"not_picked":["Sunder+1","Streamline+1"],"picked":"Redo+1","floor":29.0},{"not_picked":["Capacitor","Steam Power+1"],"picked":"Hologram+1","floor":31.0},{"not_picked":["Biased Cognition","Thunder Strike+1"],"picked":"All For One+1","floor":33.0},{"not_picked":["Steam Power+1","Tempest+1"],"picked":"Redo+1","floor":35.0},{"not_picked":["Sunder+1","Steam+1"],"picked":"Darkness+1","floor":38.0},{"not_picked":["Redo+1","Compile Driver+1"],"picked":"Reprogram+1","floor":39.0},{"not_picked":["Sweeping Beam+1","Recycle+1"],"picked":"Stack+1","floor":41.0},{"not_picked":["Cold Snap+1","Sunder+1"],"picked":"Skim+1","floor":42.0},{"not_picked":["Double Energy+1","Consume+1"],"picked":"Beam Cell+1","floor":47.0},{"not_picked":["Conserve Battery+1","Tempest+1"],"picked":"Go for the Eyes+1","floor":48.0},{"not_picked":["Capacitor","Genetic Algorithm+1"],"picked":"Leap+1","floor":55}],"player_experience":2453534,"relics_obtained":[{"floor":7.0,"key":"Toxic Egg 2"},{"floor":9.0,"key":"Darkstone Periapt"},{"floor":10.0,"key":"Mummified Hand"},{"floor":14.0,"key":"Ice Cream"},{"floor":23.0,"key":"Singing Bowl"},{"floor":26.0,"key":"Molten Egg 2"},{"floor":29.0,"key":"CaptainsWheel"},{"floor":29.0,"key":"Matryoshka"},{"floor":42.0,"key":"Shuriken"},{"floor":43.0,"key":"Bottled Tornado"},{"floor":47.0,"key":"Oddly Smooth Stone"},{"floor":55,"key":"Letter Opener"}],"event_choices":[{"damage_healed":0.0,"max_hp_gain":5.0,"max_hp_loss":0.0,"gold_gain":0.0,"event_name":"Big Fish","player_choice":"Donut","floor":3.0,"gold_loss":0.0,"damage_taken":0.0},{"damage_healed":0.0,"max_hp_gain":0.0,"max_hp_loss":0.0,"gold_gain":0.0,"event_name":"Scrap Ooze","player_choice":"Success","floor":4.0,"gold_loss":0.0,"damage_taken":18.0,"relics_obtained":["Pear"]},{"damage_healed":0.0,"max_hp_gain":0.0,"max_hp_loss":0.0,"gold_gain":0.0,"event_name":"FaceTrader","player_choice":"Trade","floor":11.0,"gold_loss":0.0,"damage_taken":0.0,"relics_obtained":["SsserpentHead"]},{"damage_healed":0.0,"max_hp_gain":0.0,"max_hp_loss":0.0,"gold_gain":0.0,"event_name":"Drug Dealer","player_choice":"Obtain J.A.X.","floor":19.0,"gold_loss":0.0,"damage_taken":0.0,"cards_obtained":["J.A.X."]},{"cards_removed":["Lockon"],"damage_healed":0.0,"max_hp_gain":0.0,"max_hp_loss":0.0,"gold_gain":0.0,"event_name":"Back to Basics","player_choice":"Elegance","floor":20.0,"gold_loss":0.0,"damage_taken":0.0},{"damage_healed":0.0,"max_hp_gain":0.0,"max_hp_loss":0.0,"gold_gain":0.0,"event_name":"The Mausoleum","player_choice":"Opened","floor":25.0,"gold_loss":0.0,"damage_taken":0.0,"relics_obtained":["MealTicket"],"cards_obtained":["Writhe"]},{"damage_healed":0.0,"max_hp_gain":0.0,"max_hp_loss":0.0,"gold_gain":0.0,"event_name":"Colosseum","player_choice":"Fight","floor":29.0,"gold_loss":0.0,"damage_taken":0.0},{"damage_healed":0.0,"max_hp_gain":0.0,"max_hp_loss":0.0,"gold_gain":0.0,"event_name":"Colosseum","player_choice":"Fought Nobs","floor":29.0,"gold_loss":0.0,"damage_taken":0.0},{"cards_removed":["Hologram"],"damage_healed":0.0,"max_hp_gain":0.0,"max_hp_loss":0.0,"gold_gain":0.0,"event_name":"Falling","player_choice":"Removed Skill","floor":36.0,"gold_loss":0.0,"damage_taken":0.0},{"damage_healed":0.0,"max_hp_gain":0.0,"max_hp_loss":0.0,"gold_gain":0.0,"event_name":"Lab","player_choice":"Got Potions","floor":37.0,"gold_loss":0.0,"damage_taken":0.0},{"damage_healed":0.0,"max_hp_gain":0.0,"max_hp_loss":0.0,"gold_gain":0.0,"event_name":"Tomb of Lord Red Mask","player_choice":"Paid","floor":46.0,"gold_loss":176.0,"damage_taken":0.0,"relics_obtained":["Red Mask"]}],"is_beta":false,"boss_relics":[{"not_picked":["FrozenCore","Runic Pyramid"],"picked":"Pandora\u0027s Box"},{"not_picked":["Empty Cage","Philosopher\u0027s Stone"],"picked":"Nuclear Battery"}],"items_purged_floors":[44],"is_endless":false,"potions_floor_spawned":[10,12,16,21,28,29,39,42,47,55],"ascension_level":20}}