{"host":"am0cr9xwekqmrere","time":1609658673,"event":{"mods":["AchievementEnabler","Act Like it!","BaseMod","Better Altar","Better Match","Better Note","Better Sensory Stone","Better Skull","Better Third Choice","BetterRewards","Conspire","Hubris","Infinite Spire","Minty Spire (QoL Compilation)","Rare Cards Sparkle","Spicy Shops","StSLib","The Marked","Unceasing Turn Reminder"],"gold_per_floor":[109,109,109,28,48,80,95,124,196,149,149,149,159,185,185,283,283,301,301,316,336,336,336,336],"floor_reached":23,"playtime":725,"items_purged":[],"score":209,"play_id":"9e9e10e3-2a99-4d62-b4ff-9e4bc7282907","local_time":"20210103012433","is_ascension_mode":false,"campfire_choices":[{"floor":12,"key":"REST"},{"floor":15,"key":"REST"}],"circlet_count":0,"master_deck":["theMarked:Strike","theMarked:Strike","theMarked:Strike","theMarked:Defend","theMarked:Defend","theMarked:Defend","theMarked:Defend","theMarked:SoldierOfQuellstein","theMarked:WardOff","theMarked:ComboAttacks","theMarked:Seal","theMarked:Abjuration","theMarked:WardOff","theMarked:Parry","theMarked:ReduceFriction","theMarked:ParalyzingBlade","theMarked:SuspiciousRaven","theMarked:SwordAndMagic","theMarked:EmpowerWeapon","theMarked:ContemptForTheProud","Machine Learning"],"relics":["theMarked:ArtifactOfAir","infinitespire:Joker Card","hubris:OldNail","Ancient Tea Set","Bottled Flame","infinitespire:Lychee Nut","hubris:Stopwatch","Black Star","Bird Faced Urn"],"acts_visited":["Exordium","TheCity"],"potions_floor_usage":[0,6,16,23],"damage_taken":[{"damage":2,"enemies":"2 Louse","floor":1,"turns":4},{"damage":7,"enemies":"Jaw Worm","floor":5,"turns":4},{"damage":27,"enemies":"Lagavulin","floor":6,"turns":6},{"damage":0,"enemies":"Cultist","floor":7,"turns":2},{"damage":18,"enemies":"3 Sentries","floor":8,"turns":10},{"damage":0,"enemies":"3 Louse","floor":13,"turns":3},{"damage":13,"enemies":"Lagavulin","floor":14,"turns":6},{"damage":20,"enemies":"Slime Boss","floor":16,"turns":8},{"damage":17,"enemies":"2 Thieves","floor":18,"turns":4},{"damage":5,"enemies":"Chosen","floor":20,"turns":3},{"damage":25,"enemies":"Snecko","floor":21,"turns":5},{"damage":68,"enemies":"Nightmare","floor":23,"turns":7}],"seed_played":"6641430576057204705","potions_obtained":[{"floor":0,"key":"Regen Potion"},{"floor":0,"key":"Fruit Juice"},{"floor":0,"key":"theMarked:ChargePotion"},{"floor":1,"key":"GamblersBrew"},{"floor":14,"key":"LiquidMemories"},{"floor":16,"key":"Dexterity Potion"},{"floor":20,"key":"theMarked:ChargePotion"},{"floor":21,"key":"FairyPotion"}],"is_trial":false,"path_per_floor":["M","?","?","$","M","E","M","E","T","?","?","R","M","E","R","B",null,"M","AVR","M","M","?","NM"],"character_chosen":"THE_DEFAULT","items_purchased":["theMarked:ComboAttacks"],"campfire_rested":2,"item_purchase_floors":[4],"current_hp_per_floor":[73,66,66,66,59,32,32,14,14,14,14,36,36,23,39,25,56,42,42,44,25,25,0,0],"gold":336,"neow_bonus":"THREE_SMALL_POTIONS","is_daily":false,"chose_seed":false,"campfire_upgraded":0,"win_rate":0.0,"timestamp":1609658673,"path_taken":["M","?","?","$","M","E","?","E","T","?","?","R","M","E","R","BOSS","M","AVR","?","M","?","NM"],"items_purchased_type":["Card"],"build_version":"2020-12-22","purchased_purges":0,"victory":false,"max_hp_per_floor":[75,75,75,75,75,75,75,75,75,75,75,75,75,56,56,56,56,56,56,56,56,56,56,56],"card_choices":[{"not_picked":["theMarked:Electrocute","theMarked:Parry"],"picked":"theMarked:WardOff","floor":1},{"not_picked":["theMarked:SwordAndMagic","theMarked:KeepCalmAndFightOn"],"picked":"theMarked:Seal","floor":5},{"not_picked":["theMarked:ResourceFulStrike","theMarked:Static"],"picked":"theMarked:Abjuration","floor":6},{"not_picked":["theMarked:Reabsorb","theMarked:Electrify"],"picked":"theMarked:WardOff","floor":7},{"not_picked":["theMarked:WastefulDefense","theMarked:Indomitable"],"picked":"theMarked:Parry","floor":8},{"not_picked":["theMarked:ContemptForTheProud","theMarked:Frustration"],"picked":"theMarked:ParalyzingBlade","floor":13},{"not_picked":["theMarked:Parry","theMarked:ReduceFriction","theMarked:ChainLightning"],"picked":"SKIP","floor":14},{"not_picked":["theMarked:FavorableWinds","theMarked:UnarmedFury"],"picked":"theMarked:SuspiciousRaven","floor":16},{"not_picked":["theMarked:RepellingDischarge","theMarked:ReduceFriction"],"picked":"theMarked:SwordAndMagic","floor":18},{"not_picked":["theMarked:BanishingStrike","theMarked:SwordAndMagic"],"picked":"theMarked:EmpowerWeapon","floor":20},{"not_picked":["theMarked:KeepCalmAndFightOn+1","theMarked:ComboAttacks"],"picked":"theMarked:ContemptForTheProud","floor":21}],"player_experience":2590099,"relics_obtained":[{"floor":6,"key":"hubris:OldNail"},{"floor":8,"key":"Ancient Tea Set"},{"floor":9,"key":"Bottled Flame"},{"floor":14,"key":"infinitespire:Lychee Nut"}],"event_choices":[{"cards_removed":["theMarked:Strike"],"damage_healed":0,"gold_gain":0,"player_choice":"Card Removal","damage_taken":7,"max_hp_gain":0,"max_hp_loss":0,"event_name":"Golden Wing","floor":2,"gold_loss":0},{"damage_healed":0,"gold_gain":0,"player_choice":"Gave Potion","damage_taken":0,"relics_obtained":["infinitespire:Joker Card"],"max_hp_gain":0,"max_hp_loss":0,"event_name":"WeMeetAgain","floor":3,"gold_loss":0},{"damage_healed":0,"gold_gain":0,"player_choice":"Left","damage_taken":0,"max_hp_gain":0,"max_hp_loss":0,"event_name":"betterThird:BetterGoop","floor":10,"gold_loss":47},{"damage_healed":0,"gold_gain":0,"cards_transformed":["theMarked:Strike"],"player_choice":"Transformed","damage_taken":0,"max_hp_gain":0,"max_hp_loss":0,"event_name":"Transmorgrifier","floor":11,"gold_loss":0,"cards_obtained":["theMarked:ReduceFriction"]},{"cards_removed":["theMarked:SuspiciousRaven"],"damage_healed":0,"gold_gain":0,"player_choice":"Take \u0026 Give","damage_taken":0,"max_hp_gain":0,"max_hp_loss":0,"event_name":"betterNote:BetterNote","floor":22,"gold_loss":0,"cards_obtained":["Machine Learning"]}],"is_beta":false,"boss_relics":[{"not_picked":["Sozu","conspire:SlowCooker"],"picked":"hubris:Stopwatch"}],"items_purged_floors":[],"is_endless":false,"potions_floor_spawned":[1,14,16,20,21],"killed_by":"Nightmare","ascension_level":0}}