{"host":"y89x8uui45kcjy42","time":1609681221,"event":{"mods":["2.2 Compatiblity","BaseMod","CapriCore","Colored Map","Colored Powertips","Custom Start","Friendly Minions","Keyboard Shortcuts","Minty Spire (QoL Compilation)","Relic Stats","Slay the Relics Exporter","StSLib","SuperFastMode"],"gold_per_floor":[112,122,122,134,153,78,96,96,121,121,121,121],"floor_reached":11,"playtime":155,"items_purged":[],"score":130,"play_id":"81dee980-0c41-4290-a450-d8f259fdb076","local_time":"20210103224021","is_ascension_mode":true,"campfire_choices":[{"data":"Eruption","floor":8,"key":"SMITH"},{"data":"CrushJoints","floor":10,"key":"SMITH"}],"circlet_count":0,"master_deck":["AscendersBane","Strike_P","Strike_P","Strike_P","Defend_P","Defend_P","Defend_P","Defend_P+1","Eruption+1","Vigilance","FearNoEvil+1","CrushJoints+1","Prostrate","Tantrum","Devotion"],"relics":["PureWater","NeowsBlessing","Lantern"],"acts_visited":["Exordium"],"potions_floor_usage":[],"damage_taken":[{"damage":0,"enemies":"Small Slimes","floor":1,"turns":1},{"damage":0,"enemies":"2 Louse","floor":2,"turns":1},{"damage":0,"enemies":"Jaw Worm","floor":4,"turns":1},{"damage":5,"enemies":"Looter","floor":5,"turns":3},{"damage":25,"enemies":"3 Louse","floor":7,"turns":3},{"damage":12,"enemies":"Lagavulin","floor":11,"turns":4}],"seed_played":"1443499617016327367","potions_obtained":[{"floor":5,"key":"Fire Potion"},{"floor":7,"key":"Explosive Potion"}],"is_trial":false,"path_per_floor":["M","M","?","M","M","?","M","R","T","R","E"],"character_chosen":"WATCHER","items_purchased":[],"campfire_rested":0,"item_purchase_floors":[],"current_hp_per_floor":[61,61,41,41,36,36,11,11,11,11,0,0],"gold":121,"neow_bonus":"THREE_ENEMY_KILL","is_daily":false,"chose_seed":false,"campfire_upgraded":2,"win_rate":0.0,"timestamp":1609681221,"path_taken":["M","M","?","M","M","?","M","R","T","R","E"],"items_purchased_type":[],"build_version":"2020-12-22","purchased_purges":0,"victory":false,"max_hp_per_floor":[68,68,68,68,68,68,68,68,68,68,68,68],"relic_stats":{"counters":[6,13],"obtain_stats":[{"Lantern":9,"NeowsBlessing":0,"PureWater":0},{"Lantern":5,"NeowsBlessing":0,"PureWater":0},{"Lantern":9,"NeowsBlessing":0,"PureWater":0}]},"card_choices":[{"not_picked":["FlyingSleeves","Protect"],"picked":"FearNoEvil","floor":1},{"not_picked":["BattleHymn","Crescendo"],"picked":"CrushJoints","floor":2},{"not_picked":["SashWhip","CutThroughFate"],"picked":"Prostrate","floor":4},{"not_picked":["ClearTheMind","FlyingSleeves"],"picked":"Tantrum","floor":5},{"not_picked":["CrushJoints","WaveOfTheHand"],"picked":"Devotion","floor":7}],"player_experience":548951,"relics_obtained":[{"floor":9,"key":"Lantern"}],"event_choices":[{"damage_healed":0,"gold_gain":0,"player_choice":"Entered Light","damage_taken":20,"max_hp_gain":0,"max_hp_loss":0,"event_name":"Shining Light","floor":3,"gold_loss":0,"cards_upgraded":["FearNoEvil","Defend_P"]},{"cards_removed":["Strike_P"],"damage_healed":0,"gold_gain":0,"player_choice":"Card Removal","damage_taken":0,"max_hp_gain":0,"max_hp_loss":0,"event_name":"The Cleric","floor":6,"gold_loss":75}],"is_beta":false,"boss_relics":[],"items_purged_floors":[],"is_endless":false,"potions_floor_spawned":[5,7],"killed_by":"Lagavulin","ascension_level":20}}