{"host":"2461dio7vetlq1z3","time":1609686613,"event":{"mods":["2.2 Compatiblity","AchievementEnabler","Aspiration","BaseMod","Better Third Choice","Friendly Minions","Minty Spire (QoL Compilation)","Relic Stats","Spicy Shops","StSLib","Waifu the Spire"],"gold_per_floor":[118,135,155,155,172,203,203,229,229,229,229],"floor_reached":10,"playtime":413,"items_purged":[],"score":156,"play_id":"8be1c8ae-5923-4930-88df-3a847aaaec69","local_time":"20210103161013","is_ascension_mode":true,"campfire_choices":[{"data":"Neutralize","floor":7,"key":"SMITH"}],"circlet_count":0,"master_deck":["AscendersBane","Strike_G","Strike_G","Strike_G","Strike_G","Strike_G","Defend_G","Defend_G","Defend_G","Defend_G","Defend_G","Survivor","Neutralize+1","Footwork","Poisoned Stab","Blade Dance","Footwork"],"relics":["Busted Crown","Mummified Hand","Matryoshka","aspiration:FrozenJewel","Happy Flower","Molten Egg 2"],"acts_visited":["Exordium"],"potions_floor_usage":[6,8],"damage_taken":[{"damage":3,"enemies":"Cultist","floor":1,"turns":5},{"damage":3,"enemies":"Small Slimes","floor":2,"turns":5},{"damage":0,"enemies":"2 Louse","floor":3,"turns":3},{"damage":4,"enemies":"Exordium Thugs","floor":5,"turns":6},{"damage":22,"enemies":"3 Sentries","floor":6,"turns":12},{"damage":3,"enemies":"Lagavulin","floor":8,"turns":8},{"damage":28,"enemies":"3 Sentries","floor":10,"turns":6}],"seed_played":"98116183270091104","potions_obtained":[{"floor":1,"key":"SpeedPotion"},{"floor":6,"key":"Strength Potion"}],"is_trial":false,"path_per_floor":["M","M","M","T","M","E","R","E","T","E"],"character_chosen":"THE_SILENT","items_purchased":[],"campfire_rested":0,"item_purchase_floors":[],"current_hp_per_floor":[56,53,53,53,49,27,27,24,24,0,0],"gold":229,"neow_bonus":"BOSS_RELIC","is_daily":false,"chose_seed":false,"campfire_upgraded":1,"win_rate":0.0,"timestamp":1609686613,"path_taken":["M","M","M","?","M","E","R","E","T","E"],"items_purchased_type":[],"build_version":"2020-12-22","purchased_purges":0,"victory":false,"max_hp_per_floor":[66,66,66,66,66,66,66,66,66,66,66],"relic_stats":{"Busted Crown":12,"Happy Flower":[2],"counters":[7,45],"Mummified Hand":[4],"obtain_stats":[{"Busted Crown":0,"Matryoshka":6,"Happy Flower":9,"Mummified Hand":4,"Molten Egg 2":9,"aspiration:FrozenJewel":8,"Ring of the Snake":0},{"Busted Crown":0,"Matryoshka":5,"Happy Flower":6,"Mummified Hand":3,"Molten Egg 2":6,"aspiration:FrozenJewel":6,"Ring of the Snake":0},{"Busted Crown":0,"Matryoshka":31,"Happy Flower":39,"Mummified Hand":13,"Molten Egg 2":39,"aspiration:FrozenJewel":39,"Ring of the Snake":0}]},"card_choices":[{"not_picked":[],"picked":"Footwork","floor":1},{"not_picked":["Prepared"],"picked":"SKIP","floor":2},{"not_picked":[],"picked":"Poisoned Stab","floor":3},{"not_picked":[],"picked":"Blade Dance","floor":5},{"not_picked":["Tactician"],"picked":"SKIP","floor":6},{"not_picked":["Tactician"],"picked":"SKIP","floor":6},{"not_picked":[],"picked":"Footwork","floor":8}],"player_experience":1037568,"relics_obtained":[{"floor":4,"key":"Mummified Hand"},{"floor":6,"key":"Matryoshka"},{"floor":8,"key":"aspiration:FrozenJewel"},{"floor":9,"key":"Happy Flower"},{"floor":9,"key":"Molten Egg 2"}],"event_choices":[],"is_beta":false,"boss_relics":[],"items_purged_floors":[],"is_endless":false,"potions_floor_spawned":[1,6],"killed_by":"3 Sentries","ascension_level":20}}