{"host":"tl8jdqk9pnwb74j1","time":1609686264,"event":{"mods":["BaseMod","BetterRewards","Custom Start","Minty Spire (QoL Compilation)","Shop Mod","StSLib","SuperFastMode"],"gold_per_floor":[113,113,288,288,303,303,331,36,61,61,61,73,73,101,101,196,196,209,209,259,278,296,296,306,306,306,319,4,20,38,51,51,51,51],"floor_reached":33,"playtime":952,"items_purged":["Strike_R","Bash"],"score":282,"play_id":"10541bda-8666-449d-84ad-ca6909a25361","local_time":"20210103230424","is_ascension_mode":false,"campfire_choices":[{"data":"Wild Strike","floor":6.0,"key":"SMITH"},{"data":"Body Slam","floor":11.0,"key":"SMITH"},{"data":"Berserk","floor":15.0,"key":"SMITH"},{"data":"Shockwave","floor":23,"key":"SMITH"},{"data":"True Grit","floor":25,"key":"SMITH"},{"data":"Impervious","floor":32,"key":"SMITH"}],"circlet_count":0,"master_deck":["Strike_R+1","Defend_R","Defend_R+1","Defend_R+1","Defend_R+1","Wild Strike+1","Battle Trance+1","Body Slam+1","Immolate","Shrug It Off","Berserk+1","Double Tap","Shockwave+1","True Grit+1","Armaments+1","Rage","Impervious+1","Body Slam+1","Shrug It Off+1"],"relics":["Burning Blood","NeowsBlessing","Gremlin Horn","MerchantsRug","Eternal Feather","Molten Egg 2","Membership Card","Sundial"],"acts_visited":["Exordium","TheCity"],"potions_floor_usage":[],"damage_taken":[{"damage":0.0,"enemies":"2 Louse","floor":1.0,"turns":1.0},{"damage":0.0,"enemies":"Jaw Worm","floor":5.0,"turns":1.0},{"damage":0.0,"enemies":"3 Sentries","floor":7.0,"turns":1.0},{"damage":0.0,"enemies":"Small Slimes","floor":12.0,"turns":2.0},{"damage":20.0,"enemies":"Lagavulin","floor":14.0,"turns":4.0},{"damage":42.0,"enemies":"The Guardian","floor":16.0,"turns":11.0},{"damage":11.0,"enemies":"3 Byrds","floor":18.0,"turns":4.0},{"damage":8,"enemies":"Shell Parasite","floor":21,"turns":3},{"damage":25,"enemies":"Sentry and Sphere","floor":22,"turns":6},{"damage":10,"enemies":"Snecko","floor":24,"turns":6},{"damage":5,"enemies":"Shelled Parasite and Fungi","floor":27,"turns":6},{"damage":10,"enemies":"Centurion and Healer","floor":29,"turns":5},{"damage":23,"enemies":"Sentry and Sphere","floor":30,"turns":6},{"damage":6,"enemies":"Snecko","floor":31,"turns":6},{"damage":63,"enemies":"Automaton","floor":33,"turns":10}],"seed_played":"-7212278094117918173","potions_obtained":[{"floor":12.0,"key":"Energy Potion"},{"floor":16.0,"key":"Block Potion"},{"floor":18.0,"key":"Weak Potion"},{"floor":29,"key":"SteroidPotion"}],"is_trial":false,"path_per_floor":["M","?","?","?","M","R","E","$","T","$","R","M","?","E","R","B",null,"M","?","?","M","M","R","M","R","T","M","$","M","M","M","R","B"],"character_chosen":"IRONCLAD","items_purchased":["Immolate","MerchantsRug","Membership Card","Sundial","Impervious"],"campfire_rested":0,"item_purchase_floors":[8,8,28,28,28],"current_hp_per_floor":[80,64,64,57,63,63,69,69,69,69,69,75,75,61,70,34,80,75,75,75,73,54,63,59,68,68,69,69,65,48,48,57,0,0],"gold":51,"neow_bonus":"THREE_ENEMY_KILL","is_daily":false,"chose_seed":false,"campfire_upgraded":6,"win_rate":0.0,"timestamp":1609686264,"path_taken":["M","?","?","?","M","R","E","$","T","$","R","M","?","E","R","BOSS","M","?","?","M","M","R","M","R","T","M","$","?","M","M","R","BOSS"],"items_purchased_type":["Card","Relic","Relic","Relic","Card"],"build_version":"2020-12-22","purchased_purges":2,"victory":false,"max_hp_per_floor":[80,80,80,80,80,80,80,80,80,80,80,80,80,80,80,80,80,80,80,80,80,80,80,80,80,80,80,80,80,80,80,80,80,80],"card_choices":[{"not_picked":["Thunderclap","Combust"],"picked":"Wild Strike","floor":1.0},{"not_picked":["Cleave","Anger"],"picked":"Battle Trance","floor":5.0},{"not_picked":["Feed","Shrug It Off"],"picked":"Body Slam","floor":7.0},{"not_picked":["Body Slam","Infernal Blade"],"picked":"Shrug It Off","floor":12.0},{"not_picked":["Dark Embrace","Body Slam"],"picked":"Berserk","floor":14.0},{"not_picked":["Feed","Corruption"],"picked":"Double Tap","floor":16.0},{"not_picked":["Twin Strike","Reckless Charge+1"],"picked":"Shockwave","floor":18.0},{"not_picked":["Blood for Blood+1","Flex+1"],"picked":"True Grit","floor":21},{"not_picked":["Reckless Charge","Carnage"],"picked":"Armaments+1","floor":22},{"not_picked":["Inflame","Anger","Searing Blow+1"],"picked":"SKIP","floor":24},{"not_picked":["Thunderclap+1","Headbutt+1"],"picked":"Rage","floor":27},{"not_picked":["Bloodletting","Twin Strike+1"],"picked":"Body Slam+1","floor":29},{"not_picked":["Iron Wave+1","Clothesline+1"],"picked":"Shrug It Off+1","floor":30},{"not_picked":["Iron Wave+1","Heavy Blade+1","Warcry"],"picked":"SKIP","floor":31}],"player_experience":969752,"relics_obtained":[{"floor":7.0,"key":"Gremlin Horn"},{"floor":9.0,"key":"War Paint"},{"floor":14.0,"key":"Eternal Feather"},{"floor":26,"key":"Molten Egg 2"}],"event_choices":[{"damage_healed":0.0,"max_hp_gain":0.0,"max_hp_loss":0.0,"gold_gain":0.0,"event_name":"Shining Light","player_choice":"Entered Light","floor":2.0,"gold_loss":0.0,"damage_taken":16.0,"cards_upgraded":["Defend_R","Strike_R"]},{"damage_healed":0.0,"max_hp_gain":0.0,"max_hp_loss":0.0,"gold_gain":175.0,"event_name":"Liars Game","player_choice":"AGREE","floor":3.0,"gold_loss":0.0,"damage_taken":0.0,"cards_obtained":["Doubt"]},{"cards_removed":["Doubt"],"damage_healed":0.0,"max_hp_gain":0.0,"max_hp_loss":0.0,"gold_gain":0.0,"event_name":"Golden Wing","player_choice":"Card Removal","floor":4.0,"gold_loss":0.0,"damage_taken":7.0},{"damage_healed":0.0,"max_hp_gain":0.0,"max_hp_loss":0.0,"gold_gain":0.0,"event_name":"Accursed Blacksmith","player_choice":"Forge","floor":13.0,"gold_loss":0.0,"damage_taken":0.0,"cards_upgraded":["Battle Trance"]},{"cards_removed":["Strike_R"],"damage_healed":0.0,"max_hp_gain":0.0,"max_hp_loss":0.0,"gold_gain":0.0,"event_name":"Back to Basics","player_choice":"Elegance","floor":19.0,"gold_loss":0.0,"damage_taken":0.0},{"damage_healed":0.0,"max_hp_gain":0.0,"max_hp_loss":0.0,"gold_gain":100.0,"event_name":"The Joust","player_choice":"Bet on Murderer","floor":20.0,"gold_loss":50.0,"damage_taken":0.0}],"is_beta":false,"boss_relics":[{"not_picked":["Fusion Hammer","Ectoplasm"],"picked":"Empty Cage"}],"items_purged_floors":[8,28],"is_endless":false,"potions_floor_spawned":[12,16,18,24,29],"killed_by":"Automaton","ascension_level":0}}