{"host":"zes78fzwct0uoxij","time":1609709675,"event":{"mods":["BaseMod","Colored Map","Highlight Path","Minty Spire (QoL Compilation)"],"gold_per_floor":[114,131,148,168,182,217,217,246,269,269,269,287,8,26,26,125,125,135,149,169,122,141,176,176,176,201,212,224,224,38,38,38,143,143,157,157,157,169,219,219,219],"floor_reached":40,"playtime":2756,"items_purged":[],"score":420,"play_id":"5c83b456-ab1b-41aa-8870-66b292e162f3","local_time":"20210103223435","is_ascension_mode":false,"campfire_choices":[{"floor":7,"key":"REST"},{"data":"Dual Wield","floor":15,"key":"SMITH"},{"floor":24,"key":"REST"},{"floor":29,"key":"REST"},{"floor":32,"key":"REST"}],"circlet_count":0,"master_deck":["Strike_R","Strike_R","Strike_R","Strike_R","Strike_R","Defend_R+1","Cleave","Battle Trance","Flame Barrier","Perfected Strike","Twin Strike+1","Pommel Strike","Ghostly Armor","Disarm","Wild Strike","Pommel Strike","Shrug It Off","Dual Wield+1","Cleave+1","Twin Strike+1","Body Slam+1","Armaments","Swift Strike","Iron Wave+1","Body Slam+1","Twin Strike","Apotheosis","Spot Weakness","Shrug It Off+1"],"relics":["Burning Blood","Happy Flower","Lantern","MealTicket","Bronze Scales","Membership Card","Juzu Bracelet","Astrolabe","Akabeko","Smiling Mask","Nunchaku","MutagenicStrength","Busted Crown","Dead Branch"],"acts_visited":["Exordium","TheCity","TheBeyond"],"potions_floor_usage":[23,30,33,33,40],"damage_taken":[{"damage":1,"enemies":"Cultist","floor":1,"turns":3},{"damage":5,"enemies":"Jaw Worm","floor":2,"turns":4},{"damage":0,"enemies":"Small Slimes","floor":3,"turns":2},{"damage":23,"enemies":"Exordium Thugs","floor":4,"turns":7},{"damage":1,"enemies":"2 Fungi Beasts","floor":5,"turns":4},{"damage":12,"enemies":"3 Sentries","floor":6,"turns":7},{"damage":10,"enemies":"Lagavulin","floor":8,"turns":6},{"damage":1,"enemies":"3 Louse","floor":12,"turns":2},{"damage":0,"enemies":"Looter","floor":14,"turns":2},{"damage":25,"enemies":"Slime Boss","floor":16,"turns":8},{"damage":12,"enemies":"2 Thieves","floor":18,"turns":3},{"damage":7,"enemies":"Spheric Guardian","floor":19,"turns":4},{"damage":18,"enemies":"Chosen and Byrds","floor":20,"turns":5},{"damage":14,"enemies":"Cultist and Chosen","floor":22,"turns":6},{"damage":37,"enemies":"Gremlin Leader","floor":23,"turns":12},{"damage":23,"enemies":"Centurion and Healer","floor":27,"turns":4},{"damage":13,"enemies":"3 Cultists","floor":28,"turns":5},{"damage":45,"enemies":"Champ","floor":33,"turns":12},{"damage":0,"enemies":"Orb Walker","floor":35,"turns":2},{"damage":23,"enemies":"3 Darklings","floor":38,"turns":4},{"damage":9,"enemies":"Mind Bloom Boss Battle","floor":39,"turns":6},{"damage":69,"enemies":"Giant Head","floor":40,"turns":7}],"seed_played":"-2980179980184902122","potions_obtained":[{"floor":3,"key":"ColorlessPotion"},{"floor":4,"key":"Strength Potion"},{"floor":5,"key":"Swift Potion"},{"floor":27,"key":"LiquidBronze"},{"floor":28,"key":"BloodPotion"},{"floor":35,"key":"BlessingOfTheForge"},{"floor":38,"key":"FearPotion"}],"is_trial":false,"path_per_floor":["M","M","M","M","M","E","R","E","T","?","?","M","$","M","R","B",null,"M","M","M","$","M","E","R","?","T","M","M","R","$","?","R","B",null,"M","?","?","M","?","E"],"character_chosen":"IRONCLAD","items_purchased":["Membership Card","Pommel Strike","Shrug It Off","Juzu Bracelet","Swift Strike","Apotheosis","Nunchaku","Explosive Potion"],"campfire_rested":4,"item_purchase_floors":[13,13,13,13,21,30,30,30],"current_hp_per_floor":[80,80,80,63,68,62,80,76,76,60,60,65,80,80,80,61,80,74,73,61,76,68,37,61,46,46,29,22,47,79,79,85,46,85,85,85,85,68,65,0,0],"gold":219,"neow_bonus":"RANDOM_COMMON_RELIC","is_daily":false,"chose_seed":false,"campfire_upgraded":1,"win_rate":0.0,"timestamp":1609709675,"path_taken":["M","?","M","M","M","E","R","E","T","?","?","M","$","M","R","BOSS","M","M","M","$","M","E","R","?","T","M","M","R","$","?","R","BOSS","M","?","?","M","?","E"],"items_purchased_type":["Relic","Card","Card","Relic","Card","Card","Relic","Potion"],"build_version":"2020-12-22","purchased_purges":0,"victory":false,"max_hp_per_floor":[80,80,80,80,80,80,80,80,80,80,80,80,80,80,80,80,80,80,80,80,80,80,80,80,85,85,85,85,85,85,85,85,85,85,85,85,85,85,85,85,85],"card_choices":[{"not_picked":["Twin Strike","Bloodletting"],"picked":"Cleave","floor":1},{"not_picked":["Clash","Combust"],"picked":"Battle Trance","floor":2},{"not_picked":["Warcry","Clothesline"],"picked":"Flame Barrier","floor":3},{"not_picked":["Sever Soul","Evolve"],"picked":"Perfected Strike","floor":4},{"not_picked":["Bloodletting","Impervious"],"picked":"Twin Strike","floor":5},{"not_picked":["Sword Boomerang","Rage"],"picked":"Pommel Strike","floor":6},{"not_picked":["Iron Wave","Headbutt"],"picked":"Ghostly Armor","floor":8},{"not_picked":["Body Slam","Rampage"],"picked":"Wild Strike","floor":12},{"not_picked":["Dark Embrace","Infernal Blade"],"picked":"Dual Wield","floor":14},{"not_picked":["Havoc","Entrench"],"picked":"Armaments","floor":18},{"not_picked":["Warcry","Sword Boomerang","Heavy Blade+1"],"picked":"SKIP","floor":19},{"not_picked":["Body Slam","Flex","Thunderclap"],"picked":"SKIP","floor":20},{"not_picked":["Exhume","Headbutt+1","True Grit"],"picked":"SKIP","floor":22},{"not_picked":["Warcry","Power Through"],"picked":"Iron Wave+1","floor":23},{"not_picked":["Rampage","Warcry"],"picked":"Body Slam+1","floor":27},{"not_picked":["Sentinel+1","Iron Wave"],"picked":"Twin Strike","floor":28},{"not_picked":[],"picked":"Spot Weakness","floor":35},{"not_picked":[],"picked":"Shrug It Off+1","floor":38}],"player_experience":589263,"relics_obtained":[{"floor":6,"key":"Lantern"},{"floor":8,"key":"MealTicket"},{"floor":9,"key":"Bronze Scales"},{"floor":23,"key":"Akabeko"},{"floor":26,"key":"Smiling Mask"},{"floor":39,"key":"Dead Branch"}],"event_choices":[{"damage_healed":0,"gold_gain":0,"player_choice":"Entered Light","damage_taken":16,"max_hp_gain":0,"max_hp_loss":0,"event_name":"Shining Light","floor":10,"gold_loss":0,"cards_upgraded":["Defend_R","Twin Strike"]},{"damage_healed":0,"gold_gain":0,"cards_transformed":["Bash"],"player_choice":"Transformed","damage_taken":0,"max_hp_gain":0,"max_hp_loss":0,"event_name":"Transmorgrifier","floor":11,"gold_loss":0,"cards_obtained":["Disarm"]},{"damage_healed":0,"gold_gain":0,"player_choice":"Shed Blood","damage_taken":20,"max_hp_gain":5,"max_hp_loss":0,"event_name":"Forgotten Altar","floor":25,"gold_loss":0},{"damage_healed":0,"gold_gain":0,"player_choice":"Inject Mutagens","damage_taken":0,"relics_obtained":["MutagenicStrength"],"max_hp_gain":0,"max_hp_loss":0,"event_name":"Drug Dealer","floor":31,"gold_loss":0},{"damage_healed":0,"gold_gain":0,"player_choice":"Ignored","damage_taken":0,"max_hp_gain":0,"max_hp_loss":0,"event_name":"Tomb of Lord Red Mask","floor":36,"gold_loss":0},{"damage_healed":0,"gold_gain":0,"player_choice":"Ignored","damage_taken":0,"max_hp_gain":0,"max_hp_loss":0,"event_name":"Mysterious Sphere","floor":37,"gold_loss":0},{"damage_healed":0,"gold_gain":0,"player_choice":"Fight","damage_taken":0,"max_hp_gain":0,"max_hp_loss":0,"event_name":"MindBloom","floor":39,"gold_loss":0}],"is_beta":false,"boss_relics":[{"not_picked":["Snecko Eye","Cursed Key"],"picked":"Astrolabe"},{"not_picked":["Sozu","Coffee Dripper"],"picked":"Busted Crown"}],"items_purged_floors":[],"is_endless":false,"potions_floor_spawned":[3,4,5,8,14,20,27,28,35,38,39],"killed_by":"Giant Head","ascension_level":0}}