{"host":"l60rmjjsfi0fipmi","time":1609645378,"event":{"mods":["BaseMod","Colored Map","DeckTracker","Highlight Path","Minty Spire (QoL Compilation)"],"gold_per_floor":[109,126,142,27,0,20,38,38,38,68,68,80,80,29,29,125,125,136,163,163,163,163,163,63,63,63,89,75,75,75,92,92,187,187,206,226,82,99,109,159,176,176,222,222,232,246,246,280,280,280],"floor_reached":51,"playtime":6616,"items_purged":["Defend_B","Strike_B"],"score":697,"play_id":"d3621eef-f25c-4572-b79b-2fc944f3fb87","local_time":"20210102224258","is_ascension_mode":false,"campfire_choices":[{"data":"Zap","floor":8,"key":"SMITH"},{"data":"Hologram","floor":11,"key":"SMITH"},{"data":"Echo Form","floor":13,"key":"SMITH"},{"data":"Conserve Battery","floor":15,"key":"SMITH"},{"data":"BootSequence","floor":23,"key":"SMITH"},{"floor":29,"key":"REST"},{"data":"Machine Learning","floor":32,"key":"SMITH"},{"data":"Self Repair","floor":42,"key":"SMITH"},{"floor":44,"key":"REST"},{"data":"Leap","floor":47,"key":"SMITH"},{"floor":49,"key":"REST"}],"circlet_count":0,"master_deck":["Zap+1","Dualcast","Conserve Battery+1","Ball Lightning","Sweeping Beam","BootSequence+1","Hologram+1","Self Repair+1","Rebound","Stack","Seek","Echo Form+1","Streamline","Machine Learning+1","Go for the Eyes+1","Leap+1","Hello World","Fusion","Undo+1","Buffer","Beam Cell","Steam","Go for the Eyes","Darkness","Defragment+1"],"relics":["Cracked Core","Prayer Wheel","Pear","PreservedInsect","Inserter","Red Mask","Vajra","Ginger","Boot","Pandora\u0027s Box","Strange Spoon","CaptainsWheel","Anchor","Lantern"],"acts_visited":["Exordium","TheCity","TheBeyond"],"potions_floor_usage":[16,16,19,19,33,48,50,50,50],"damage_taken":[{"damage":6,"enemies":"Jaw Worm","floor":1,"turns":4},{"damage":0,"enemies":"Small Slimes","floor":2,"turns":2},{"damage":0,"enemies":"2 Louse","floor":3,"turns":2},{"damage":3,"enemies":"Large Slime","floor":6,"turns":5},{"damage":0,"enemies":"3 Louse","floor":7,"turns":3},{"damage":28,"enemies":"Gremlin Nob","floor":10,"turns":4},{"damage":5,"enemies":"Gremlin Gang","floor":12,"turns":4},{"damage":38,"enemies":"The Guardian","floor":16,"turns":12},{"damage":10,"enemies":"Spheric Guardian","floor":18,"turns":4},{"damage":63,"enemies":"Masked Bandits","floor":19,"turns":7},{"damage":19,"enemies":"Book of Stabbing","floor":27,"turns":5},{"damage":4,"enemies":"2 Thieves","floor":28,"turns":5},{"damage":16,"enemies":"Snake Plant","floor":31,"turns":5},{"damage":45,"enemies":"Collector","floor":33,"turns":11},{"damage":16,"enemies":"Orb Walker","floor":35,"turns":6},{"damage":7,"enemies":"3 Shapes","floor":36,"turns":6},{"damage":28,"enemies":"Spire Growth","floor":38,"turns":9},{"damage":16,"enemies":"Maw","floor":39,"turns":9},{"damage":0,"enemies":"Mind Bloom Boss Battle","floor":40,"turns":7},{"damage":23,"enemies":"Writhing Mass","floor":41,"turns":11},{"damage":4,"enemies":"Sphere and 2 Shapes","floor":45,"turns":7},{"damage":29,"enemies":"Spire Growth","floor":46,"turns":6},{"damage":55,"enemies":"Reptomancer","floor":48,"turns":8},{"damage":0,"enemies":"Donu and Deca","floor":50,"turns":10}],"seed_played":"5352585938365929732","potions_obtained":[{"floor":7,"key":"SteroidPotion"},{"floor":10,"key":"GamblersBrew"},{"floor":16,"key":"SpeedPotion"},{"floor":18,"key":"DistilledChaos"},{"floor":33,"key":"BlessingOfTheForge"},{"floor":38,"key":"CultistPotion"},{"floor":39,"key":"SteroidPotion"},{"floor":46,"key":"Strength Potion"},{"floor":48,"key":"BlessingOfTheForge"}],"is_trial":false,"path_per_floor":["M","M","M","$","?","M","M","R","T","E","R","M","R","$","R","B",null,"M","?","?","?","?","R","$","?","T","E","M","R","T","M","R","B",null,"M","M","$","M","M","?","M","R","T","R","M","M","R","E","R","B",null],"character_chosen":"DEFECT","items_purchased":["Self Repair","Weak Potion","Strange Spoon"],"campfire_rested":3,"item_purchase_floors":[4,14,37],"current_hp_per_floor":[48,48,48,48,48,52,59,59,69,48,48,50,50,50,50,19,85,82,26,26,54,54,54,54,54,54,35,38,63,63,54,54,16,85,76,83,83,62,53,67,58,58,58,83,85,66,66,31,56,66],"gold":280,"neow_bonus":"ONE_RARE_RELIC","is_daily":false,"chose_seed":false,"campfire_upgraded":8,"win_rate":0.0,"timestamp":1609645378,"path_taken":["M","M","M","$","?","M","M","R","T","E","R","M","R","?","R","BOSS","M","?","?","?","?","R","$","?","T","E","M","R","?","M","R","BOSS","M","M","$","?","M","?","M","R","T","R","M","M","R","E","R","BOSS"],"items_purchased_type":["Card","Potion","Relic"],"build_version":"2020-12-22","purchased_purges":2,"victory":true,"max_hp_per_floor":[75,75,75,75,75,75,75,75,85,85,85,85,85,85,85,85,85,85,85,85,85,85,85,85,85,85,85,85,85,85,85,85,85,85,85,85,85,85,85,85,85,85,85,85,85,85,85,85,85,85],"card_choices":[{"not_picked":["Beam Cell","Lockon"],"picked":"Conserve Battery","floor":1},{"not_picked":["Recycle","Beam Cell"],"picked":"Ball Lightning","floor":1},{"not_picked":["Storm","Double Energy"],"picked":"Sweeping Beam","floor":2},{"not_picked":["Coolheaded","Compile Driver","Steam"],"picked":"SKIP","floor":2},{"not_picked":["Barrage","Ball Lightning"],"picked":"BootSequence","floor":3},{"not_picked":["Blizzard","Sweeping Beam"],"picked":"Hologram","floor":3},{"not_picked":["Biased Cognition","Gash"],"picked":"Rebound","floor":6},{"not_picked":["Gash","Consume"],"picked":"Stack","floor":6},{"not_picked":["Sweeping Beam","Conserve Battery"],"picked":"Seek","floor":7},{"not_picked":["Chill","Stack","Recycle"],"picked":"SKIP","floor":7},{"not_picked":["Blizzard","Storm"],"picked":"Echo Form","floor":10},{"not_picked":["Rebound","Steam"],"picked":"Streamline","floor":12},{"not_picked":["Rebound","Consume","Compile Driver"],"picked":"SKIP","floor":12},{"not_picked":["Thunder Strike","Rainbow"],"picked":"Machine Learning","floor":16},{"not_picked":["Undo","Turbo"],"picked":"Go for the Eyes+1","floor":18},{"not_picked":["Barrage","Aggregate"],"picked":"Leap","floor":18},{"not_picked":["Compile Driver","Hologram","Aggregate"],"picked":"SKIP","floor":27},{"not_picked":["Steam Power","Recycle","Glacier"],"picked":"SKIP","floor":28},{"not_picked":["Consume","Hello World","Steam"],"picked":"SKIP","floor":28},{"not_picked":["Coolheaded+1","Sweeping Beam"],"picked":"Undo+1","floor":31},{"not_picked":["Hologram","All For One","Blizzard"],"picked":"SKIP","floor":31},{"not_picked":["Fission","Multi-Cast"],"picked":"Buffer","floor":33},{"not_picked":["Conserve Battery+1","Streamline+1","Loop"],"picked":"SKIP","floor":35},{"not_picked":["Stack+1","Rebound","Loop"],"picked":"SKIP","floor":35},{"not_picked":["Coolheaded","Streamline+1","Leap+1"],"picked":"SKIP","floor":36},{"not_picked":["Rebound+1","Sweeping Beam+1","Hologram"],"picked":"SKIP","floor":36},{"not_picked":["Rip and Tear","Steam+1","Leap+1"],"picked":"SKIP","floor":38},{"not_picked":["Cold Snap","Barrage+1","Heatsinks+1"],"picked":"SKIP","floor":38},{"not_picked":["Fission","Turbo+1","Stack+1"],"picked":"SKIP","floor":39},{"not_picked":["Genetic Algorithm+1","Ball Lightning","Steam"],"picked":"SKIP","floor":39},{"not_picked":["Compile Driver+1","Steam+1","Beam Cell"],"picked":"SKIP","floor":41},{"not_picked":["Genetic Algorithm+1","Sunder+1","Auto Shields+1"],"picked":"SKIP","floor":41},{"not_picked":["Steam Power","Gash","Multi-Cast"],"picked":"SKIP","floor":45},{"not_picked":["Barrage+1","Compile Driver","Recycle"],"picked":"SKIP","floor":45},{"not_picked":["Sweeping Beam","Gash+1","Go for the Eyes"],"picked":"SKIP","floor":46},{"not_picked":["Ball Lightning+1","Storm","Heatsinks"],"picked":"SKIP","floor":46},{"not_picked":["Heatsinks","Cold Snap"],"picked":"Defragment+1","floor":48}],"player_experience":199428,"relics_obtained":[{"floor":9,"key":"Pear"},{"floor":10,"key":"PreservedInsect"},{"floor":19,"key":"Red Mask"},{"floor":26,"key":"Vajra"},{"floor":27,"key":"Ginger"},{"floor":30,"key":"Boot"},{"floor":40,"key":"CaptainsWheel"},{"floor":43,"key":"Anchor"},{"floor":48,"key":"Lantern"}],"event_choices":[{"damage_healed":0,"gold_gain":0,"player_choice":"Left Gold","damage_taken":0,"max_hp_gain":0,"max_hp_loss":0,"event_name":"World of Goop","floor":5,"gold_loss":27},{"damage_healed":0,"gold_gain":0,"player_choice":"Fought Bandits","damage_taken":0,"max_hp_gain":0,"max_hp_loss":0,"event_name":"Masked Bandits","floor":19,"gold_loss":0},{"damage_healed":0,"gold_gain":0,"cards_transformed":["Strike_B","Strike_B"],"player_choice":"Became Test Subject","damage_taken":0,"max_hp_gain":0,"max_hp_loss":0,"event_name":"Drug Dealer","floor":20,"gold_loss":0,"cards_obtained":["Hello World","Fusion"]},{"damage_healed":28,"gold_gain":0,"player_choice":"Heal","damage_taken":0,"max_hp_gain":0,"max_hp_loss":0,"event_name":"The Library","floor":21,"gold_loss":0},{"damage_healed":0,"gold_gain":0,"player_choice":"Ignored","damage_taken":0,"max_hp_gain":0,"max_hp_loss":0,"event_name":"Vampires","floor":22,"gold_loss":0},{"damage_healed":0,"gold_gain":0,"player_choice":"Ignored","damage_taken":0,"max_hp_gain":0,"max_hp_loss":0,"event_name":"Cursed Tome","floor":25,"gold_loss":0},{"damage_healed":0,"gold_gain":0,"player_choice":"Fight","damage_taken":0,"max_hp_gain":0,"max_hp_loss":0,"event_name":"MindBloom","floor":40,"gold_loss":0}],"is_beta":false,"boss_relics":[{"not_picked":["Astrolabe","Busted Crown"],"picked":"Inserter"},{"not_picked":["Runic Dome","Snecko Eye"],"picked":"Pandora\u0027s Box"}],"items_purged_floors":[4,24],"is_endless":false,"potions_floor_spawned":[7,10,16,18,33,38,39,41,46,48],"ascension_level":0}}