{"host":"akjsb4vg7478j4ls","time":1609633440,"event":{"mods":["BaseMod","Colored Powertips","Minty Spire (QoL Compilation)","Rare Cards Sparkle"],"gold_per_floor":[99,99,99,99,99,99,99,99,99,69,69,69,24,24,24,24,24,24,24,24,24,24,24,24,24,24],"floor_reached":25,"playtime":5075,"items_purged":[],"score":217,"play_id":"3bb15fef-fd5c-4191-8f99-1c562c4274e2","local_time":"20210102222400","is_ascension_mode":false,"campfire_choices":[{"floor":7,"key":"REST"},{"floor":15,"key":"REST"},{"floor":23,"key":"REST"}],"circlet_count":0,"master_deck":["Strike_G","Strike_G","Strike_G","Strike_G","Strike_G","Defend_G","Defend_G","Defend_G","Defend_G","Defend_G","Survivor","Neutralize","Slice","PanicButton","Endless Agony","Underhanded Strike","Dodge and Roll","All Out Attack","Bullet Time","Terror","Dagger Throw","Acrobatics","Noxious Fumes","Doppelganger","Dash","Blade Dance","Poisoned Stab+1","A Thousand Cuts","Outmaneuver+1"],"relics":["Ectoplasm","Happy Flower","Mercury Hourglass","MawBank","HoveringKite","Toxic Egg 2"],"acts_visited":["Exordium","TheCity"],"potions_floor_usage":[5,25,25,25],"damage_taken":[{"damage":0,"enemies":"Small Slimes","floor":1,"turns":5},{"damage":0,"enemies":"Jaw Worm","floor":4,"turns":4},{"damage":0,"enemies":"Cultist","floor":5,"turns":4},{"damage":19,"enemies":"3 Sentries","floor":6,"turns":12},{"damage":35,"enemies":"Lagavulin","floor":8,"turns":8},{"damage":0,"enemies":"Looter","floor":10,"turns":4},{"damage":2,"enemies":"Blue Slaver","floor":12,"turns":3},{"damage":5,"enemies":"Exordium Thugs","floor":14,"turns":3},{"damage":30,"enemies":"Hexaghost","floor":16,"turns":9},{"damage":11,"enemies":"Spheric Guardian","floor":18,"turns":5},{"damage":1,"enemies":"3 Byrds","floor":19,"turns":5},{"damage":15,"enemies":"Snecko","floor":21,"turns":5},{"damage":21,"enemies":"Snake Plant","floor":22,"turns":4},{"damage":17,"enemies":"Cultist and Chosen","floor":24,"turns":5},{"damage":33,"enemies":"Book of Stabbing","floor":25,"turns":5}],"seed_played":"-1286761436692659164","potions_obtained":[{"floor":4,"key":"Fruit Juice"},{"floor":8,"key":"LiquidBronze"},{"floor":12,"key":"CunningPotion"},{"floor":16,"key":"GamblersBrew"},{"floor":18,"key":"Block Potion"},{"floor":24,"key":"LiquidBronze"}],"is_trial":false,"path_per_floor":["M","?","?","M","M","E","R","E","T","M","?","M","$","M","R","B",null,"M","M","?","M","M","R","M","E"],"character_chosen":"THE_SILENT","items_purchased":["Acrobatics"],"campfire_rested":3,"item_purchase_floors":[13],"current_hp_per_floor":[70,70,70,70,75,56,75,40,40,40,40,38,38,33,55,25,75,64,63,63,48,27,49,32,0,0],"gold":24,"neow_bonus":"BOSS_RELIC","is_daily":false,"chose_seed":false,"campfire_upgraded":0,"win_rate":0.0,"timestamp":1609633440,"path_taken":["M","?","?","?","M","E","R","E","T","M","?","M","$","M","R","BOSS","M","M","?","M","M","R","M","E"],"items_purchased_type":["Card"],"build_version":"2020-12-22","purchased_purges":0,"victory":false,"max_hp_per_floor":[70,70,70,70,75,75,75,75,75,75,75,75,75,75,75,75,75,75,75,75,75,75,75,75,75,75],"card_choices":[{"not_picked":["Prepared","Bane"],"picked":"Slice","floor":1},{"not_picked":["Dagger Throw","Dodge and Roll"],"picked":"Underhanded Strike","floor":4},{"not_picked":["Flechettes","Outmaneuver"],"picked":"Dodge and Roll","floor":5},{"not_picked":["Riddle With Holes","Crippling Poison"],"picked":"All Out Attack","floor":6},{"not_picked":["Bane","Slice"],"picked":"Bullet Time","floor":8},{"not_picked":["Leg Sweep","Bane"],"picked":"Terror","floor":10},{"not_picked":["Deadly Poison","All Out Attack"],"picked":"Dagger Throw","floor":12},{"not_picked":["Heel Hook","Well Laid Plans"],"picked":"Noxious Fumes","floor":14},{"not_picked":["Malaise","Night Terror"],"picked":"Doppelganger","floor":16},{"not_picked":["Quick Slash","Slice"],"picked":"Dash","floor":18},{"not_picked":["Prepared","Slice+1"],"picked":"Blade Dance","floor":19},{"not_picked":["Crippling Poison+1","Underhanded Strike"],"picked":"Poisoned Stab+1","floor":21},{"not_picked":["Outmaneuver+1","PiercingWail+1"],"picked":"A Thousand Cuts","floor":22},{"not_picked":["PiercingWail+1","Deflect+1"],"picked":"Outmaneuver+1","floor":24}],"player_experience":72280,"relics_obtained":[{"floor":6,"key":"Happy Flower"},{"floor":8,"key":"Mercury Hourglass"},{"floor":9,"key":"MawBank"}],"event_choices":[{"damage_healed":0,"gold_gain":0,"player_choice":"Ignored","damage_taken":0,"max_hp_gain":0,"max_hp_loss":0,"event_name":"Golden Wing","floor":2,"gold_loss":0},{"damage_healed":0,"gold_gain":0,"player_choice":"2 cards matched","damage_taken":0,"max_hp_gain":0,"max_hp_loss":0,"event_name":"Match and Keep!","floor":3,"gold_loss":0,"cards_obtained":["PanicButton","Endless Agony"]},{"damage_healed":0,"gold_gain":30,"player_choice":"Searched \u00271\u0027 times","damage_taken":0,"max_hp_gain":0,"max_hp_loss":0,"event_name":"Dead Adventurer","floor":11,"gold_loss":0},{"damage_healed":0,"gold_gain":0,"player_choice":"Gave Potion","damage_taken":0,"relics_obtained":["Toxic Egg 2"],"max_hp_gain":0,"max_hp_loss":0,"event_name":"WeMeetAgain","floor":20,"gold_loss":0}],"is_beta":false,"boss_relics":[{"not_picked":["Black Star","Philosopher\u0027s Stone"],"picked":"HoveringKite"}],"items_purged_floors":[],"is_endless":false,"potions_floor_spawned":[4,8,12,16,18,19,24],"killed_by":"Book of Stabbing","ascension_level":0}}