{"host":"zit9o0ax6c2l3y2b","time":1609652775,"event":{"mods":["Aspiration","BaseMod","Colored Map","Conspire","Downfall","Glutton Mod","Hermit","Hubris","Infinite Spire","Minty Spire (QoL Compilation)","Random Character Button","Relic Filter","Replay The Spire","Shade Mod","Shop Mod","StSLib","The Construct","The Cursed","The Disciple","The Runesmith","TheArtist"],"gold_per_floor":[114,114,114,64,81,106,106,124,124,124,157,157,157,2,2,102,102,120,120,70,81,115,115,152,152,152,186,228,228,228,280,280,400,400,432,573,640,640,656,656,683,703,748,785,812,840,840,877,877,884],"floor_reached":51,"playtime":3338,"items_purged":["Strike_P","Strike_P"],"score":1079,"play_id":"8cd308fe-1cdf-462c-984e-28e0046ff57d","local_time":"20210103004615","is_ascension_mode":true,"campfire_choices":[{"data":"Alpha","floor":7,"key":"SMITH"},{"data":"ThirdEye","floor":10,"key":"SMITH"},{"data":"Replay:Vibes","floor":13,"key":"SMITH"},{"floor":15,"key":"DIG"},{"data":"MasterReality","floor":23,"key":"SMITH"},{"data":"Vault","floor":25,"key":"SMITH"},{"floor":32,"key":"DIG"},{"floor":40,"key":"DIG"},{"floor":47,"key":"DIG"},{"floor":49,"key":"DIG"}],"circlet_count":0,"master_deck":["Strike_P","Strike_P+1","Defend_P","Defend_P","Defend_P","Eruption+1","Vigilance+1","ThirdEye+1","CarveReality+1","Alpha+1","Replay:Vibes+1","MasterReality+1","Halt+1","Ghostly","Ghostly","Ghostly","Ghostly","Ghostly","conspire:SpireCoStock","Halt+1","EmptyFist+1","Vault+1","InnerPeace","Evaluate","DeusExMachina","Protect+1","Core Surge+1","ReplayTheSpireMod:Book of Names","Replay:DivineShield+1"],"relics":["PureWater","NeowsBlessing","Pear","InkBottle","Durian","Membership Card","ReplayTheSpireMod:TigerMarble","aspiration:SecretTechniqueScroll","Oddly Smooth Stone","Mirror","Dream Catcher","hubris:ToyBattleship","Shovel","hubris:TerracottaHorce","Mummified Hand","Akabeko","aspiration:DefectSkillbook","OrangePellets","ReplayTheSpireMod:Lightbulb","hubris:NiceRug","Runesmith:AutoHammer","hubris:FunFungus","conspire:GlowingRock","Potion Belt","Shovel","hubris:SlimyHat","aspiration:FaultyCoupler","Toy Ornithopter","Whetstone","Counterbalance","aspiration:StickyExplosives"],"acts_visited":["Exordium","TheCity","TheBeyond"],"potions_floor_usage":[16,18,21,36,39,50,50],"damage_taken":[{"damage":0,"enemies":"Jaw Worm","floor":1,"turns":1},{"damage":0,"enemies":"Small Slimes","floor":5,"turns":2},{"damage":0,"enemies":"Gremlin Nob","floor":6,"turns":1},{"damage":0,"enemies":"conspire:RoseBush","floor":8,"turns":3},{"damage":9,"enemies":"3 Sentries","floor":11,"turns":3},{"damage":14,"enemies":"The Guardian","floor":16,"turns":8},{"damage":18,"enemies":"2 Thieves","floor":18,"turns":3},{"damage":2,"enemies":"Chosen","floor":21,"turns":4},{"damage":0,"enemies":"Snecko","floor":22,"turns":6},{"damage":0,"enemies":"conspire:SneckoGhost","floor":24,"turns":7},{"damage":3,"enemies":"Gremlin Leader","floor":27,"turns":6},{"damage":0,"enemies":"conspire:MimicChest","floor":28,"turns":6},{"damage":3,"enemies":"Book of Stabbing","floor":31,"turns":6},{"damage":0,"enemies":"Champ","floor":33,"turns":8},{"damage":0,"enemies":"3 Darklings","floor":35,"turns":4},{"damage":0,"enemies":"hubris:Merchant","floor":36,"turns":8},{"damage":0,"enemies":"2 Orb Walkers","floor":37,"turns":5},{"damage":0,"enemies":"Orb Walker","floor":39,"turns":3},{"damage":0,"enemies":"Giant Head","floor":41,"turns":5},{"damage":0,"enemies":"3 Darklings","floor":42,"turns":5},{"damage":0,"enemies":"Nightmare","floor":44,"turns":7},{"damage":0,"enemies":"Reptomancer","floor":46,"turns":6},{"damage":0,"enemies":"Maw","floor":48,"turns":4},{"damage":0,"enemies":"Replay:Hell Engine","floor":50,"turns":6}],"seed_played":"-6702401114834349632","potions_obtained":[{"floor":6,"key":"Regen Potion"},{"floor":11,"key":"SpeedPotion"},{"floor":16,"key":"Block Potion"},{"floor":18,"key":"Ambrosia"},{"floor":22,"key":"Swift Potion"},{"floor":27,"key":"Block Potion"},{"floor":36,"key":"Block Potion"},{"floor":36,"key":"DuplicationPotion"},{"floor":39,"key":"DistilledChaos"},{"floor":41,"key":"AttackPotion"},{"floor":42,"key":"FearPotion"}],"is_trial":false,"path_per_floor":["M","?","?","?","M","E","R","M","T","R","E","?","R","$","R_BF","B",null,"M","?","?","M","M","R","E","R","T","E","?","AVR","?","E","R","B",null,"M","$","?","AVR","M","R","E","M","T","NM","T","E","R","M","R","B",null],"character_chosen":"WATCHER","items_purchased":["Membership Card","OrangePellets","ReplayTheSpireMod:Lightbulb"],"campfire_rested":0,"item_purchase_floors":[14,36,36],"current_hp_per_floor":[72,72,72,72,72,82,82,82,82,82,78,61,61,61,61,47,87,69,43,43,41,41,41,41,41,41,38,38,38,38,35,35,35,41,41,41,41,41,43,43,43,43,43,43,43,43,43,43,43,43],"gold":884,"neow_bonus":"THREE_ENEMY_KILL","is_daily":false,"chose_seed":false,"campfire_upgraded":5,"win_rate":0.0,"timestamp":1609652775,"path_taken":["M","?","?","?","M","E","R","M","T","R","E","?","R","$","R_BF","BOSS","M","?","?","M","M","R","E","R","T","E","?","AVR","?","E","R","BOSS","M","$","?","AVR","M","R","E","M","T","NM","?","E","R","M","R","BOSS"],"items_purchased_type":["Relic","Relic","Relic"],"build_version":"2020-12-22","purchased_purges":2,"victory":true,"max_hp_per_floor":[72,72,72,72,72,82,82,82,82,82,87,87,87,87,87,87,87,87,43,43,43,43,43,43,43,43,43,43,43,43,43,43,43,43,43,43,43,43,43,43,43,43,43,43,43,43,43,43,43,43],"card_choices":[{"not_picked":["Replay:BluntJabs","Halt"],"picked":"ThirdEye","floor":1},{"not_picked":["Replay:Battleflow","EmptyFist"],"picked":"CarveReality","floor":5},{"not_picked":["PathToVictory","Replay:BluntJabs"],"picked":"Alpha","floor":6},{"not_picked":["Replay:ManipulateFuture","Indignation"],"picked":"Replay:Vibes","floor":8},{"not_picked":["WreathOfFlame","FlurryOfBlows","PathToVictory"],"picked":"SKIP","floor":11},{"not_picked":["Replay:LoomingThreat","Brilliance"],"picked":"MasterReality","floor":16},{"not_picked":["Adaptation","ClearTheMind"],"picked":"Halt+1","floor":18},{"not_picked":["Replay:ManipulateFuture","Replay:Vibes"],"picked":"Halt+1","floor":21},{"not_picked":["CutThroughFate+1","CrushJoints"],"picked":"EmptyFist","floor":22},{"not_picked":["Replay:BluntJabs+1","Replay:Vibes"],"picked":"Vault","floor":24},{"not_picked":["TalkToTheHand","Replay:Battleflow"],"picked":"InnerPeace","floor":27},{"not_picked":["FollowUp+1","Conclude+1"],"picked":"Evaluate","floor":31},{"not_picked":["Wish","Vault"],"picked":"DeusExMachina","floor":33},{"not_picked":["Replay:BluntJabs+1","Cold Snap+1","ReplayGash","BasicCrystalCard"],"picked":"SKIP","floor":35},{"not_picked":["Lockon"],"picked":"SKIP","floor":36},{"not_picked":["WheelKick"],"picked":"SKIP","floor":36},{"not_picked":["Pray"],"picked":"SKIP","floor":36},{"not_picked":["Coolheaded"],"picked":"SKIP","floor":36},{"not_picked":["Crystallizer"],"picked":"SKIP","floor":36},{"not_picked":["Replay:SS_fish_1"],"picked":"SKIP","floor":36},{"not_picked":["Violence"],"picked":"SKIP","floor":36},{"not_picked":["Beam Cell","Consecrate+1","WreathOfFlame+1"],"picked":"Protect+1","floor":39},{"not_picked":["Blizzard","Rip and Tear","PathToVictory"],"picked":"Core Surge","floor":41},{"not_picked":["ReplaySort","Genetic Algorithm","Protect+1","EmptyBody"],"picked":"SKIP","floor":42},{"not_picked":["infinitespire:Execution","infinitespire:TheBestDefense"],"picked":"ReplayTheSpireMod:Book of Names","floor":44},{"not_picked":["FlyingSleeves+1","CarveReality+1","Barrage+1","SashWhip"],"picked":"SKIP","floor":44},{"not_picked":["Replay:LoomingThreat","Rebound","EmptyBody","ReplayTheSpireMod:Repulse"],"picked":"SKIP","floor":46},{"not_picked":["Hello World","Replay:BluntJabs+1","Ball Lightning"],"picked":"Replay:DivineShield+1","floor":48}],"player_experience":437537,"relics_obtained":[{"floor":6,"key":"Pear"},{"floor":9,"key":"InkBottle"},{"floor":11,"key":"Durian"},{"floor":15,"key":"ReplayTheSpireMod:TigerMarble"},{"floor":24,"key":"Oddly Smooth Stone"},{"floor":26,"key":"Mirror"},{"floor":27,"key":"Dream Catcher"},{"floor":28,"key":"hubris:ToyBattleship"},{"floor":31,"key":"Mummified Hand"},{"floor":32,"key":"Akabeko"},{"floor":36,"key":"Runesmith:AutoHammer"},{"floor":37,"key":"hubris:FunFungus"},{"floor":40,"key":"Potion Belt"},{"floor":41,"key":"Shovel"},{"floor":43,"key":"hubris:SlimyHat"},{"floor":44,"key":"aspiration:FaultyCoupler"},{"floor":45,"key":"Toy Ornithopter"},{"floor":46,"key":"Whetstone"},{"floor":47,"key":"Counterbalance"},{"floor":49,"key":"aspiration:StickyExplosives"}],"event_choices":[{"damage_healed":0,"gold_gain":0,"player_choice":"Grow","damage_taken":0,"max_hp_gain":0,"max_hp_loss":0,"event_name":"Living Wall","floor":3,"gold_loss":0,"cards_upgraded":["Vigilance"]},{"cards_removed":["Defend_P"],"damage_healed":0,"gold_gain":0,"player_choice":"Card Removal","damage_taken":0,"max_hp_gain":0,"max_hp_loss":0,"event_name":"The Cleric","floor":4,"gold_loss":50},{"damage_healed":0,"gold_gain":0,"player_choice":"Entered Light","damage_taken":17,"max_hp_gain":0,"max_hp_loss":0,"event_name":"Shining Light","floor":12,"gold_loss":0,"cards_upgraded":["CarveReality","Strike_P"]},{"damage_healed":0,"gold_gain":0,"player_choice":"Became a Ghost","damage_taken":0,"max_hp_gain":0,"max_hp_loss":44,"event_name":"Ghosts","floor":19,"gold_loss":0,"cards_obtained":["Ghostly","Ghostly","Ghostly","Ghostly","Ghostly"]},{"damage_healed":0,"gold_gain":0,"player_choice":"Invest 1","damage_taken":0,"max_hp_gain":0,"max_hp_loss":0,"event_name":"conspire:Investor","floor":20,"gold_loss":0},{"damage_healed":0,"gold_gain":0,"player_choice":"Ignored","damage_taken":0,"max_hp_gain":0,"max_hp_loss":0,"event_name":"Cursed Tome","floor":30,"gold_loss":0},{"damage_healed":0,"gold_gain":0,"player_choice":"Fight","damage_taken":0,"max_hp_gain":0,"max_hp_loss":0,"event_name":"Mysterious Sphere","floor":37,"gold_loss":0}],"is_beta":false,"boss_relics":[{"not_picked":["Philosopher\u0027s Stone","aspiration:PoetsPen"],"picked":"aspiration:SecretTechniqueScroll"},{"not_picked":["Coffee Dripper","hubris:ScarierMask"],"picked":"aspiration:DefectSkillbook"}],"items_purged_floors":[29,38],"is_endless":false,"potions_floor_spawned":[6,11,16,18,22,27,39,41,42],"ascension_level":4}}