{"host":"5wf60zc4jjt9ov65","time":1609699835,"event":{"mods":["AchievementEnabler","BaseMod","Beaked The Cultist","Better Altar","Better Match","Better Note","Better Sensory Stone","Better Skull","Better Third Choice","BetterRewards","Colored Map","Colored Powertips","Downfall","Googly Eyes","Halation","Highlight Path","Hubris","Infinite Spire","Minty Spire (QoL Compilation)","Permanent Neow","Quick Restart","Replay The Spire","StSLib","The Bug Knight","The Construct"],"gold_per_floor":[11,11,29,49,62,91,106,106,106,131,131,142,142,152,152,247,247,258,258,367,385,401,401,415,444,444,457,498,498,498,512,512,607,607,621,621,621,19,19,19,48,48,126,154,173,190,37,37,37,37],"floor_reached":51,"playtime":3700,"items_purged":["Strike_B"],"score":727,"play_id":"e0a65c0d-e686-4470-999c-7a19b4742e94","local_time":"20210103135035","is_ascension_mode":false,"campfire_choices":[{"data":"White Noise","floor":8.0,"key":"SMITH"},{"data":"Zap","floor":13.0,"key":"SMITH"},{"data":"Double Energy","floor":15.0,"key":"SMITH"},{"data":"Dualcast","floor":23.0,"key":"SMITH"},{"data":"Redo","floor":29.0,"key":"SMITH"},{"data":"hubris:Fate","floor":32.0,"key":"SMITH"},{"data":"FIFO Queue","floor":42.0,"key":"SMITH"},{"data":"Panic Button","floor":49.0,"key":"SMITH"}],"circlet_count":0,"master_deck":["Strike_B","Strike_B","Strike_B","Defend_B+1","Defend_B","Defend_B","Defend_B","Zap+1","Dualcast+1","Master of Strategy","Loop+1","Ball Lightning","Chill","Turbo+1","White Noise+1","Redo+1","Replay:SS_fish_2","Panic Button+1","Double Energy+1","Electrodynamics","Crystallizer","hubris:Fate+1","Time Bomb","Ball Lightning","Leap+1","White Noise+1","FIFO Queue+1","Darkness+1","Hologram+1","Barrage+1","Hologram+1","Tempest+1","Consume+1","Force Field"],"relics":["Cracked Core","hubris:PeanutButter","HollowMod:LifeEnderRelic","infinitespire:Freezer","infinitespire:Cupcake","PreservedInsect","ReplayTheSpireMod:CursedCoin","Black Star","Prayer Wheel","Raider\u0027s Mask","Bag of Preparation","Torii","infinitespire:SolderingIron","hubris:TenFootPole","Centennial Puzzle","infinitespire:Broken Mirror","infinitespire:CursedDice","Question Card","halation:Thesaurus","Pet Ghost","halation:PapillonHeart"],"acts_visited":["Exordium","TheCity","TheBeyond"],"potions_floor_usage":[],"damage_taken":[{"damage":2.0,"enemies":"Jaw Worm","floor":1.0,"turns":5.0},{"damage":1.0,"enemies":"Cultist","floor":3.0,"turns":3.0},{"damage":7.0,"enemies":"2 Louse","floor":4.0,"turns":3.0},{"damage":8.0,"enemies":"Exordium Thugs","floor":5.0,"turns":4.0},{"damage":17.0,"enemies":"3 Sentries","floor":6.0,"turns":5.0},{"damage":0.0,"enemies":"Large Slime","floor":7.0,"turns":5.0},{"damage":0.0,"enemies":"Gremlin Gang","floor":12.0,"turns":3.0},{"damage":0.0,"enemies":"3 Louse","floor":14.0,"turns":4.0},{"damage":42.0,"enemies":"Slime Boss","floor":16.0,"turns":11.0},{"damage":0.0,"enemies":"Shell Parasite","floor":18.0,"turns":5.0},{"damage":0.0,"enemies":"3 Byrds","floor":21.0,"turns":4.0},{"damage":12.0,"enemies":"Snecko","floor":22.0,"turns":4.0},{"damage":4.0,"enemies":"Snake Plant","floor":24.0,"turns":2.0},{"damage":21.0,"enemies":"Book of Stabbing","floor":25.0,"turns":4.0},{"damage":0.0,"enemies":"Centurion and Healer","floor":27.0,"turns":6.0},{"damage":0.0,"enemies":"Cultist and Chosen","floor":31.0,"turns":4.0},{"damage":51.0,"enemies":"Automaton","floor":33.0,"turns":12.0},{"damage":13.0,"enemies":"3 Shapes","floor":35.0,"turns":4.0},{"damage":22.0,"enemies":"Reptomancer","floor":41.0,"turns":5.0},{"damage":0.0,"enemies":"HollowMod:StalkingDevout","floor":44.0,"turns":5.0},{"damage":1.0,"enemies":"Orb Walker","floor":45.0,"turns":3.0},{"damage":1.0,"enemies":"4 Shapes","floor":46.0,"turns":4.0},{"damage":20,"enemies":"Time Eater","floor":50,"turns":6}],"seed_played":"-7054152537465058490","potions_obtained":[{"floor":1.0,"key":"PowerPotion"},{"floor":4.0,"key":"DistilledChaos"},{"floor":6.0,"key":"Dexterity Potion"},{"floor":14.0,"key":"LiquidBronze"},{"floor":16.0,"key":"CultistPotion"},{"floor":18.0,"key":"SmokeBomb"},{"floor":22.0,"key":"Energy Potion"},{"floor":35.0,"key":"SkillPotion"}],"is_trial":false,"path_per_floor":["M","?","M","M","M","E","M","R","T","T","?","M","R","M","R","B",null,"M","?","?","M","M","R","M","E","T","M","$","R","?","M","R","B",null,"M","?","?","$","?","T","E","R","T","E","M","M","$","?","R","B",null],"character_chosen":"DEFECT","items_purchased":["FIFO Queue","ReplayTheSpireMod:CursedCoin","Raider\u0027s Mask","Bag of Preparation","Torii","halation:Thesaurus"],"campfire_rested":0,"item_purchase_floors":[28,28,38,38,38,47],"current_hp_per_floor":[73,73,72,65,57,40,40,40,40,40,40,40,40,48,48,14,75,75,75,66,66,62,62,58,45,45,53,53,53,53,53,53,10,75,62,62,62,62,62,62,48,48,48,48,55,62,62,62,62,50],"gold":37,"neow_bonus":"RANDOM_COLORLESS_2","is_daily":false,"chose_seed":false,"campfire_upgraded":8,"win_rate":0.0,"timestamp":1609699835,"path_taken":["M","?","M","M","M","E","?","R","T","?","?","?","R","M","R","BOSS","M","?","?","M","M","R","M","E","T","?","$","R","?","M","R","BOSS","M","?","?","$","?","?","E","R","T","E","?","M","?","?","R","BOSS"],"items_purchased_type":["Card","Relic","Relic","Relic","Relic","Relic"],"build_version":"2020-12-22","purchased_purges":1,"victory":true,"max_hp_per_floor":[75,75,75,75,75,75,75,75,75,75,75,75,75,75,75,75,75,75,75,75,75,75,75,75,75,75,75,75,75,75,75,75,75,75,75,75,75,75,75,75,75,75,75,75,75,75,75,71,71,71],"card_choices":[{"not_picked":["Secret Weapon","Poisoned Strike"],"picked":"Master of Strategy","floor":0.0},{"not_picked":["Darkness","Conserve Battery"],"picked":"Loop","floor":1.0},{"not_picked":["Aggregate","Barrage"],"picked":"Ball Lightning","floor":3.0},{"not_picked":["Coolheaded","BasicCrystalCard"],"picked":"Chill","floor":4.0},{"not_picked":["Stack","Coolheaded"],"picked":"Turbo","floor":5.0},{"not_picked":["FTL","Streamline"],"picked":"White Noise","floor":6.0},{"not_picked":["Heatsinks","Steam"],"picked":"Redo","floor":7.0},{"not_picked":["Good Instincts","ReplayTheSpireMod:Brewmster"],"picked":"Replay:SS_fish_2","floor":11.0},{"not_picked":["Steam","Redo"],"picked":"Panic Button","floor":12.0},{"not_picked":["Melter","Undo"],"picked":"Double Energy","floor":14.0},{"not_picked":["Buffer","hubris:Prefetch"],"picked":"Electrodynamics","floor":16.0},{"not_picked":["White Noise","Rebound"],"picked":"Crystallizer","floor":18.0},{"not_picked":["Hologram","Panic Button"],"picked":"Time Bomb","floor":21.0},{"not_picked":["Gash","Melter"],"picked":"Ball Lightning","floor":22.0},{"not_picked":["Gash","Rip and Tear+1","Streamline"],"picked":"SKIP","floor":24.0},{"not_picked":["Ball Lightning","ReplayRNGCard"],"picked":"Leap+1","floor":25.0},{"not_picked":["hubris:PowerSurge+1","ReplayGash"],"picked":"White Noise+1","floor":27.0},{"not_picked":["Skim+1","Cold Snap"],"picked":"Darkness+1","floor":31.0},{"not_picked":["Seek","Electrodynamics"],"picked":"ReplayTheSpireMod:Fabricate Wheel","floor":33.0},{"not_picked":["hubris:Ukulele","Steam Power+1"],"picked":"Hologram+1","floor":35.0},{"not_picked":["Leap","Gash+1"],"picked":"Barrage+1","floor":35.0},{"not_picked":["Rebound","Double Energy"],"picked":"Hologram+1","floor":41.0},{"not_picked":["Streamline+1","Sweeping Beam"],"picked":"Tempest+1","floor":44.0},{"not_picked":["Doom and Gloom","Gash","Chill","Steam"],"picked":"SKIP","floor":45.0},{"not_picked":["Coolheaded","Gash","Compile Driver","Turbo"],"picked":"SKIP","floor":45.0},{"not_picked":["Gash","Rebound+1","Streamline"],"picked":"Consume+1","floor":46.0},{"not_picked":["Sunder+1","Compile Driver+1","Reprogram+1"],"picked":"Force Field","floor":46.0}],"player_experience":15844,"relics_obtained":[{"floor":6.0,"key":"hubris:PeanutButter"},{"floor":9.0,"key":"HollowMod:LifeEnderRelic"},{"floor":10.0,"key":"infinitespire:Freezer"},{"floor":25.0,"key":"War Paint"},{"floor":26.0,"key":"PreservedInsect"},{"floor":40.0,"key":"infinitespire:SolderingIron"},{"floor":41.0,"key":"hubris:TenFootPole"},{"floor":41.0,"key":"Centennial Puzzle"},{"floor":43.0,"key":"infinitespire:Broken Mirror"},{"floor":44.0,"key":"infinitespire:CursedDice"},{"floor":44.0,"key":"Question Card"}],"event_choices":[{"damage_healed":0.0,"max_hp_gain":0.0,"max_hp_loss":0.0,"gold_gain":0.0,"event_name":"Upgrade Shrine","player_choice":"Upgraded","floor":2.0,"gold_loss":0.0,"damage_taken":0.0,"cards_upgraded":["Loop"]},{"damage_healed":0.0,"max_hp_gain":0.0,"max_hp_loss":0.0,"gold_gain":1.0,"event_name":"betterStone:BetterStone","player_choice":"1","floor":11.0,"gold_loss":0.0,"damage_taken":0.0},{"cards_removed":["Electrodynamics"],"damage_healed":0.0,"max_hp_gain":0.0,"max_hp_loss":0.0,"gold_gain":0.0,"event_name":"betterNote:BetterNote","player_choice":"Take \u0026 Give","floor":19.0,"gold_loss":0.0,"damage_taken":0.0,"cards_obtained":["hubris:Fate"]},{"damage_healed":0.0,"max_hp_gain":0.0,"max_hp_loss":0.0,"gold_gain":109.0,"event_name":"betterSkull:BetterSkull","player_choice":"GO ","floor":20.0,"gold_loss":0.0,"damage_taken":10.0,"cards_upgraded":[],"relics_obtained":[]},{"damage_healed":0.0,"max_hp_gain":0.0,"max_hp_loss":0.0,"gold_gain":0.0,"event_name":"Ghosts","player_choice":"Ignored","floor":30.0,"gold_loss":0.0,"damage_taken":0.0},{"cards_removed":["hubris:Envy"],"damage_healed":0.0,"max_hp_gain":0.0,"max_hp_loss":0.0,"gold_gain":0.0,"event_name":"Falling","player_choice":"Removed Skill","floor":36.0,"gold_loss":0.0,"damage_taken":0.0},{"damage_healed":0.0,"max_hp_gain":0.0,"max_hp_loss":0.0,"gold_gain":0.0,"event_name":"Tomb of Lord Red Mask","player_choice":"Ignored","floor":37.0,"gold_loss":0.0,"damage_taken":0.0}],"is_beta":false,"boss_relics":[{"not_picked":["halation:PlatinumPhoenix","Runic Dome"],"picked":"infinitespire:Cupcake"},{"not_picked":["hubris:BlackHole","Velvet Choker"],"picked":"Black Star"}],"items_purged_floors":[28],"is_endless":false,"potions_floor_spawned":[1,4,6,14,16,18,22,27,31,35,41],"ascension_level":0}}