{"host":"3w007pgvkin6up9o","time":1609697169,"event":{"mods":["AchievementEnabler","Arknights The Spire","BaseMod","Bestiary","Better Altar","Better Match","Better Note","Better Sensory Stone","Better Skull","Better Third Choice","ChefMod","Evolution","Hermit","HololiveMod","Marisa????????","Minty Spire (QoL Compilation)","Railgun Mod","Random Character Button","Reimu??????","Remilia??????","Replay The Spire","Shade Mod","Spicy Shops","StSLib","The Alterego","The Animator","The Bug Knight","The Cursed","The Gatherer","The Mystic","The Senshi","The Servant 0.9.4","The Wild Card","Trackpad","Waifu the Spire","WarShipGirlsR/????R mod","??????REMEMod"],"gold_per_floor":[117,82,96,125,149,149,161,161,188,213,8,23,23,37,37,37,37],"floor_reached":16,"playtime":1696,"items_purged":[],"score":104,"play_id":"6aa2d908-923a-4541-b8a5-739bc19c73c8","local_time":"20210103130609","is_ascension_mode":false,"campfire_choices":[{"data":"animator:LeleiLaLalena","floor":6,"key":"SMITH"},{"data":"animator:Berserker","floor":13,"key":"SMITH"},{"data":"animator:Alexander","floor":15,"key":"SMITH"}],"circlet_count":0,"master_deck":["animator:Strike_NoGameNoLife","animator:Defend_NoGameNoLife","animator:Strike","animator:Strike","animator:Strike","animator:Defend","animator:Defend+1","animator:Defend","animator:DolaSchwi","animator:DolaCouronne","Panache","animator:Megumin+3","animator:LeleiLaLalena+1","animator:Benimaru","animator:Raven","animator:Berserker+1","animator:Assassin","animator:DwarfShaman","animator:Kaijin","animator:Alexander+1","animator:Millim","animator:Souei"],"relics":["animator:LivingPicture","animator:TheMissingPiece","EVO:Axolotl","REME_ComplimentaryCards","animator:PurgingStone","Vajra","trackpad:WindUpAutoDealer","animator:CerealBox"],"acts_visited":["Exordium"],"potions_floor_usage":[7,10,16],"damage_taken":[{"damage":2,"enemies":"Small Slimes","floor":1,"turns":4},{"damage":6,"enemies":"Jaw Worm","floor":3,"turns":4},{"damage":0,"enemies":"Cultist","floor":4,"turns":3},{"damage":20,"enemies":"3 Louse","floor":5,"turns":3},{"damage":3,"enemies":"Looter","floor":7,"turns":3},{"damage":16,"enemies":"Replay:BlueRogue","floor":10,"turns":5},{"damage":19,"enemies":"Blue Slaver","floor":12,"turns":3},{"damage":1,"enemies":"2 Fungi Beasts","floor":14,"turns":2},{"damage":27,"enemies":"The Guardian","floor":16,"turns":5}],"seed_played":"-6386224440517764182","potions_obtained":[{"floor":1,"key":"LifebloodPotion"},{"floor":3,"key":"Swift Potion"},{"floor":5,"key":"Fire Potion"},{"floor":14,"key":"Elixir"}],"is_trial":false,"path_per_floor":["M","?","M","M","M","R","M","?","T","E","$","M","R","M","R","B"],"character_chosen":"THE_ANIMATOR","items_purchased":["animator:CerealBox","animator:Kaijin","animator:Alexander"],"campfire_rested":0,"item_purchase_floors":[11,11,11],"current_hp_per_floor":[64,66,60,60,40,40,38,42,42,26,26,27,27,26,26,0,0],"gold":37,"neow_bonus":"THREE_CARDS","is_daily":false,"chose_seed":false,"campfire_upgraded":3,"win_rate":0.0,"timestamp":1609697169,"path_taken":["M","?","M","M","M","R","M","?","T","E","$","?","R","M","R","BOSS"],"items_purchased_type":["Relic","Card","Card"],"build_version":"2020-12-22","purchased_purges":0,"victory":false,"max_hp_per_floor":[66,66,66,66,66,66,67,67,67,67,67,67,67,67,67,67,67],"card_choices":[{"not_picked":["animator:Chung","animator:OrikoMikuni"],"picked":"animator:Megumin","floor":0},{"not_picked":["animator:Elsword","animator:Rider"],"picked":"animator:LeleiLaLalena","floor":1},{"not_picked":["animator:Shion","animator:HighElfArcher"],"picked":"animator:Benimaru","floor":3},{"not_picked":["animator:Hakurou","animator:Demiurge"],"picked":"animator:Raven","floor":4},{"not_picked":["animator:ShinjiMatou","animator:Illya"],"picked":"animator:Berserker","floor":5},{"not_picked":["animator:Kuribayashi","animator:Berserker"],"picked":"animator:Assassin","floor":7},{"not_picked":["animator:Cocytus","animator:Eve"],"picked":"animator:DwarfShaman","floor":10},{"not_picked":["animator:GuildGirl","animator:Evileye"],"picked":"animator:Millim","floor":12},{"not_picked":["animator:Hakurou","animator:Shion"],"picked":"animator:Souei","floor":14}],"player_experience":191793,"relics_obtained":[{"floor":9,"key":"Vajra"},{"floor":10,"key":"trackpad:WindUpAutoDealer"}],"event_choices":[{"damage_healed":16,"gold_gain":0,"player_choice":"Healed","damage_taken":0,"max_hp_gain":0,"max_hp_loss":0,"event_name":"The Cleric","floor":2,"gold_loss":35},{"damage_healed":4,"gold_gain":0,"player_choice":"LEAVE ","damage_taken":0,"relics_obtained":[],"max_hp_gain":0,"max_hp_loss":0,"event_name":"betterSkull:BetterSkull","floor":8,"gold_loss":0,"cards_upgraded":[]}],"is_beta":false,"boss_relics":[],"items_purged_floors":[],"is_endless":false,"potions_floor_spawned":[1,3,5,14],"killed_by":"The Guardian","ascension_level":0}}