{"host":"3iouabftir4t7z56","time":1609702481,"event":{"mods":["2.2 Compatiblity","Act Like it!","BaseMod","Colored Map","Hallownest","Minty Spire (QoL Compilation)","StSLib","The Bug Knight"],"gold_per_floor":[116,116,4,39,57,84,96,96,176,193,204,204,204,217,217,217,217],"floor_reached":16,"playtime":775,"items_purged":["Hallownest:curseDreamersLament"],"score":137,"play_id":"db206e85-3fe4-4df4-b4e7-a9761ad8c4d7","local_time":"20210103203441","is_ascension_mode":false,"campfire_choices":[{"data":"HollowMod:ShadowDash","floor":12,"key":"SMITH"},{"floor":15,"key":"REST"}],"circlet_count":0,"master_deck":["HollowMod:NailStrikeStart","HollowMod:NailStrikeStart","HollowMod:NailStrikeStart","HollowMod:NailStrikeStart+1","HollowMod:QuickDashStart","HollowMod:QuickDashStart","HollowMod:QuickDashStart","HollowMod:QuickDashStart","HollowMod:FocusHealStart","HollowMod:PogoStrike","HollowMod:CycloneSlash","HollowMod:AbyssShriek","HollowMod:VengefulVoid","HollowMod:WraithStrike","HollowMod:WraithStrike+1","HollowMod:DescendingDark","HollowMod:ShadowDash+1"],"relics":["HollowMod:VesselMask","NeowsBlessing","Hallownest:TeacherSealRelic","Matryoshka","Letter Opener","Gremlin Horn","Whetstone","Pear"],"acts_visited":["Hallownest:Greenpath"],"potions_floor_usage":[16,16],"damage_taken":[{"damage":0,"enemies":"Hallownest:monsterHuskGuard","floor":1,"turns":1},{"damage":0,"enemies":"Hallownest:eliteVengeflyKing","floor":4,"turns":1},{"damage":0,"enemies":"2_ Uuma","floor":5,"turns":1},{"damage":35,"enemies":"Hallownest:eliteMossKnight","floor":6,"turns":12},{"damage":0,"enemies":"Hallownest:2_MossCreeps","floor":7,"turns":3},{"damage":0,"enemies":"Hallownest:Wandering_and_Horned","floor":10,"turns":3},{"damage":6,"enemies":"Hallownest:2_Tiktiks_1_Baldur_1_Crawlid","floor":11,"turns":2},{"damage":2,"enemies":"Hallownest:1_Baldur_1_Crawlid_1_Warrior","floor":14,"turns":2},{"damage":73,"enemies":"Hallownest:BossFalseKnight","floor":16,"turns":6}],"seed_played":"5249942762404693969","potions_obtained":[{"floor":4,"key":"Swift Potion"},{"floor":10,"key":"Block Potion"}],"is_trial":false,"path_per_floor":["M","?","$","?","M","E","M","T","T","M","M","R","?","M","R","B"],"character_chosen":"THE_BUGKNIGHT","items_purchased":["HollowMod:AbyssShriek"],"campfire_rested":1,"item_purchase_floors":[3],"current_hp_per_floor":[75,75,75,75,75,40,40,40,50,50,44,44,44,42,67,0,0],"gold":217,"neow_bonus":"THREE_ENEMY_KILL","is_daily":false,"chose_seed":false,"campfire_upgraded":1,"win_rate":0.0,"timestamp":1609702481,"path_taken":["M","?","$","?","M","E","M","?","T","?","M","R","?","M","R","BOSS"],"items_purchased_type":["Card"],"build_version":"2020-12-22","purchased_purges":1,"victory":false,"max_hp_per_floor":[75,75,75,75,75,75,75,75,85,85,85,85,85,85,85,85,85],"card_choices":[{"not_picked":["HollowMod:LifebloodCocoon","HollowMod:WraithStrike"],"picked":"HollowMod:CycloneSlash","floor":1},{"not_picked":["HollowMod:SoulStrike","HollowMod:BaldurShell"],"picked":"HollowMod:VengefulVoid","floor":4},{"not_picked":["HollowMod:HowlingWraiths","HollowMod:PureVessel"],"picked":"HollowMod:WraithStrike","floor":5},{"not_picked":["HollowMod:SoulShaman","HollowMod:HeavyBlow"],"picked":"HollowMod:WraithStrike","floor":6},{"not_picked":["HollowMod:GoodIntentions","HollowMod:DashSlash"],"picked":"HollowMod:DescendingDark","floor":7},{"not_picked":["HollowMod:MothsMistake","HollowMod:NewLittleFool"],"picked":"HollowMod:ShadowDash","floor":10},{"not_picked":["HollowMod:PureNailStrike","HollowMod:DashSlash","HollowMod:SoulSplash"],"picked":"SKIP","floor":11},{"not_picked":["HollowMod:HowlingWraiths","HollowMod:SoulShaman","HollowMod:HeavyBlow"],"picked":"SKIP","floor":14}],"player_experience":610238,"relics_obtained":[{"floor":4,"key":"Matryoshka"},{"floor":6,"key":"Letter Opener"},{"floor":8,"key":"Gremlin Horn"},{"floor":9,"key":"Whetstone"},{"floor":9,"key":"Pear"}],"event_choices":[],"is_beta":false,"boss_relics":[],"items_purged_floors":[3],"is_endless":false,"potions_floor_spawned":[4,10],"killed_by":"Hallownest:BossFalseKnight","ascension_level":0}}