{"host":"wshh0nphwn6jv7vj","time":1609704663,"event":{"mods":["BaseMod","Bestiary","Minty Spire (QoL Compilation)"],"gold_per_floor":[119,137,137,137,156,156,184,194,217,227,227,238,238,238],"floor_reached":13,"playtime":584,"items_purged":[],"score":161,"play_id":"f028b844-995d-43b8-8ee3-a3c05eb33054","local_time":"20210103151103","is_ascension_mode":true,"campfire_choices":[{"data":"Neutralize","floor":6,"key":"SMITH"},{"data":"Footwork","floor":11,"key":"SMITH"}],"circlet_count":0,"master_deck":["AscendersBane","Strike_G","Strike_G","Strike_G","Strike_G","Defend_G","Defend_G","Defend_G","Defend_G","Defend_G","Survivor","Neutralize+1","Metamorphosis","Dash","Phantasmal Killer","Sucker Punch","Adrenaline","Dagger Throw","Footwork+1","Bouncing Flask"],"relics":["Ring of the Snake","Ancient Tea Set","Toy Ornithopter"],"acts_visited":["Exordium"],"potions_floor_usage":[7,7,8,13],"damage_taken":[{"damage":0,"enemies":"2 Louse","floor":1,"turns":4},{"damage":1,"enemies":"Jaw Worm","floor":2,"turns":3},{"damage":0,"enemies":"Cultist","floor":5,"turns":3},{"damage":9,"enemies":"3 Sentries","floor":7,"turns":8},{"damage":2,"enemies":"3 Louse","floor":8,"turns":3},{"damage":8,"enemies":"Large Slime","floor":10,"turns":3},{"damage":6,"enemies":"Lots of Slimes","floor":12,"turns":5},{"damage":27,"enemies":"Lagavulin","floor":13,"turns":5}],"seed_played":"-2902431918993113852","potions_obtained":[{"floor":1,"key":"GamblersBrew"},{"floor":2,"key":"Explosive Potion"},{"floor":7,"key":"ColorlessPotion"},{"floor":12,"key":"SkillPotion"}],"is_trial":false,"path_per_floor":["M","M","?","?","M","R","E","M","T","M","R","M","E"],"character_chosen":"THE_SILENT","items_purchased":[],"campfire_rested":0,"item_purchase_floors":[],"current_hp_per_floor":[44,43,43,43,43,43,34,32,32,24,24,18,0,0],"gold":238,"neow_bonus":"RANDOM_COLORLESS_2","is_daily":false,"chose_seed":false,"campfire_upgraded":2,"win_rate":0.0,"timestamp":1609704663,"path_taken":["M","M","?","?","M","R","E","M","T","M","R","?","E"],"items_purchased_type":[],"build_version":"2020-12-22","purchased_purges":0,"victory":false,"max_hp_per_floor":[66,66,66,66,66,66,66,66,66,66,66,66,66,66],"card_choices":[{"not_picked":["Transmutation","Chrysalis"],"picked":"Metamorphosis","floor":0},{"not_picked":["Backstab","Sucker Punch"],"picked":"Dash","floor":1},{"not_picked":["Concentrate","Catalyst","Underhanded Strike"],"picked":"SKIP","floor":2},{"not_picked":["Deadly Poison","Outmaneuver"],"picked":"Sucker Punch","floor":5},{"not_picked":["Deadly Poison","Deflect"],"picked":"Adrenaline","floor":7},{"not_picked":["Slice","Flying Knee"],"picked":"Dagger Throw","floor":8},{"not_picked":["Crippling Poison","Acrobatics"],"picked":"Footwork","floor":10},{"not_picked":["Dodge and Roll","Dagger Spray"],"picked":"Bouncing Flask","floor":12}],"player_experience":1540407,"relics_obtained":[{"floor":7,"key":"Ancient Tea Set"},{"floor":9,"key":"Toy Ornithopter"}],"event_choices":[{"damage_healed":0,"gold_gain":0,"cards_transformed":["Strike_G"],"player_choice":"Change","damage_taken":0,"max_hp_gain":0,"max_hp_loss":0,"event_name":"Living Wall","floor":3,"gold_loss":0,"cards_obtained":["Phantasmal Killer"]},{"damage_healed":0,"gold_gain":0,"player_choice":"Ignored","damage_taken":0,"max_hp_gain":0,"max_hp_loss":0,"event_name":"Liars Game","floor":4,"gold_loss":0}],"is_beta":false,"boss_relics":[],"items_purged_floors":[],"is_endless":false,"potions_floor_spawned":[1,2,7,12],"killed_by":"Lagavulin","ascension_level":17}}