{"host":"y89x8uui45kcjy42","time":1609682932,"event":{"mods":["2.2 Compatiblity","BaseMod","CapriCore","Colored Map","Colored Powertips","Custom Start","Friendly Minions","Keyboard Shortcuts","Minty Spire (QoL Compilation)","Relic Stats","Slay the Relics Exporter","StSLib","SuperFastMode"],"gold_per_floor":[114,114,131,146,165,165,165],"floor_reached":6,"playtime":230,"items_purged":[],"score":76,"play_id":"6efed7b9-78ac-43fc-834f-ea41903c5152","local_time":"20210103230852","is_ascension_mode":true,"campfire_choices":[],"circlet_count":0,"master_deck":["AscendersBane","Strike_P","Strike_P","Strike_P","Defend_P","Defend_P","Defend_P","Eruption+1","Vigilance","Clumsy","Perseverance","TalkToTheHand","FlurryOfBlows","MentalFortress","Meditate"],"relics":["PureWater"],"acts_visited":["Exordium"],"potions_floor_usage":[5,6],"damage_taken":[{"damage":0,"enemies":"2 Louse","floor":1,"turns":2},{"damage":0,"enemies":"Cultist","floor":3,"turns":4},{"damage":0,"enemies":"Small Slimes","floor":4,"turns":3},{"damage":16,"enemies":"2 Fungi Beasts","floor":5,"turns":4},{"damage":45,"enemies":"3 Sentries","floor":6,"turns":8}],"seed_played":"-4115070952490181776","potions_obtained":[{"floor":1,"key":"GamblersBrew"},{"floor":4,"key":"DistilledChaos"}],"is_trial":false,"path_per_floor":["M","?","M","M","M","E"],"character_chosen":"WATCHER","items_purchased":[],"campfire_rested":0,"item_purchase_floors":[],"current_hp_per_floor":[61,61,61,61,45,0,0],"gold":165,"neow_bonus":"TRANSFORM_TWO_CARDS","is_daily":false,"chose_seed":false,"campfire_upgraded":0,"win_rate":0.0,"timestamp":1609682932,"path_taken":["M","?","M","M","?","E"],"items_purchased_type":[],"build_version":"2020-12-22","purchased_purges":0,"victory":false,"max_hp_per_floor":[68,68,68,68,68,68,68],"relic_stats":{"counters":[5,21],"obtain_stats":[{"PureWater":0},{"PureWater":0},{"PureWater":0}]},"card_choices":[{"not_picked":["BowlingBash","Consecrate"],"picked":"FlurryOfBlows","floor":1},{"not_picked":["SignatureMove","Conclude"],"picked":"MentalFortress","floor":3},{"not_picked":["Nirvana","Study","FlyingSleeves"],"picked":"SKIP","floor":4},{"not_picked":["Fasting2","Wallop"],"picked":"Meditate","floor":5}],"player_experience":550569,"relics_obtained":[],"event_choices":[{"damage_healed":0,"gold_gain":0,"player_choice":"Upgraded","damage_taken":0,"max_hp_gain":0,"max_hp_loss":0,"event_name":"Upgrade Shrine","floor":2,"gold_loss":0,"cards_upgraded":["Eruption"]}],"is_beta":false,"boss_relics":[],"items_purged_floors":[],"is_endless":false,"potions_floor_spawned":[1,4],"killed_by":"3 Sentries","ascension_level":20}}