{"host":"i0dqv19ybe2atd47","time":1609715921,"event":{"mods":["2.2 Compatiblity","A Magickal Journey","AchievementEnabler","Act Like it!","BaseMod","Beaked The Cultist","Bestiary","BetterRewards","CapriCore","ChefMod","Colored Map","Conspire","Curses Come First","Dio Mod","Downfall","Duelist Mod","Elementarium","GungeonMod","Hallownest","Hermit","Jedi Mod","Kratos Character Expansion","Mathematician","Melee Mod","Minty Spire (QoL Compilation)","Quick Restart","Rare Cards Sparkle","Replay The Spire","Robot Space Explorer","Shade Mod","Spicy Shops","StSLib","The Animator","The Blackbeard","The Bug Knight","The Caster","The Cursed","The Disciple","The Dragon Tamer","The Edgeheg","The Jungle","The Necromancer","The Runesmith","The Showman","The Trickster","The Wild Card","TheLocksmith","TheVacant","Yuri Mod"],"gold_per_floor":[118,129,47,59,76,76,76,76,76,96,115,115,130,149,149,248,248,248,248],"floor_reached":18,"playtime":1462,"items_purged":[],"score":181,"play_id":"d3e3f650-eb13-4e1c-8afe-9b083c88b0e6","local_time":"20210103181841","is_ascension_mode":false,"campfire_choices":[{"data":"yuri:yuriStab","floor":6,"key":"SMITH"},{"floor":8,"key":"REST"},{"data":"yuri:Skip","floor":15,"key":"SMITH"}],"circlet_count":0,"master_deck":["yuri:yuriStrike","yuri:yuriStrike","yuri:yuriStrike","yuri:yuriStrike","yuri:yuriStrike","yuri:yuriDefend","yuri:yuriDefend","yuri:yuriDefend","yuri:yuriDefend","yuri:yuriDefend","yuri:Oolong","yuri:yuriStab+1","yuri:HeavierStrike","yuri:WickedSlash","yuri:NerfBat","yuri:TPose","yuri:MPose","yuri:Spin","yuri:ThrowBook","yuri:Skip+1","yuri:Spin","yuri:ExploitStrike"],"relics":["yuri:yuriKnife","Replay:Wax Seal","Black Star"],"acts_visited":["Exordium","TheCity"],"potions_floor_usage":[],"damage_taken":[{"damage":2,"enemies":"conspire:RoseBush","floor":1,"turns":3},{"damage":2,"enemies":"Jaw Worm","floor":2,"turns":3},{"damage":1,"enemies":"Cultist","floor":4,"turns":3},{"damage":0,"enemies":"2 Fungi Beasts","floor":5,"turns":2},{"damage":4,"enemies":"Large Slime","floor":10,"turns":3},{"damage":2,"enemies":"Exordium Wildlife","floor":11,"turns":2},{"damage":0,"enemies":"3 Louse","floor":13,"turns":2},{"damage":8,"enemies":"Large Slime","floor":14,"turns":3},{"damage":35,"enemies":"Hexaghost","floor":16,"turns":8},{"damage":2,"enemies":"3 Byrds","floor":18,"turns":3}],"seed_played":"-6943009369839221448","potions_obtained":[{"floor":2,"key":"Explosive Potion"},{"floor":11,"key":"Toxic Potion"},{"floor":16,"key":"Guardian:BlockOnCardUsePotion"}],"is_trial":false,"path_per_floor":["M","M","$","M","M","R","?","R","T","M","M","?","M","M","R","B",null,"M"],"character_chosen":"YURI","items_purchased":["yuri:NerfBat"],"campfire_rested":1,"item_purchase_floors":[3],"current_hp_per_floor":[70,68,68,67,67,67,60,88,88,84,82,82,82,78,78,47,96,94,94],"gold":248,"neow_bonus":"TWENTY_PERCENT_HP_BONUS","is_daily":false,"chose_seed":false,"campfire_upgraded":2,"win_rate":0.0,"timestamp":1609715921,"path_taken":["M","M","$","M","M","R","?","R","T","M","M","?","M","M","R","BOSS","M"],"items_purchased_type":["Card"],"build_version":"2020-12-22","purchased_purges":0,"victory":false,"max_hp_per_floor":[96,96,96,96,96,96,96,96,96,96,96,96,96,96,96,96,96,96,96],"card_choices":[{"not_picked":["yuri:yuriHeavyStrike","yuri:WickedSlash"],"picked":"yuri:HeavierStrike","floor":1},{"not_picked":["yuri:HeavierStrike","yuri:Parry"],"picked":"yuri:WickedSlash","floor":2},{"not_picked":["yuri:MultiDip","yuri:TeaSet"],"picked":"yuri:TPose","floor":4},{"not_picked":["yuri:Spin","yuri:WickedSlash"],"picked":"yuri:MPose","floor":5},{"not_picked":["yuri:CalmingAura","yuri:RecklessStrike"],"picked":"yuri:Spin","floor":10},{"not_picked":["yuri:GlitchedStrike","yuri:ThrowingKnives"],"picked":"yuri:ThrowBook","floor":11},{"not_picked":["yuri:Stare","yuri:HeavierStrike"],"picked":"yuri:Skip","floor":13},{"not_picked":["yuri:BookRed","yuri:CalmingAura"],"picked":"yuri:Spin","floor":14},{"not_picked":["yuri:RelentlessStrikes","yuri:DuplicateCode"],"picked":"yuri:ExploitStrike","floor":16}],"player_experience":52108,"relics_obtained":[],"event_choices":[{"damage_healed":0,"gold_gain":0,"player_choice":"Success","damage_taken":7,"relics_obtained":["Replay:Wax Seal"],"max_hp_gain":0,"max_hp_loss":0,"event_name":"Scrap Ooze","floor":7,"gold_loss":0},{"damage_healed":0,"gold_gain":0,"player_choice":"Ignored","damage_taken":0,"max_hp_gain":0,"max_hp_loss":0,"event_name":"Liars Game","floor":12,"gold_loss":0}],"is_beta":false,"boss_relics":[{"not_picked":["Busted Crown","Replay:Drink Me"],"picked":"Black Star"}],"items_purged_floors":[],"is_endless":false,"potions_floor_spawned":[2,11,16],"killed_by":"3 Byrds","ascension_level":0}}