{"host":"tq7pufgtqftqw8yr","time":1609668071,"event":{"mods":["BaseMod","Downfall","Minty Spire (QoL Compilation)","StSLib"],"gold_per_floor":[99,116,116,135,153,163,188,113,132,157,176,176,176,201,219,323,323,323,349,349,370,370,393,393,318,5,8,8,20,20,44,70,70,70,70],"floor_reached":33,"playtime":2779,"items_purged":[],"score":270,"play_id":"e0d3d61a-ffbc-47ce-9f24-a10aff31e3a3","local_time":"20210103180111","is_ascension_mode":false,"campfire_choices":[{"floor":1.0,"key":"RECALL"},{"data":"hexamod:Float","floor":8.0,"key":"SMITH"},{"data":"hexamod:FastForward","floor":13.0,"key":"SMITH"},{"data":"hexamod:TimeOfNeed","floor":18,"key":"SMITH"},{"floor":25,"key":"REST"},{"data":"hexamod:EmpoweringStance","floor":28,"key":"SMITH"},{"data":"hexamod:ShieldOfDarkness","floor":30,"key":"SMITH"}],"circlet_count":0,"master_deck":["hexamod:Strike","hexamod:Strike","hexamod:Strike","hexamod:Strike","hexamod:Defend","hexamod:Defend","hexamod:Defend","hexamod:Defend","hexamod:Sear","hexamod:Float+1","hexamod:ShieldOfDarkness+1","hexamod:FirstSeal","hexamod:FastForward+1","hexamod:SpectersWail","hexamod:SecondSeal","hexamod:BurningTouch","hexamod:TimeOfNeed+1","CurseOfTheBell","hexamod:FastForward+1","hexamod:SwordOfDarkness+1","hexamod:EmpoweringStance+1","hexamod:GhostOfSpireFuture+1","hexamod:ThirdSeal"],"relics":["hexamod:SpiritBrand","Ancient Tea Set","Strawberry","downfall:HeartBlessingRed","Orichalcum","Calling Bell","Centennial Puzzle","Matryoshka","Thread and Needle","Omamori","downfall:HeartBlessingBlue","Calipers"],"acts_visited":["TheCity"],"potions_floor_usage":[23,23,33],"damage_taken":[{"damage":0.0,"enemies":"Small Slimes","floor":2.0,"turns":3.0},{"damage":0.0,"enemies":"2 Louse","floor":4.0,"turns":4.0},{"damage":5.0,"enemies":"Jaw Worm","floor":5.0,"turns":3.0},{"damage":9.0,"enemies":"Large Slime","floor":6.0,"turns":6.0},{"damage":1.0,"enemies":"Blue Slaver","floor":9.0,"turns":3.0},{"damage":12.0,"enemies":"Exordium Thugs","floor":10.0,"turns":5.0},{"damage":7.0,"enemies":"Red Slaver","floor":11.0,"turns":4.0},{"damage":3.0,"enemies":"Blue Slaver","floor":14.0,"turns":4.0},{"damage":3.0,"enemies":"2 Fungi Beasts","floor":15.0,"turns":4.0},{"damage":46.0,"enemies":"downfall:Watcher","floor":16.0,"turns":9.0},{"damage":21,"enemies":"3 Byrds","floor":19,"turns":7},{"damage":18,"enemies":"Chosen","floor":21,"turns":7},{"damage":19,"enemies":"Shelled Parasite and Fungi","floor":23,"turns":6},{"damage":0,"enemies":"downfall:FleeingMerchant","floor":26,"turns":4},{"damage":0,"enemies":"downfall:FleeingMerchant","floor":27,"turns":4},{"damage":8,"enemies":"Snecko","floor":29,"turns":6},{"damage":53,"enemies":"Cultist and Chosen","floor":31,"turns":8},{"damage":6,"enemies":"Snake Plant","floor":32,"turns":5},{"damage":45,"enemies":"downfall:Defect","floor":33,"turns":10}],"seed_played":"8024610681757180918","potions_obtained":[{"floor":4.0,"key":"Fire Potion"},{"floor":5.0,"key":"SkillPotion"},{"floor":14.0,"key":"Fire Potion"},{"floor":16.0,"key":"Strength Potion"},{"floor":19,"key":"DuplicationPotion"},{"floor":29,"key":"LiquidMemories"}],"is_trial":false,"path_per_floor":["R","M","?","M","M","M","T","R","M","M","M","?","R","M","M","B",null,"R","M","?","M","?","M","T","R","$","$","R","M","R","M","M","B"],"character_chosen":"THE_SPIRIT","items_purchased":["Calipers"],"campfire_rested":1,"item_purchase_floors":[26],"current_hp_per_floor":[70,70,63,63,65,63,70,70,76,71,71,71,71,75,77,38,77,77,63,77,66,66,54,54,87,87,87,87,86,86,40,41,0,0,0],"gold":70,"neow_bonus":"RANDOM_COMMON_RELIC","is_daily":false,"chose_seed":false,"campfire_upgraded":5,"win_rate":0.0,"timestamp":1609668071,"path_taken":["R","M","?","M","M","M","T","R","M","M","M","?","R","M","M","BOSS","R","M","?","M","?","M","T","R","?","$","R","M","R","M","M","BOSS"],"items_purchased_type":["Relic"],"build_version":"2020-12-22","purchased_purges":0,"victory":false,"max_hp_per_floor":[70,70,70,70,70,70,77,77,77,77,77,77,77,77,77,77,77,77,77,77,77,77,77,77,87,87,87,87,87,87,87,87,87,87,87],"card_choices":[{"not_picked":["hexamod:AdvancingGuard","hexamod:GhostOfSpirePast"],"picked":"hexamod:ShieldOfDarkness","floor":2.0},{"not_picked":["hexamod:GhostShield","hexamod:AdvancingGuard"],"picked":"hexamod:FastForward","floor":4.0},{"not_picked":["hexamod:EtherealExpedition","hexamod:GhostOfSpirePresent"],"picked":"hexamod:SpectersWail","floor":5.0},{"not_picked":["hexamod:BurningTouch","hexamod:HeatMetal"],"picked":"hexamod:SecondSeal","floor":6.0},{"not_picked":["hexamod:GhostLash","hexamod:ShieldOfDarkness","hexamod:InspiringFlames"],"picked":"SKIP","floor":9.0},{"not_picked":["hexamod:SoulSteal","hexamod:BacktrackSmack","hexamod:Hexaguard"],"picked":"SKIP","floor":10.0},{"not_picked":["hexamod:SpectersWail","hexamod:FastForward","hexamod:ShieldOfDarkness"],"picked":"SKIP","floor":11.0},{"not_picked":["hexamod:FastForward","hexamod:ExtraCrispy","hexamod:GhostShield"],"picked":"SKIP","floor":14.0},{"not_picked":["hexamod:ThermalTransfer","hexamod:ExtraCrispy"],"picked":"hexamod:BurningTouch","floor":15.0},{"not_picked":["hexamod:UnleashSpirits","hexamod:GhostflameInferno"],"picked":"hexamod:TimeOfNeed","floor":16.0},{"not_picked":["hexamod:PhantomFireball","hexamod:HauntingEcho"],"picked":"hexamod:FastForward+1","floor":19},{"not_picked":["hexamod:AdvancingGuard+1","hexamod:NightmareStrike"],"picked":"hexamod:SwordOfDarkness+1","floor":21},{"not_picked":["hexamod:Haunt","hexamod:SoulSteal","hexamod:GhostLash"],"picked":"SKIP","floor":23},{"not_picked":["hexamod:GhostShield+1","hexamod:ThermalTransfer"],"picked":"hexamod:EmpoweringStance","floor":26},{"not_picked":["hexamod:RainOfEmbers","hexamod:SpectersWail"],"picked":"hexamod:GhostOfSpireFuture+1","floor":27},{"not_picked":["hexamod:BurningTouch+1","hexamod:GhostShield","hexamod:EtherealExpedition"],"picked":"SKIP","floor":29},{"not_picked":["hexamod:GhostLash","hexamod:Rewind","hexamod:ShieldOfDarkness"],"picked":"SKIP","floor":31},{"not_picked":["hexamod:GhostLash","hexamod:NightmareStrike"],"picked":"hexamod:ThirdSeal","floor":32}],"player_experience":780781,"relics_obtained":[{"floor":7.0,"key":"Strawberry"},{"floor":17,"key":"Centennial Puzzle"},{"floor":17,"key":"Matryoshka"},{"floor":17,"key":"Thread and Needle"},{"floor":24,"key":"Omamori"}],"event_choices":[{"damage_healed":0.0,"max_hp_gain":0.0,"max_hp_loss":0.0,"gold_gain":0.0,"event_name":"Big Fish","player_choice":"Box","floor":12.0,"gold_loss":0.0,"damage_taken":0.0,"relics_obtained":["Orichalcum"],"cards_obtained":["Regret"]},{"damage_healed":25,"gold_gain":0,"player_choice":"Heal","damage_taken":0,"max_hp_gain":0,"max_hp_loss":0,"event_name":"The Library","floor":20,"gold_loss":0}],"is_beta":false,"boss_relics":[{"not_picked":["Sozu","Pandora\u0027s Box"],"picked":"Calling Bell"}],"items_purged_floors":[],"is_endless":false,"potions_floor_spawned":[4,5,14,16,19,21,29],"killed_by":"downfall:Defect","ascension_level":0}}