{"host":"ftkwaqka4srqnjt4","time":1609690821,"event":{"mods":["BaseMod","Downfall","Minty Spire (QoL Compilation)","StSLib"],"gold_per_floor":[99,117,117,22,32,32,32,59,59,78,97,110,35,47,62,166,166,91,106,191,205,205,205,205,64,77,2,2,102,102,137,168,275,275,275,306,333,37,72,57,84,95,122,122,122,146,175,175,220,220],"floor_reached":51,"playtime":5568,"items_purged":[],"score":703,"play_id":"8b6ffefa-8bd5-476b-8cae-abbbfe608e77","local_time":"20210103172021","is_ascension_mode":false,"campfire_choices":[{"data":"hexamod:Float","floor":1.0,"key":"SMITH"},{"data":"hexamod:CrushingStance","floor":9.0,"key":"SMITH"},{"floor":13.0,"key":"RECALL"},{"data":"hexamod:Sear","floor":18.0,"key":"SMITH"},{"data":"hexamod:GhostOfSpireFuture","floor":23.0,"key":"SMITH"},{"data":"hexamod:EmpoweringStance","floor":27.0,"key":"SMITH"},{"floor":35.0,"key":"REST"},{"floor":44.0,"key":"REST"}],"circlet_count":0,"master_deck":["hexamod:Strike+1","hexamod:Strike+1","hexamod:Strike+1","hexamod:Strike+1","hexamod:Defend+1","hexamod:Defend+1","hexamod:Defend+1","hexamod:Defend+1","hexamod:Sear+1","hexamod:Float+1","hexamod:SwordOfDarkness+1","hexamod:FirstSeal","hexamod:PhantomFireball","hexamod:FourthSeal","hexamod:CrushingStance+1","hexamod:GhostflameBarrier+1","hexamod:HauntingEcho","hexamod:AdvancingGuard+1","hexamod:NightmareGuise+1","hexamod:FastForward+1","hexamod:TurnItUp+1","hexamod:SpectersWail","hexamod:GhostOfSpireFuture+1","expansioncontent:ChargeUp+1","hexamod:HeatCrush","hexamod:GhostOfSpirePresent+1","hexamod:EmpoweringStance+1","hexamod:ThirdSeal","hexamod:ExtraCrispy+1","hexamod:SoulSteal+1","hexamod:TimeOfNeed+1","hexamod:InspiringFlames+1","hexamod:FastForward+1","hexamod:EtherealExpedition+1","hexamod:NightmareStrike+1","hexamod:Haunt+1","expansioncontent:StudyTheSpire","hexamod:TurnItUp+1","hexamod:SkipABeat+1","hexamod:EmpoweringStance","hexamod:FifthSeal","hexamod:Hexaguard+1","hexamod:SixthSeal","hexamod:RadiantFlame+1"],"relics":["hexamod:SpiritBrand","Prayer Wheel","Toxic Egg 2","Darkstone Periapt","downfall:HeartBlessingGreen","SlaversCollar","downfall:HeartBlessingRed","downfall:HeartBlessingBlue","Du-Vu Doll","Bottled Lightning","CeramicFish","Fusion Hammer","Bag of Preparation","Meat on the Bone"],"acts_visited":["Exordium","TheCity","TheBeyond"],"potions_floor_usage":[50,50],"damage_taken":[{"damage":3.0,"enemies":"2 Louse","floor":2.0,"turns":3.0},{"damage":0.0,"enemies":"downfall:FleeingMerchant","floor":4.0,"turns":4.0},{"damage":1.0,"enemies":"Cultist","floor":5.0,"turns":3.0},{"damage":24.0,"enemies":"Gremlin Nob","floor":8.0,"turns":5.0},{"damage":11.0,"enemies":"Jaw Worm","floor":10.0,"turns":3.0},{"damage":6.0,"enemies":"2 Fungi Beasts","floor":11.0,"turns":3.0},{"damage":7.0,"enemies":"3 Louse","floor":12.0,"turns":3.0},{"damage":0.0,"enemies":"Exordium Thugs","floor":14.0,"turns":6.0},{"damage":3.0,"enemies":"Red Slaver","floor":15.0,"turns":3.0},{"damage":55.0,"enemies":"downfall:Defect","floor":16.0,"turns":10.0},{"damage":4.0,"enemies":"Chosen","floor":19.0,"turns":5.0},{"damage":0.0,"enemies":"Shelled Parasite and Fungi","floor":21.0,"turns":8.0},{"damage":0.0,"enemies":"downfall:FleeingMerchant","floor":25.0,"turns":4.0},{"damage":17.0,"enemies":"Sentry and Sphere","floor":26.0,"turns":8.0},{"damage":0.0,"enemies":"downfall:Silent","floor":29.0,"turns":8.0},{"damage":0.0,"enemies":"Cultist and Chosen","floor":30.0,"turns":1.0},{"damage":26.0,"enemies":"Slavers","floor":31.0,"turns":6.0},{"damage":18.0,"enemies":"Snecko","floor":32.0,"turns":8.0},{"damage":45.0,"enemies":"downfall:Watcher","floor":33.0,"turns":13.0},{"damage":25.0,"enemies":"3 Shapes","floor":36.0,"turns":6.0},{"damage":9.0,"enemies":"Orb Walker","floor":37.0,"turns":4.0},{"damage":0.0,"enemies":"downfall:FleeingMerchant","floor":38.0,"turns":4.0},{"damage":13.0,"enemies":"Jaw Worm Horde","floor":39.0,"turns":6.0},{"damage":0.0,"enemies":"downfall:FleeingMerchant","floor":40.0,"turns":4.0},{"damage":4.0,"enemies":"Maw","floor":42.0,"turns":9.0},{"damage":28.0,"enemies":"Nemesis","floor":43.0,"turns":7.0},{"damage":9.0,"enemies":"3 Darklings","floor":46.0,"turns":5.0},{"damage":17.0,"enemies":"Spire Growth","floor":47.0,"turns":6.0},{"damage":13.0,"enemies":"Maw","floor":49.0,"turns":8.0},{"damage":82,"enemies":"downfall:Silent","floor":50,"turns":13}],"seed_played":"4862805338030107930","potions_obtained":[{"floor":5.0,"key":"Fruit Juice"},{"floor":8.0,"key":"Block Potion"},{"floor":10.0,"key":"EntropicBrew"},{"floor":10.0,"key":"EssenceOfSteel"},{"floor":11.0,"key":"DuplicationPotion"},{"floor":14.0,"key":"Fire Potion"},{"floor":16.0,"key":"hexamod:InfernoChargePotion"},{"floor":19.0,"key":"hexamod:EctoCoolerPotion"},{"floor":21.0,"key":"AttackPotion"},{"floor":25.0,"key":"FairyPotion"},{"floor":26.0,"key":"FairyPotion"},{"floor":31.0,"key":"PowerPotion"},{"floor":32.0,"key":"EntropicBrew"},{"floor":33.0,"key":"Fruit Juice"},{"floor":33.0,"key":"Fire Potion"},{"floor":36.0,"key":"hexamod:InfernoChargePotion"},{"floor":39.0,"key":"BlessingOfTheForge"},{"floor":42.0,"key":"FairyPotion"},{"floor":42.0,"key":"DistilledChaos"},{"floor":46.0,"key":"SpeedPotion"}],"is_trial":false,"path_per_floor":["R","M","?","$","M","T","T","E","R","M","M","M","R","M","M","B",null,"R","M","?","M","?","R","T","$","M","R","?","?","M","E","M","B",null,"R","M","M","$","M","$","T","M","E","R","?","M","M","?","M","B",null],"character_chosen":"THE_SPIRIT","items_purchased":["hexamod:PhantomFireball","expansioncontent:ChargeUp+1","hexamod:HeatCrush","hexamod:Haunt+1","expansioncontent:StudyTheSpire","Regen Potion"],"campfire_rested":2,"item_purchase_floors":[4,25,25,38,38,38],"current_hp_per_floor":[77,74,74,74,82,82,82,65,65,61,55,48,48,55,59,4,82,82,82,68,75,75,75,75,82,72,82,82,89,92,66,55,22,97,97,72,63,63,72,79,79,82,61,90,90,88,71,71,58,27],"gold":220,"neow_bonus":"TEN_PERCENT_HP_BONUS","is_daily":false,"chose_seed":false,"campfire_upgraded":5,"win_rate":0.0,"timestamp":1609690821,"path_taken":["R","M","?","$","?","?","T","E","R","M","?","M","R","M","M","BOSS","R","M","?","M","?","R","T","?","M","R","?","?","M","E","M","BOSS","R","M","M","$","M","$","T","M","E","R","?","M","M","?","M","BOSS"],"items_purchased_type":["Card","Card","Card","Card","Card","Potion"],"build_version":"2020-12-22","purchased_purges":0,"victory":true,"max_hp_per_floor":[77,77,77,77,82,82,82,82,82,82,82,82,82,82,82,82,82,82,82,82,82,82,82,82,82,82,92,92,92,92,92,92,97,97,97,97,97,97,97,97,97,97,97,97,97,97,97,97,97,97],"card_choices":[{"not_picked":["hexamod:RainOfEmbers","hexamod:Firestarter"],"picked":"hexamod:SwordOfDarkness","floor":2.0},{"not_picked":["hexamod:Rewind","hexamod:GhostShield"],"picked":"hexamod:FirstSeal","floor":4.0},{"not_picked":["hexamod:RainOfEmbers","hexamod:Hexaguard"],"picked":"hexamod:FourthSeal","floor":5.0},{"not_picked":["hexamod:NightmareGuise+1","hexamod:SwordOfDarkness"],"picked":"hexamod:CrushingStance","floor":8.0},{"not_picked":["hexamod:BacktrackSmack","hexamod:SwordOfDarkness"],"picked":"hexamod:GhostflameBarrier+1","floor":10.0},{"not_picked":["hexamod:GhostOfSpireFuture","hexamod:NecessarySacrifice+1"],"picked":"hexamod:HauntingEcho","floor":10.0},{"not_picked":["hexamod:SpectralAdrenaline+1","hexamod:Incineration"],"picked":"hexamod:AdvancingGuard+1","floor":11.0},{"not_picked":["hexamod:HeatCrush","hexamod:NightmareStrike","hexamod:PhantomFireball"],"picked":"SKIP","floor":11.0},{"not_picked":["hexamod:NightmareStrike","hexamod:AdvancingGuard+1"],"picked":"hexamod:NightmareGuise+1","floor":12.0},{"not_picked":["hexamod:GhostflameBarrier+1","hexamod:RecurringNightmare+1","hexamod:GhostShield+1"],"picked":"SKIP","floor":12.0},{"not_picked":["hexamod:GhostOfSpirePresent","hexamod:GhostShield+1"],"picked":"hexamod:FastForward+1","floor":14.0},{"not_picked":["hexamod:PhantomFireball","hexamod:Rewind+1","hexamod:BacktrackSmack"],"picked":"SKIP","floor":14.0},{"not_picked":["hexamod:HeatCrush","hexamod:SwordOfDarkness","hexamod:SpectralAdrenaline+1"],"picked":"SKIP","floor":15.0},{"not_picked":["hexamod:GhostShield+1","hexamod:NightmareStrike","hexamod:HeatCrush"],"picked":"SKIP","floor":15.0},{"not_picked":["hexamod:VolcanoVisage","hexamod:TimeWarp"],"picked":"hexamod:TurnItUp+1","floor":16.0},{"not_picked":["hexamod:Hexaguard+1","hexamod:GhostflameBarrier+1"],"picked":"hexamod:SpectersWail","floor":19.0},{"not_picked":["hexamod:ThermalTransfer","hexamod:SpectersWail","hexamod:AdvancingGuard+1"],"picked":"SKIP","floor":19.0},{"not_picked":["hexamod:SwordOfDarkness+1","hexamod:NightmareGuise+1"],"picked":"hexamod:GhostOfSpireFuture","floor":21.0},{"not_picked":["hexamod:NightmareStrike","hexamod:Firestarter","hexamod:ShieldOfDarkness+1"],"picked":"SKIP","floor":21.0},{"not_picked":["hexamod:HauntingEcho+1","hexamod:FastForward+1","hexamod:GhostLash"],"picked":"SKIP","floor":25.0},{"not_picked":["hexamod:RadiantFlame+1","hexamod:Hexaguard+1"],"picked":"hexamod:GhostOfSpirePresent+1","floor":26.0},{"not_picked":["hexamod:BurningTouch+1","hexamod:SwordOfDarkness"],"picked":"hexamod:EmpoweringStance","floor":26.0},{"not_picked":["hexamod:RadiantFlame+1","hexamod:BurningTouch+1"],"picked":"hexamod:ThirdSeal","floor":31.0},{"not_picked":["hexamod:NightmareStrike+1","hexamod:NightmareGuise+1"],"picked":"hexamod:ExtraCrispy+1","floor":32.0},{"not_picked":["hexamod:Firestarter","hexamod:BacktrackSmack"],"picked":"hexamod:SoulSteal+1","floor":32.0},{"not_picked":["hexamod:FourthSeal","hexamod:NightmareGuise+1","hexamod:GhostLash+1"],"picked":"SKIP","floor":32.0},{"not_picked":["hexamod:EmpoweringStance","hexamod:VolcanoVisage"],"picked":"hexamod:TimeOfNeed+1","floor":33.0},{"not_picked":["hexamod:RetreatToShadows+1","hexamod:HauntingEcho+1"],"picked":"hexamod:InspiringFlames+1","floor":36.0},{"not_picked":["hexamod:InspiringFlames+1","hexamod:RainOfEmbers"],"picked":"hexamod:FastForward+1","floor":36.0},{"not_picked":["hexamod:NightmareStrike","hexamod:HauntingEcho","hexamod:BacktrackSmack+1"],"picked":"SKIP","floor":36.0},{"not_picked":["hexamod:RainOfEmbers+1","hexamod:GhostShield+1"],"picked":"hexamod:EtherealExpedition+1","floor":37.0},{"not_picked":["hexamod:BurningTouch+1","hexamod:NightmareGuise+1","hexamod:GhostLash"],"picked":"SKIP","floor":37.0},{"not_picked":["hexamod:InspiringFlames+1","hexamod:SoulSteal+1","hexamod:GhostOfSpirePast+1"],"picked":"SKIP","floor":37.0},{"not_picked":["hexamod:HeatShield+1","hexamod:SwordOfDarkness+1"],"picked":"hexamod:NightmareStrike+1","floor":38.0},{"not_picked":["hexamod:InspiringFlames+1","hexamod:AdvancingGuard+1"],"picked":"hexamod:TurnItUp+1","floor":39.0},{"not_picked":["hexamod:ThirdSeal","hexamod:EmpoweredFlame"],"picked":"hexamod:SkipABeat+1","floor":39.0},{"not_picked":["hexamod:SwordOfDarkness","hexamod:AdvancingGuard+1","hexamod:Hexaguard+1"],"picked":"SKIP","floor":40.0},{"not_picked":["hexamod:HauntingEcho","hexamod:BurningTouch+1","hexamod:BacktrackSmack"],"picked":"SKIP","floor":40.0},{"not_picked":["hexamod:UnleashSpirits","hexamod:SwordOfDarkness+1","hexamod:SpectersWail"],"picked":"SKIP","floor":42.0},{"not_picked":["hexamod:RecurringNightmare+1","hexamod:HauntingEcho","hexamod:FirstSeal"],"picked":"SKIP","floor":42.0},{"not_picked":["hexamod:SpectralAdrenaline+1","hexamod:GhostShield+1","hexamod:Haunt+1"],"picked":"SKIP","floor":43.0},{"not_picked":["hexamod:NightmareStrike","hexamod:GhostShield+1"],"picked":"hexamod:EmpoweringStance","floor":46.0},{"not_picked":["hexamod:RecurringNightmare+1","hexamod:SwordOfDarkness","hexamod:ThermalTransfer+1"],"picked":"SKIP","floor":46.0},{"not_picked":["hexamod:NightmareStrike+1","hexamod:EmpoweredFlame+1"],"picked":"hexamod:FifthSeal","floor":47.0},{"not_picked":["hexamod:InspiringFlames+1","hexamod:SwordOfDarkness+1","hexamod:GhostLash+1"],"picked":"SKIP","floor":47.0},{"not_picked":["hexamod:NecessarySacrifice+1","hexamod:EtherealExpedition+1"],"picked":"hexamod:Hexaguard+1","floor":49.0},{"not_picked":["hexamod:FirstSeal","hexamod:FourthSeal"],"picked":"hexamod:SixthSeal","floor":49.0},{"not_picked":["hexamod:RecurringNightmare+1","hexamod:FourthSeal"],"picked":"hexamod:RadiantFlame+1","floor":49.0},{"not_picked":["hexamod:HeatCrush+1","hexamod:GhostOfSpirePresent+1","hexamod:PhantomFireball+1"],"picked":"SKIP","floor":49.0}],"player_experience":534999,"relics_obtained":[{"floor":6.0,"key":"Prayer Wheel"},{"floor":7.0,"key":"Toxic Egg 2"},{"floor":8.0,"key":"Darkstone Periapt"},{"floor":29.0,"key":"Du-Vu Doll"},{"floor":29.0,"key":"Bottled Lightning"},{"floor":31.0,"key":"CeramicFish"},{"floor":41.0,"key":"Bag of Preparation"},{"floor":43.0,"key":"Meat on the Bone"}],"event_choices":[{"damage_healed":0.0,"max_hp_gain":0.0,"max_hp_loss":0.0,"gold_gain":0.0,"event_name":"Upgrade Shrine","player_choice":"Upgraded","floor":3.0,"gold_loss":0.0,"damage_taken":0.0,"cards_upgraded":["hexamod:SwordOfDarkness"]},{"damage_healed":0.0,"max_hp_gain":0.0,"max_hp_loss":0.0,"gold_gain":0.0,"event_name":"Back to Basics","player_choice":"Simplicity","floor":22.0,"gold_loss":0.0,"damage_taken":0.0,"cards_upgraded":["hexamod:Strike","hexamod:Strike","hexamod:Strike","hexamod:Strike","hexamod:Defend","hexamod:Defend","hexamod:Defend","hexamod:Defend"]},{"damage_healed":0.0,"max_hp_gain":0.0,"max_hp_loss":0.0,"gold_gain":0.0,"event_name":"Vampires","player_choice":"Ignored","floor":28.0,"gold_loss":0.0,"damage_taken":0.0}],"is_beta":false,"boss_relics":[{"not_picked":["SacredBark","Sozu"],"picked":"SlaversCollar"},{"not_picked":["Runic Pyramid","Tiny House"],"picked":"Fusion Hammer"}],"items_purged_floors":[],"is_endless":false,"potions_floor_spawned":[5,10,11,14,16,19,21,30,32,33,37,42,46,47,49],"ascension_level":0}}