{"host":"2he95iptrbxkejc1","time":1609703201,"event":{"mods":["AchievementEnabler","BaseMod","Minty Spire (QoL Compilation)"],"gold_per_floor":[118,133,148,118,137,137,212,232,232,232,232,192,207,223,223,223,223],"floor_reached":16,"playtime":1334,"items_purged":[],"score":114,"play_id":"da983c9e-dd76-47a6-9f21-eed9ecb06a6b","local_time":"20210103194641","is_ascension_mode":false,"campfire_choices":[{"floor":11,"key":"REST"},{"data":"1","floor":15,"key":"LIFT"}],"circlet_count":0,"master_deck":["Strike_G","Strike_G","Strike_G","Strike_G","Strike_G","Defend_G","Defend_G","Defend_G","Defend_G","Defend_G","Survivor","Neutralize","Parasite","Outmaneuver","Expertise","Footwork","Acrobatics","Prepared","Dodge and Roll","Slice","Escape Plan"],"relics":["Ring of the Snake","Girya","Meat on the Bone"],"acts_visited":["Exordium"],"potions_floor_usage":[6,10,13,16,16],"damage_taken":[{"damage":7,"enemies":"Small Slimes","floor":1,"turns":5},{"damage":0,"enemies":"Jaw Worm","floor":2,"turns":6},{"damage":1,"enemies":"Cultist","floor":3,"turns":5},{"damage":0,"enemies":"Looter","floor":4,"turns":4},{"damage":2,"enemies":"Red Slaver","floor":5,"turns":6},{"damage":0,"enemies":"Gremlin Nob","floor":6,"turns":2},{"damage":2,"enemies":"Blue Slaver","floor":8,"turns":6},{"damage":37,"enemies":"Lagavulin","floor":10,"turns":15},{"damage":1,"enemies":"2 Fungi Beasts","floor":13,"turns":7},{"damage":4,"enemies":"Looter","floor":14,"turns":5},{"damage":53,"enemies":"Hexaghost","floor":16,"turns":14}],"seed_played":"-2375102092240542878","potions_obtained":[{"floor":2,"key":"SmokeBomb"},{"floor":8,"key":"SmokeBomb"},{"floor":12,"key":"Regen Potion"},{"floor":12,"key":"SteroidPotion"},{"floor":12,"key":"SmokeBomb"},{"floor":13,"key":"Poison Potion"}],"is_trial":false,"path_per_floor":["M","M","M","M","M","E","?","M","T","E","R","?","M","M","R","B"],"character_chosen":"THE_SILENT","items_purchased":[],"campfire_rested":1,"item_purchase_floors":[],"current_hp_per_floor":[63,63,62,62,60,60,49,47,47,22,43,43,57,53,53,0,0],"gold":223,"neow_bonus":"ONE_RARE_RELIC","is_daily":false,"chose_seed":false,"campfire_upgraded":0,"win_rate":0.0,"timestamp":1609703201,"path_taken":["M","M","M","M","M","E","?","M","T","E","R","?","M","M","R","BOSS"],"items_purchased_type":[],"build_version":"2020-12-22","purchased_purges":0,"victory":false,"max_hp_per_floor":[70,70,70,70,70,70,70,70,70,70,70,70,70,70,70,70,70],"card_choices":[{"not_picked":["Endless Agony","Flechettes"],"picked":"Outmaneuver","floor":1},{"not_picked":["Blade Dance","Blur"],"picked":"Expertise","floor":2},{"not_picked":["Flying Knee","Distraction"],"picked":"Footwork","floor":3},{"not_picked":["Heel Hook","Deadly Poison"],"picked":"Acrobatics","floor":4},{"not_picked":["Sucker Punch","PiercingWail"],"picked":"Prepared","floor":5},{"not_picked":["Deflect","Sucker Punch"],"picked":"Dodge and Roll","floor":8},{"not_picked":["Dash","Quick Slash"],"picked":"Slice","floor":13},{"not_picked":["Blade Dance","Caltrops"],"picked":"Escape Plan","floor":14}],"player_experience":27303,"relics_obtained":[{"floor":9,"key":"Meat on the Bone"}],"event_choices":[{"damage_healed":0,"gold_gain":75,"player_choice":"Gather Gold","damage_taken":11,"max_hp_gain":0,"max_hp_loss":0,"event_name":"World of Goop","floor":7,"gold_loss":0},{"damage_healed":0,"gold_gain":0,"player_choice":"Bought 3 Potions","damage_taken":0,"max_hp_gain":0,"max_hp_loss":0,"event_name":"The Woman in Blue","floor":12,"gold_loss":0}],"is_beta":false,"boss_relics":[],"items_purged_floors":[],"is_endless":false,"potions_floor_spawned":[2,6,8,13,14],"killed_by":"Hexaghost","ascension_level":0}}