{"host":"novohdx135h0xyrr","time":1609706204,"event":{"mods":["BaseMod","Colored Map","Colored Powertips","Highlight Path","Minty Spire (QoL Compilation)"],"gold_per_floor":[113,125,125,125,50,50,85,103,103,103,116,116,135,210,210,305,305,325,343,343,343,131,141,141,172,172,172,184,5,5,5,5],"floor_reached":31,"playtime":2195,"items_purged":["Bash","Defend_R"],"score":359,"play_id":"e746097e-08ce-403c-8ed0-1c0ad0042f42","local_time":"20210103123644","is_ascension_mode":true,"campfire_choices":[{"data":"Pommel Strike","floor":6,"key":"SMITH"},{"data":"Body Slam","floor":10,"key":"SMITH"},{"data":"Rampage","floor":12,"key":"SMITH"},{"data":"Pommel Strike","floor":15,"key":"SMITH"},{"floor":24,"key":"RECALL"},{"floor":30,"key":"REST"}],"circlet_count":0,"master_deck":["Defend_R","Defend_R","Defend_R+1","Pommel Strike+1","Rampage+1","Body Slam+1","Shrug It Off","Pommel Strike","Pommel Strike+1","Fiend Fire","Shrug It Off+1","Bite","Bite","Bite","Bite","Bite","Limit Break","True Grit","Inflame","Whirlwind","Rampage"],"relics":["Burning Blood","NeowsBlessing","InkBottle","Fusion Hammer","Nilry\u0027s Codex","Ancient Tea Set","Bottled Flame"],"acts_visited":["Exordium","TheCity"],"potions_floor_usage":[16,16,23,31,31],"damage_taken":[{"damage":0,"enemies":"Jaw Worm","floor":1,"turns":1},{"damage":0,"enemies":"2 Louse","floor":2,"turns":1},{"damage":0,"enemies":"Gremlin Nob","floor":7,"turns":1},{"damage":4,"enemies":"Small Slimes","floor":8,"turns":3},{"damage":3,"enemies":"Blue Slaver","floor":11,"turns":3},{"damage":22,"enemies":"Large Slime","floor":13,"turns":4},{"damage":42,"enemies":"Hexaghost","floor":16,"turns":10},{"damage":2,"enemies":"Chosen","floor":18,"turns":3},{"damage":10,"enemies":"3 Byrds","floor":19,"turns":4},{"damage":22,"enemies":"Centurion and Healer","floor":23,"turns":5},{"damage":41,"enemies":"Slavers","floor":25,"turns":7},{"damage":22,"enemies":"Sentry and Sphere","floor":28,"turns":4},{"damage":51,"enemies":"Gremlin Leader","floor":31,"turns":6}],"seed_played":"-6553721183211944645","potions_obtained":[{"floor":7,"key":"SpeedPotion"},{"floor":13,"key":"DistilledChaos"},{"floor":16,"key":"Energy Potion"},{"floor":18,"key":"BlessingOfTheForge"},{"floor":23,"key":"Energy Potion"},{"floor":28,"key":"BlessingOfTheForge"}],"is_trial":false,"path_per_floor":["M","M","?","?","$","R","E","M","T","R","M","R","M","?","R","B",null,"M","M","?","?","$","M","R","E","T","?","M","$","R","E"],"character_chosen":"IRONCLAD","items_purchased":["Rampage","Limit Break","Rampage"],"campfire_rested":1,"item_purchase_floors":[5,22,29],"current_hp_per_floor":[80,80,64,64,64,64,70,72,72,72,77,77,63,52,52,18,80,80,76,76,60,60,58,58,27,27,27,19,19,43,0,0],"gold":5,"neow_bonus":"THREE_ENEMY_KILL","is_daily":false,"chose_seed":false,"campfire_upgraded":4,"win_rate":0.0,"timestamp":1609706204,"path_taken":["M","M","?","?","$","R","E","M","T","R","M","R","M","?","R","BOSS","M","M","?","?","$","M","R","E","T","?","?","$","R","E"],"items_purchased_type":["Card","Card","Card"],"build_version":"2020-12-22","purchased_purges":2,"victory":false,"max_hp_per_floor":[80,80,80,80,80,80,80,80,80,80,80,80,80,80,80,80,80,80,80,80,80,80,80,80,80,80,80,80,80,80,80,80],"card_choices":[{"not_picked":["Searing Blow","Burning Pact"],"picked":"Pommel Strike","floor":1},{"not_picked":["Clash","Thunderclap","Anger"],"picked":"SKIP","floor":2},{"not_picked":["Rampage","Brutality"],"picked":"Body Slam","floor":7},{"not_picked":["Wild Strike","Reckless Charge"],"picked":"Shrug It Off","floor":8},{"not_picked":["Wild Strike","Dropkick"],"picked":"Pommel Strike","floor":11},{"not_picked":["Power Through","Perfected Strike"],"picked":"Pommel Strike","floor":13},{"not_picked":["Brutality","Double Tap"],"picked":"Fiend Fire","floor":16},{"not_picked":["Flex","Hemokinesis","Metallicize+1"],"picked":"SKIP","floor":18},{"not_picked":["Body Slam","Spot Weakness"],"picked":"Shrug It Off+1","floor":19},{"not_picked":["Disarm+1","Reckless Charge+1"],"picked":"True Grit","floor":23},{"not_picked":["Wild Strike","Flame Barrier+1","Evolve+1"],"picked":"SKIP","floor":25},{"not_picked":["Havoc+1","Reckless Charge"],"picked":"Whirlwind","floor":28}],"player_experience":198640,"relics_obtained":[{"floor":7,"key":"InkBottle"},{"floor":9,"key":"Blood Vial"},{"floor":21,"key":"Nilry\u0027s Codex"},{"floor":25,"key":"Ancient Tea Set"},{"floor":26,"key":"Bottled Flame"}],"event_choices":[{"damage_healed":0,"gold_gain":0,"player_choice":"Entered Light","damage_taken":16,"max_hp_gain":0,"max_hp_loss":0,"event_name":"Shining Light","floor":3,"gold_loss":0,"cards_upgraded":["Defend_R","Strike_R"]},{"cards_removed":["Strike_R"],"damage_healed":0,"gold_gain":0,"player_choice":"Forget","damage_taken":0,"max_hp_gain":0,"max_hp_loss":0,"event_name":"Living Wall","floor":4,"gold_loss":0},{"damage_healed":0,"gold_gain":75,"player_choice":"Gather Gold","damage_taken":11,"max_hp_gain":0,"max_hp_loss":0,"event_name":"World of Goop","floor":14,"gold_loss":0},{"damage_healed":0,"gold_gain":0,"player_choice":"Became a vampire (Vial)","damage_taken":0,"max_hp_gain":0,"max_hp_loss":0,"event_name":"Vampires","floor":20,"relics_lost":["Blood Vial"],"gold_loss":0,"cards_obtained":["Bite","Bite","Bite","Bite","Bite"]},{"damage_healed":0,"gold_gain":0,"player_choice":"Obtained Book","damage_taken":16,"max_hp_gain":0,"max_hp_loss":0,"event_name":"Cursed Tome","floor":21,"gold_loss":0},{"damage_healed":0,"gold_gain":0,"player_choice":"Read","damage_taken":0,"max_hp_gain":0,"max_hp_loss":0,"event_name":"The Library","floor":27,"gold_loss":0,"cards_obtained":["Inflame"]}],"is_beta":false,"boss_relics":[{"not_picked":["Pandora\u0027s Box","Philosopher\u0027s Stone"],"picked":"Fusion Hammer"}],"items_purged_floors":[22,29],"is_endless":false,"potions_floor_spawned":[7,13,16,18,23,28],"killed_by":"Gremlin Leader","ascension_level":4}}