{"host":"0lnx88jdgcrh6gmr","time":1609652654,"event":{"mods":["2.2 Compatiblity","AchievementEnabler","BaseMod","Beaked The Cultist","Better Note","Better Skull","Better Third Choice","Block Reminder","Colored Map","Displayed Cursed Tome","Glutton Mod","Googly Eyes","Hermit","Highlight Path","Minty Spire (QoL Compilation)","Rare Cards Sparkle","Relic Stats","Shade Mod","Spicy Shops","StSLib","The Construct","The Cursed","The Disciple","The Mystic","The Servant 0.9.4","Unceasing Turn Reminder","everything is the same but u backflip on backflip","slay the spire mod where everything is the same but ironclad has a cowboy hat"],"gold_per_floor":[117,117,137,67,87,87,87,36,36,53,53,65,65,65,65,163,163,173,183,4,4,4,29,47,47,47,47,47,47,57,74,74,169,169,182,34,34,52,0,0,17,37,60,60,60,75,75,88,88,88,88],"floor_reached":50,"playtime":2215,"items_purged":[],"score":502,"play_id":"778751f2-8c8c-4618-8c61-6446a67aefc6","local_time":"20210102224414","is_ascension_mode":false,"campfire_choices":[{"data":"Backstab","floor":6,"key":"SMITH"},{"floor":11,"key":"RECALL"},{"data":"Backflip","floor":13,"key":"SMITH"},{"data":"Dash","floor":15,"key":"SMITH"},{"floor":25,"key":"REST"},{"floor":27,"key":"REST"},{"data":"After Image","floor":29,"key":"SMITH"},{"floor":32,"key":"REST"},{"data":"Blur","floor":40,"key":"SMITH"},{"floor":44,"key":"REST"},{"floor":49,"key":"REST"}],"circlet_count":0,"master_deck":["Strike_G","Strike_G","Strike_G","Defend_G","Defend_G","Defend_G","Defend_G","Defend_G","Survivor","Neutralize","Backstab+1","Bane","Poisoned Stab","Deadly Poison","Prepared","Dash+1","Backflip+1","Catalyst","Die Die Die","Caltrops","Backflip+1","Poisoned Stab","After Image+1","Dagger Throw+1","Quick Slash+1","Venomology","Crippling Poison+1","Blur+1","Leg Sweep+1","Footwork+1","Parasite","Backflip+1","The Bomb","PiercingWail","Catalyst+1"],"relics":["Ring of the Snake","PreservedInsect","Paper Crane","SlaversCollar","Vajra","Snake Skull","Question Card","construct:WeddingRing","Strawberry","Red Mask"],"acts_visited":["Exordium","TheCity","TheBeyond"],"potions_floor_usage":[30,46,50,50],"damage_taken":[{"damage":0,"enemies":"Jaw Worm","floor":1,"turns":4},{"damage":0,"enemies":"Cultist","floor":3,"turns":4},{"damage":0,"enemies":"2 Louse","floor":5,"turns":2},{"damage":0,"enemies":"Gremlin Gang","floor":10,"turns":4},{"damage":0,"enemies":"Exordium Wildlife","floor":12,"turns":3},{"damage":29,"enemies":"The Guardian","floor":16,"turns":14},{"damage":9,"enemies":"Shell Parasite","floor":18,"turns":5},{"damage":5,"enemies":"3 Byrds","floor":19,"turns":6},{"damage":11,"enemies":"Book of Stabbing","floor":23,"turns":4},{"damage":24,"enemies":"Sentry and Sphere","floor":24,"turns":8},{"damage":8,"enemies":"Snecko","floor":30,"turns":5},{"damage":5,"enemies":"3 Cultists","floor":31,"turns":6},{"damage":69,"enemies":"Champ","floor":33,"turns":10},{"damage":16,"enemies":"3 Darklings","floor":35,"turns":4},{"damage":7,"enemies":"3 Shapes","floor":38,"turns":5},{"damage":25,"enemies":"Spire Growth","floor":41,"turns":6},{"damage":15,"enemies":"Writhing Mass","floor":42,"turns":6},{"damage":31,"enemies":"Jaw Worm Horde","floor":46,"turns":5},{"damage":7,"enemies":"Maw","floor":48,"turns":9},{"damage":31,"enemies":"Awakened One","floor":50,"turns":17}],"seed_played":"7073294966693884347","potions_obtained":[{"floor":3,"key":"Block Potion"},{"floor":10,"key":"Energy Potion"},{"floor":14,"key":"GamblersBrew"},{"floor":31,"key":"Regen Potion"}],"is_trial":false,"path_per_floor":["M","?","M","$","M","R","?","$","T","M","R","M","R","?","R","B",null,"M","M","$","?","?","E","M","R","T","R","$","R","M","M","R","B",null,"M","$","?","M","?","R","M","M","T","R","?","M","$","M","R","B"],"character_chosen":"THE_SILENT","items_purchased":["Poisoned Stab","Deadly Poison","Dash","Poisoned Stab","Vajra","Strawberry","Blur"],"campfire_rested":5,"item_purchase_floors":[4,4,8,20,20,36,36],"current_hp_per_floor":[70,70,70,70,70,70,70,70,70,70,70,70,70,70,70,41,70,61,56,56,56,56,45,21,42,42,63,63,63,55,50,70,1,70,54,61,61,54,54,54,29,14,14,37,37,15,15,8,31,0,0],"gold":88,"neow_bonus":"RANDOM_COMMON_RELIC","is_daily":false,"chose_seed":false,"campfire_upgraded":5,"win_rate":0.0,"timestamp":1609652654,"path_taken":["M","?","M","?","M","R","?","$","T","M","R","?","R","?","R","BOSS","M","M","$","?","?","E","M","R","T","R","$","R","?","M","R","BOSS","M","$","?","M","?","R","M","M","T","R","?","M","$","M","R","BOSS"],"items_purchased_type":["Card","Card","Card","Card","Relic","Relic","Card"],"build_version":"2020-12-22","purchased_purges":0,"victory":false,"max_hp_per_floor":[70,70,70,70,70,70,70,70,70,70,70,70,70,70,70,70,70,70,70,70,70,70,70,70,70,70,70,70,70,70,70,70,70,70,70,77,77,77,77,77,77,77,77,77,77,77,77,77,77,77,77],"relic_stats":{"counters":[20,127],"PreservedInsect":41,"Snake Skull":[67],"Question Card":10,"obtain_stats":[{"SlaversCollar":17,"construct:WeddingRing":34,"Strawberry":36,"Vajra":20,"PreservedInsect":0,"Snake Skull":23,"Red Mask":39,"Paper Crane":9,"Question Card":26,"Ring of the Snake":0},{"SlaversCollar":6,"construct:WeddingRing":13,"Strawberry":14,"Vajra":8,"PreservedInsect":0,"Snake Skull":9,"Red Mask":15,"Paper Crane":3,"Question Card":10,"Ring of the Snake":0},{"SlaversCollar":31,"construct:WeddingRing":75,"Strawberry":79,"Vajra":42,"PreservedInsect":0,"Snake Skull":46,"Red Mask":84,"Paper Crane":10,"Question Card":54,"Ring of the Snake":0}],"Ring of the Snake":[40]},"card_choices":[{"not_picked":["Underhanded Strike","Reflex"],"picked":"Backstab","floor":1},{"not_picked":["PiercingWail","Flying Knee"],"picked":"Bane","floor":3},{"not_picked":["Underhanded Strike","Riddle With Holes"],"picked":"Prepared","floor":5},{"not_picked":["Deadly Poison","Flying Knee"],"picked":"Backflip","floor":10},{"not_picked":["Riddle With Holes","Dagger Throw"],"picked":"Catalyst","floor":12},{"not_picked":["Wraith Form v2","Venomology"],"picked":"Die Die Die","floor":16},{"not_picked":["Blade Dance+1","Flying Knee"],"picked":"Caltrops","floor":18},{"not_picked":["Escape Plan","Caltrops"],"picked":"Backflip+1","floor":19},{"not_picked":["Quick Slash","Prepared"],"picked":"Dagger Throw+1","floor":23},{"not_picked":["All Out Attack","Backflip","Endless Agony"],"picked":"SKIP","floor":24},{"not_picked":["Finisher","Eviscerate","Tactician+1"],"picked":"Quick Slash+1","floor":30},{"not_picked":["Outmaneuver","Expertise","Dagger Spray"],"picked":"Venomology","floor":31},{"not_picked":["PiercingWail+1","Poisoned Stab","Reflex"],"picked":"Crippling Poison+1","floor":35},{"not_picked":["Bouncing Flask+1","Slice+1","PiercingWail+1"],"picked":"Leg Sweep+1","floor":38},{"not_picked":["Quick Slash","Cloak And Dagger+1","Storm of Steel"],"picked":"Footwork+1","floor":41},{"not_picked":["Leg Sweep+1","Dagger Spray","Predator"],"picked":"Backflip+1","floor":42},{"not_picked":["Discovery","Deep Breath","Chrysalis"],"picked":"The Bomb","floor":45},{"not_picked":["Escape Plan","Bane","Outmaneuver"],"picked":"PiercingWail","floor":46},{"not_picked":["Slice","Skewer","Prepared"],"picked":"Catalyst+1","floor":48}],"player_experience":238627,"relics_obtained":[{"floor":9,"key":"Paper Crane"},{"floor":23,"key":"Snake Skull"},{"floor":26,"key":"Question Card"}],"event_choices":[{"cards_removed":["Strike_G"],"damage_healed":0,"gold_gain":0,"player_choice":"Offered Basic","damage_taken":0,"max_hp_gain":0,"max_hp_loss":0,"event_name":"Bonfire Elementals","floor":2,"gold_loss":0},{"damage_healed":0,"gold_gain":0,"player_choice":"Full Heal","damage_taken":0,"max_hp_gain":0,"max_hp_loss":0,"event_name":"Wheel of Change","floor":7,"gold_loss":0},{"damage_healed":0,"gold_gain":0,"player_choice":"Got Potions","damage_taken":0,"max_hp_gain":0,"max_hp_loss":0,"event_name":"Lab","floor":14,"gold_loss":0},{"cards_removed":["Backstab"],"damage_healed":0,"gold_gain":0,"player_choice":"Give","damage_taken":0,"max_hp_gain":0,"max_hp_loss":0,"event_name":"betterNote:BetterNote","floor":21,"gold_loss":0,"cards_obtained":["Impervious"]},{"damage_healed":0,"gold_gain":0,"cards_transformed":["Strike_G"],"player_choice":"Transformed","damage_taken":0,"max_hp_gain":0,"max_hp_loss":0,"event_name":"Transmorgrifier","floor":22,"gold_loss":0,"cards_obtained":["After Image"]},{"damage_healed":0,"gold_gain":0,"player_choice":"Ignored","damage_taken":0,"max_hp_gain":0,"max_hp_loss":0,"event_name":"Mysterious Sphere","floor":37,"gold_loss":0},{"damage_healed":0,"gold_gain":0,"player_choice":"Paid","damage_taken":0,"relics_obtained":["Red Mask"],"max_hp_gain":0,"max_hp_loss":0,"event_name":"Tomb of Lord Red Mask","floor":39,"gold_loss":52},{"damage_healed":0,"gold_gain":0,"player_choice":"Memory 1","damage_taken":0,"max_hp_gain":0,"max_hp_loss":0,"event_name":"SensoryStone","floor":45,"gold_loss":0}],"is_beta":false,"boss_relics":[{"not_picked":["Coffee Dripper","Calling Bell"],"picked":"SlaversCollar"},{"not_picked":["construct:ClawGrip","WristBlade"],"picked":"construct:WeddingRing"}],"items_purged_floors":[],"is_endless":false,"potions_floor_spawned":[3,10,19,31,35,41,48],"killed_by":"Awakened One","ascension_level":0}}