{"host":"27tk4xseidcli2mr","time":1609664458,"event":{"mods":["2.2 Compatiblity","AchievementEnabler","Aspiration","BaseMod","Better Third Choice","Conspire","Custom Start","Hubris","Jorbs\u0027s Wanderer Trilogy","Minty Spire (QoL Compilation)","Replay The Spire","StSLib","SuperFastMode","[IsaacMod]????"],"gold_per_floor":[109,14,14,91,109,109,141,151,151,184,194,63,338,39,39,113,113,127,127,127,52,2,2,2,2,2,38,73,73,73,73],"floor_reached":30,"playtime":980,"items_purged":["Strike_B","Strike_B","Strike_B","Strike_B"],"score":654,"play_id":"889b8790-a648-4908-baa7-47b4a1a8b5c4","local_time":"20210103100058","is_ascension_mode":true,"campfire_choices":[{"data":"ReplayTheSpireMod:Calculation Training","floor":6,"key":"SMITH"},{"floor":15,"key":"REST"},{"floor":23,"key":"RECALL"},{"data":"Chaos","floor":25,"key":"SMITH"}],"circlet_count":0,"master_deck":["AscendersBane","Defend_B","Defend_B","Defend_B","Defend_B","Zap","Dualcast","BasicCrystalCard","Cold Snap","Coolheaded+1","Ball Lightning","ReplayTheSpireMod:Calculation Training+1","Cold Snap","Redo","Cold Snap","Machine Learning","Flash of Steel","Melter","Magnetism","Rainbow","Echo Form","Chaos+1","Beam Cell","conspire:SpireCoStock","aspiration:Polymerization","Madness+1"],"relics":["Cracked Core","HushsDoor","Orichalcum","SteamSale","Strawberry","HornCleat","Omamori","aspiration:DSix","Juzu Bracelet","ReplayTheSpireMod:CursedCoin","hubris:TinFlute","Regal Pillow","hubris:ScarierMask","PrismaticShard","Toy Ornithopter","Anchor"],"acts_visited":["Exordium","TheCity"],"potions_floor_usage":[7,7,7,10],"damage_taken":[{"damage":8.0,"enemies":"Small Slimes","floor":1.0,"turns":3.0},{"damage":0,"enemies":"2 Louse","floor":5,"turns":3},{"damage":32,"enemies":"Gremlin Nob","floor":7,"turns":5},{"damage":0,"enemies":"conspire:RoseBush","floor":8,"turns":2},{"damage":0,"enemies":"3 Sentries","floor":10,"turns":2},{"damage":4,"enemies":"Red Slaver","floor":11,"turns":4},{"damage":0,"enemies":"Hexaghost","floor":16,"turns":12},{"damage":0,"enemies":"Spheric Guardian","floor":18,"turns":3},{"damage":0,"enemies":"Shell Parasite","floor":27,"turns":2},{"damage":8,"enemies":"Slavers","floor":28,"turns":5},{"damage":200000027,"enemies":"Gremlin Leader","floor":30,"turns":7}],"seed_played":"4321606305911890860","potions_obtained":[{"floor":1,"key":"SteroidPotion"},{"floor":4,"key":"EntropicBrew"},{"floor":4,"key":"EntropicBrew"},{"floor":8,"key":"Doom Potion"},{"floor":11,"key":"Elixir"},{"floor":16,"key":"FairyPotion"},{"floor":28,"key":"Swift Potion"}],"is_trial":false,"path_per_floor":["M","$","?","?","M","R","E","M","T","E","M","$","?","$","R","B",null,"M","?","?","$","?","R","$","R","T","M","E","T","E"],"character_chosen":"DEFECT","items_purchased":["Cold Snap","Coolheaded","Juzu Bracelet","ReplayTheSpireMod:CursedCoin","hubris:TinFlute","Regal Pillow","Flash of Steel","Melter","Magnetism","Echo Form"],"campfire_rested":1,"item_purchase_floors":[2,2,12,14,14,14,14,14,14,17],"current_hp_per_floor":[56,56,56,40,40,40,8,8,8,8,4,4,4,4,42,42,66,66,66,54,54,54,54,54,54,54,54,46,46,0,0],"gold":73,"neow_bonus":"RANDOM_COMMON_RELIC","is_daily":false,"chose_seed":false,"campfire_upgraded":2,"win_rate":0.0,"timestamp":1609664458,"path_taken":["M","$","?","?","?","R","E","M","T","E","M","$","?","$","R","BOSS","M","?","?","$","?","R","$","R","T","M","E","?","E"],"items_purchased_type":["Card","Card","Relic","Relic","Relic","Relic","Card","Card","Card","Card"],"build_version":"2020-12-22","purchased_purges":4,"victory":false,"max_hp_per_floor":[71,71,71,78,78,78,78,78,78,78,78,78,78,78,78,78,74,74,74,74,74,74,74,74,74,74,74,74,74,74,74],"card_choices":[{"not_picked":["Beam Cell","Sunder"],"picked":"BasicCrystalCard","floor":1},{"not_picked":["hubris:SpecializedCircuitry","Hologram"],"picked":"Ball Lightning","floor":4},{"not_picked":["ReplayTheSpireMod:Dual Polarity","Gash"],"picked":"ReplayTheSpireMod:Calculation Training","floor":5},{"not_picked":["Stack","Beam Cell"],"picked":"Cold Snap","floor":7},{"not_picked":["Beam Cell","Barrage"],"picked":"Redo","floor":8},{"not_picked":["Steam","Turbo"],"picked":"Cold Snap","floor":10},{"not_picked":["Consume","Rebound"],"picked":"Machine Learning","floor":11},{"not_picked":["Hyperbeam","hubris:SpecializedCircuitry"],"picked":"Rainbow","floor":16},{"not_picked":["Rip and Tear","Hologram"],"picked":"Chaos","floor":18},{"not_picked":["Steam","Cold Snap"],"picked":"Beam Cell","floor":20},{"not_picked":["Clothesline","Slice"],"picked":"aspiration:Polymerization","floor":27},{"not_picked":["Underhanded Strike","stsjorbsmod:Inferno+1"],"picked":"Madness+1","floor":28}],"player_experience":1242106,"relics_obtained":[{"floor":4,"key":"Strawberry"},{"floor":7,"key":"HornCleat"},{"floor":9,"key":"Omamori"},{"floor":10,"key":"aspiration:DSix"},{"floor":20,"key":"PrismaticShard"},{"floor":28,"key":"Toy Ornithopter"},{"floor":29,"key":"Anchor"}],"event_choices":[{"damage_healed":0,"gold_gain":275,"player_choice":"Desecrate","damage_taken":0,"max_hp_gain":0,"max_hp_loss":0,"event_name":"Golden Shrine","floor":13,"gold_loss":0,"cards_obtained":["Regret"]},{"damage_healed":0,"gold_gain":0,"player_choice":"Invest 1","damage_taken":0,"max_hp_gain":0,"max_hp_loss":0,"event_name":"conspire:Investor","floor":22,"gold_loss":0}],"is_beta":false,"boss_relics":[{"not_picked":["aspiration:IroncladSkillbook","Tiny House"],"picked":"hubris:ScarierMask"},{"not_picked":[]}],"items_purged_floors":[2,12,14,21],"is_endless":false,"potions_floor_spawned":[1,8,11,16,28],"killed_by":"Gremlin Leader","ascension_level":20}}