{"host":"waq1ashgqt0tulkv","time":1609671704,"event":{"mods":["Aspiration","BaseMod","BetterRewards","Colored Powertips","Conspire","Downfall","Duelist Mod","Hermit","Hubris","Infinite Spire","Minty Spire (QoL Compilation)","Quick Restart","Rare Cards Sparkle","Replay The Spire","StSLib","SuperFastMode","The Animator","The Bug Knight","The Construct","The Cursed","The Disciple","The Hierophant","The Necromancer","The Runesmith","The Servant 0.9.4","egg"],"gold_per_floor":[119,119,140,18,58,58,79,103,185,199,199,219,232,247,247,370,370,390,440,453,453,478,478,478,499,550,406,406,406,406],"floor_reached":29,"playtime":775,"items_purged":["Injury"],"score":219,"play_id":"4db82dc3-e15f-4fd0-b908-a979752e72d2","local_time":"20210103040144","is_ascension_mode":false,"campfire_choices":[{"data":"Cleave","floor":6.0,"key":"SMITH"},{"floor":11.0,"key":"REST"},{"floor":15.0,"key":"REST"},{"floor":23,"key":"REST"}],"circlet_count":0,"master_deck":["Strike_R","Strike_R","Strike_R","Strike_R","Defend_R","Defend_R","Defend_R","Defend_R","Bash","Cleave+1","Iron Wave","Shrug It Off","Pommel Strike","Sword Boomerang","Twin Strike","Thunderclap","infinitespire:OneForAll","conspire:ExplosiveBarrier+1","Sword Boomerang+1","hubris:InfiniteBlow","Headbutt","ReplayTheSpireMod:Corrosion Curse","Warcry"],"relics":["Burning Blood","aspiration:Nostalgia","theDuelist:MillenniumPuzzle","Golden Idol","Quantum Egg","Replay:Bottled Steam","aspiration:MobileForge","aspiration:Headhunter","Happy Flower","infinitespire:Satchel"],"acts_visited":["Exordium","TheCity"],"potions_floor_usage":[18,20],"damage_taken":[{"damage":11.0,"enemies":"Small Slimes","floor":1.0,"turns":4.0},{"damage":6.0,"enemies":"Jaw Worm","floor":3.0,"turns":3.0},{"damage":18.0,"enemies":"conspire:MimicChest","floor":5.0,"turns":8.0},{"damage":2.0,"enemies":"Cultist","floor":7.0,"turns":5.0},{"damage":5.0,"enemies":"Looter","floor":8.0,"turns":4.0},{"damage":20.0,"enemies":"Gremlin Gang","floor":10.0,"turns":3.0},{"damage":13.0,"enemies":"2 Fungi Beasts","floor":12.0,"turns":3.0},{"damage":21.0,"enemies":"Exordium Thugs","floor":13.0,"turns":4.0},{"damage":17.0,"enemies":"Large Slime","floor":14.0,"turns":5.0},{"damage":60.0,"enemies":"Fading Forest","floor":16.0,"turns":11.0},{"damage":9,"enemies":"2 Thieves","floor":18,"turns":5},{"damage":20,"enemies":"Chosen","floor":20,"turns":7},{"damage":32,"enemies":"Sentry and Sphere","floor":22,"turns":6},{"damage":28,"enemies":"Snake Plant","floor":25,"turns":3},{"damage":49,"enemies":"Book of Stabbing","floor":29,"turns":5}],"seed_played":"6123897147706072341","potions_obtained":[{"floor":3.0,"key":"Swift Potion"},{"floor":8.0,"key":"PowerPotion"},{"floor":12.0,"key":"Cursed Concoction"},{"floor":13.0,"key":"ColorlessPotion"},{"floor":16.0,"key":"ColorlessPotion"},{"floor":18,"key":"Block Potion"}],"is_trial":false,"path_per_floor":["M","?","M","$","?","R","M","M","T","M","R","M","M","M","R","B",null,"M","?","M","AVR","M","R","?","M","T","$","?","E"],"character_chosen":"IRONCLAD","items_purchased":["Shrug It Off","infinitespire:Satchel"],"campfire_rested":3,"item_purchase_floors":[4,27],"current_hp_per_floor":[75,75,76,76,65,65,70,72,72,59,80,73,59,49,73,30,80,77,77,65,65,41,65,65,45,45,45,45,0,0],"gold":406,"neow_bonus":"NOSTALGIA","is_daily":false,"chose_seed":false,"campfire_upgraded":1,"win_rate":0.0,"timestamp":1609671704,"path_taken":["M","?","M","$","?","R","M","M","T","?","R","M","M","M","R","BOSS","M","?","M","AVR","?","R","?","M","T","?","?","E"],"items_purchased_type":["Card","Relic"],"build_version":"2020-12-13","purchased_purges":1,"victory":false,"max_hp_per_floor":[80,80,80,80,80,80,80,80,80,80,80,80,80,80,80,80,80,80,80,80,80,80,80,80,80,80,80,80,80,80],"card_choices":[{"not_picked":["Feel No Pain","Ghostly Armor"],"picked":"Cleave","floor":1.0},{"not_picked":["Pommel Strike","Whirlwind"],"picked":"Iron Wave","floor":3.0},{"not_picked":["Clothesline","Armaments"],"picked":"Pommel Strike","floor":5.0},{"not_picked":["True Grit","Bludgeon"],"picked":"Sword Boomerang","floor":7.0},{"not_picked":["Warcry","Clash"],"picked":"Twin Strike","floor":8.0},{"not_picked":["Dark Embrace","Disarm","Warcry"],"picked":"SKIP","floor":10.0},{"not_picked":["Iron Wave","Clothesline"],"picked":"Thunderclap","floor":12.0},{"not_picked":["Body Slam","Twin Strike"],"picked":"infinitespire:OneForAll","floor":13.0},{"not_picked":["Clash","Armaments","Clothesline"],"picked":"SKIP","floor":14.0},{"not_picked":["Spot Weakness+1","Perfected Strike"],"picked":"conspire:ExplosiveBarrier+1","floor":18},{"not_picked":["Heavy Blade","Cleave"],"picked":"Sword Boomerang+1","floor":20},{"not_picked":["Intimidate","Anger"],"picked":"Headbutt","floor":22},{"not_picked":["Thunderclap","Fiend Fire"],"picked":"ReplayTheSpireMod:Corrosion Curse","floor":25}],"player_experience":29630,"relics_obtained":[{"floor":5.0,"key":"Quantum Egg"},{"floor":9.0,"key":"Replay:Bottled Steam"},{"floor":26,"key":"Happy Flower"}],"event_choices":[{"damage_healed":0.0,"max_hp_gain":0.0,"max_hp_loss":0.0,"gold_gain":0.0,"event_name":"Golden Idol","player_choice":"Take Wound","floor":2.0,"gold_loss":0.0,"damage_taken":0.0,"relics_obtained":["Golden Idol"],"cards_obtained":["Injury"]},{"damage_healed":0,"gold_gain":100,"player_choice":"Bet on Murderer","damage_taken":0,"max_hp_gain":0,"max_hp_loss":0,"event_name":"The Joust","floor":19,"gold_loss":50},{"damage_healed":0,"gold_gain":0,"player_choice":"Leave","damage_taken":0,"max_hp_gain":0,"max_hp_loss":0,"event_name":"conspire:Investor","floor":24,"gold_loss":0},{"damage_healed":0,"gold_gain":0,"cards_transformed":["Strike_R"],"player_choice":"Transformed","damage_taken":0,"max_hp_gain":0,"max_hp_loss":0,"event_name":"Transmorgrifier","floor":28,"gold_loss":0,"cards_obtained":["Warcry"]}],"is_beta":false,"boss_relics":[{"not_picked":["Astrolabe","Replay:Ancient Bell"],"picked":"aspiration:MobileForge"}],"items_purged_floors":[4],"is_endless":false,"potions_floor_spawned":[3,8,12,13,16,18],"killed_by":"Book of Stabbing","ascension_level":0}}