{"host":"i0avyit1s6jb1siw","time":1609643231,"event":{"mods":["BaseMod","DeckTracker","Dota2Spire","Highlight Path","Minty Spire (QoL Compilation)","Quick Restart","StSLib","SuperFastMode"],"gold_per_floor":[360,360,200,125,149,149,180,193,219,219,25,25,25,39,39,135,135,149,184,184,199,116,160,160,160,160,160,173,208,233,256,256,352,352,376,400,450,464,487,487,487],"floor_reached":40,"playtime":1293,"items_purged":["Strike_R","Strike_R"],"score":1048,"play_id":"921d626e-2c08-4674-92bc-edd180d5a371","local_time":"20210103040711","is_ascension_mode":true,"campfire_choices":[{"data":"Whirlwind","floor":6.0,"key":"SMITH"},{"data":"Blood for Blood","floor":10.0,"key":"SMITH"},{"floor":12.0,"key":"REST"},{"data":"Bloodletting","floor":15.0,"key":"SMITH"},{"data":"Entrench","floor":24.0,"key":"SMITH"},{"data":"Barricade","floor":32.0,"key":"SMITH"}],"circlet_count":0,"master_deck":["AscendersBane","Defend_R","Defend_R","Defend_R","Defend_R","Blood for Blood+1","Whirlwind+1","Evolve","Shrug It Off","Shockwave","Bloodletting+1","Impervious","CurseOfTheBell","Shrug It Off","Body Slam+1","Entrench+1","Dual Wield","Barricade+1","Whirlwind+1","Sword Boomerang+1","Spot Weakness+1","Entrench+1","Warcry+1"],"relics":["Burning Blood","Golden Idol","Oddly Smooth Stone","Tiny Chest","Calling Bell","Happy Flower","Molten Egg 2","Dota2Spire:Satanic","Red Mask","Mango","Centennial Puzzle","Bag of Marbles","Astrolabe"],"acts_visited":["Exordium","TheCity","TheBeyond"],"potions_floor_usage":[38,38],"damage_taken":[{"damage":2.0,"enemies":"2 Louse","floor":1.0,"turns":3.0},{"damage":14.0,"enemies":"Jaw Worm","floor":5.0,"turns":4.0},{"damage":30.0,"enemies":"3 Sentries","floor":7.0,"turns":6.0},{"damage":0.0,"enemies":"Small Slimes","floor":8.0,"turns":2.0},{"damage":8.0,"enemies":"Red Slaver","floor":14.0,"turns":3.0},{"damage":13.0,"enemies":"Slime Boss","floor":16.0,"turns":7.0},{"damage":31.0,"enemies":"Spheric Guardian","floor":18.0,"turns":6.0},{"damage":3.0,"enemies":"Masked Bandits","floor":19.0,"turns":3.0},{"damage":3.0,"enemies":"Chosen","floor":21.0,"turns":4.0},{"damage":0.0,"enemies":"Slavers","floor":23.0,"turns":2.0},{"damage":3.0,"enemies":"Snake Plant","floor":28.0,"turns":3.0},{"damage":12.0,"enemies":"Book of Stabbing","floor":29.0,"turns":4.0},{"damage":3.0,"enemies":"Centurion and Healer","floor":31.0,"turns":4.0},{"damage":3.0,"enemies":"Collector","floor":33.0,"turns":7.0},{"damage":11.0,"enemies":"Orb Walker","floor":35.0,"turns":3.0},{"damage":15.0,"enemies":"3 Darklings","floor":36.0,"turns":2.0},{"damage":47,"enemies":"Writhing Mass","floor":38,"turns":14},{"damage":0,"enemies":"Maw","floor":39,"turns":6},{"damage":68,"enemies":"Reptomancer","floor":40,"turns":3}],"seed_played":"-1770335611821143631","potions_obtained":[{"floor":1.0,"key":"FearPotion"},{"floor":14.0,"key":"FearPotion"},{"floor":16.0,"key":"LiquidMemories"},{"floor":19.0,"key":"SneckoOil"},{"floor":21.0,"key":"DistilledChaos"},{"floor":28.0,"key":"Swift Potion"},{"floor":29.0,"key":"Block Potion"},{"floor":35.0,"key":"SkillPotion"}],"is_trial":false,"path_per_floor":["M","?","$","?","M","R","E","M","T","R","$","R","$","M","R","B",null,"M","?","?","M","$","E","R","$","T","?","M","E","T","M","R","B",null,"M","M","?","M","M","E"],"character_chosen":"IRONCLAD","items_purchased":["Whirlwind","Shrug It Off","Shockwave","Entrench"],"campfire_rested":1,"item_purchase_floors":[3,11,11,22],"current_hp_per_floor":[54,54,54,54,46,46,22,28,28,28,28,48,48,46,46,39,61,36,39,39,51,51,71,71,71,71,71,74,68,68,71,71,74,80,75,66,66,25,31,0,0],"gold":487,"neow_bonus":"TWO_FIFTY_GOLD","is_daily":false,"chose_seed":false,"campfire_upgraded":5,"win_rate":0.0,"timestamp":1609643231,"path_taken":["M","?","$","?","M","R","E","M","T","R","$","R","$","M","R","BOSS","M","?","?","M","$","E","R","$","T","?","M","E","?","M","R","BOSS","M","M","?","M","?","E"],"items_purchased_type":["Card","Card","Card","Card"],"build_version":"2020-12-22","purchased_purges":2,"victory":false,"max_hp_per_floor":[75,68,68,68,68,68,68,68,68,68,68,68,68,68,68,68,68,68,68,68,68,68,82,82,82,82,82,82,82,82,82,82,82,82,82,82,82,82,82,82,82],"card_choices":[{"not_picked":["Cleave","Ghostly Armor"],"picked":"Blood for Blood","floor":1.0},{"not_picked":["Clash","Heavy Blade","Warcry"],"picked":"SKIP","floor":5.0},{"not_picked":["Sever Soul","Cleave"],"picked":"Evolve","floor":7.0},{"not_picked":["Sentinel","Pommel Strike"],"picked":"Carnage","floor":8.0},{"not_picked":["Iron Wave","Bloodletting","Evolve"],"picked":"SKIP","floor":14.0},{"not_picked":["Iron Wave","Evolve"],"picked":"Bloodletting","floor":14.0},{"not_picked":["Juggernaut","Barricade"],"picked":"Impervious","floor":16.0},{"not_picked":["True Grit","Heavy Blade+1"],"picked":"Shrug It Off","floor":18.0},{"not_picked":["Thunderclap+1","Brutality"],"picked":"Body Slam+1","floor":21.0},{"not_picked":["Sword Boomerang+1","True Grit","Clothesline+1"],"picked":"SKIP","floor":23.0},{"not_picked":["Wild Strike+1","Body Slam+1"],"picked":"Dual Wield","floor":28.0},{"not_picked":["Whirlwind+1","Spot Weakness"],"picked":"Barricade","floor":29.0},{"not_picked":["Inflame","Anger+1","Body Slam+1"],"picked":"SKIP","floor":31.0},{"not_picked":["Twin Strike+1","Shrug It Off","True Grit"],"picked":"SKIP","floor":35.0},{"not_picked":["Warcry+1","Twin Strike+1"],"picked":"Entrench+1","floor":36.0},{"not_picked":["Perfected Strike+1","Clothesline+1"],"picked":"Warcry+1","floor":38},{"not_picked":["Warcry","Thunderclap+1","Sword Boomerang+1"],"picked":"SKIP","floor":39}],"player_experience":2168201,"relics_obtained":[{"floor":7.0,"key":"Oddly Smooth Stone"},{"floor":9.0,"key":"Tiny Chest"},{"floor":17.0,"key":"Happy Flower"},{"floor":17.0,"key":"Molten Egg 2"},{"floor":17.0,"key":"Dota2Spire:Satanic"},{"floor":19.0,"key":"Red Mask"},{"floor":23.0,"key":"Mango"},{"floor":29.0,"key":"Centennial Puzzle"},{"floor":30.0,"key":"Bag of Marbles"}],"event_choices":[{"damage_healed":0.0,"max_hp_gain":0.0,"max_hp_loss":7.0,"gold_gain":0.0,"event_name":"Golden Idol","player_choice":"Lose Max HP","floor":2.0,"gold_loss":0.0,"damage_taken":0.0,"relics_obtained":["Golden Idol"]},{"cards_removed":["Strike_R"],"damage_healed":0.0,"max_hp_gain":0.0,"max_hp_loss":0.0,"gold_gain":0.0,"event_name":"The Cleric","player_choice":"Card Removal","floor":4.0,"gold_loss":75.0,"damage_taken":0.0},{"damage_healed":0.0,"max_hp_gain":0.0,"max_hp_loss":0.0,"gold_gain":0.0,"event_name":"Masked Bandits","player_choice":"Fought Bandits","floor":19.0,"gold_loss":0.0,"damage_taken":0.0},{"damage_healed":0.0,"max_hp_gain":0.0,"max_hp_loss":0.0,"gold_gain":0.0,"event_name":"Vampires","player_choice":"Ignored","floor":20.0,"gold_loss":0.0,"damage_taken":0.0},{"cards_removed":["Strike_R"],"damage_healed":0.0,"max_hp_gain":0.0,"max_hp_loss":0.0,"gold_gain":0.0,"event_name":"Purifier","player_choice":"Purged","floor":27.0,"gold_loss":0.0,"damage_taken":0.0},{"damage_healed":0.0,"max_hp_gain":0.0,"max_hp_loss":0.0,"gold_gain":50.0,"event_name":"Golden Shrine","player_choice":"Pray","floor":37.0,"gold_loss":0.0,"damage_taken":0.0}],"is_beta":false,"boss_relics":[{"not_picked":["Black Star","Cursed Key"],"picked":"Calling Bell"},{"not_picked":["Fusion Hammer","Tiny House"],"picked":"Astrolabe"}],"items_purged_floors":[3,11],"is_endless":false,"potions_floor_spawned":[1,14,16,19,21,28,29,31,35],"killed_by":"Reptomancer","ascension_level":20}}