{"host":"jq8d8epkoknfq6em","time":1609642097,"event":{"mods":["AchievementEnabler","BaseMod","Colored Map","Colored Powertips","Highlight Path","Minty Spire (QoL Compilation)","Quick Restart","StSLib"],"gold_per_floor":[117,127,127,127,6,32,32,59,85,85,85,50,64,64,64,165,165,177,190,190,190,41,41,58,83,83,83,83],"floor_reached":27,"playtime":1767,"items_purged":[],"score":406,"play_id":"6263336f-d555-472a-b20e-e86bc00dc53c","local_time":"20210103034817","is_ascension_mode":true,"campfire_choices":[{"data":"Whirlwind","floor":7,"key":"SMITH"},{"data":"Berserk","floor":10,"key":"SMITH"},{"data":"Battle Trance","floor":15,"key":"SMITH"},{"floor":23,"key":"REST"}],"circlet_count":0,"master_deck":["AscendersBane","Strike_R+1","Strike_R","Defend_R","Defend_R","Defend_R","Defend_R","Bash+1","Twin Strike","Battle Trance+1","Seeing Red+1","Whirlwind+1","Berserk+1","Anger","Juggernaut","True Grit","Evolve+1","Necronomicurse","Battle Trance","Exhume","Demon Form","Shrug It Off","Dark Embrace"],"relics":["Burning Blood","Regal Pillow","Mummified Hand","Red Skull","SacredBark","Necronomicon","Champion Belt","Frozen Egg 2"],"acts_visited":["Exordium","TheCity"],"potions_floor_usage":[6,8,16],"damage_taken":[{"damage":0,"enemies":"2 Louse","floor":1,"turns":4},{"damage":2,"enemies":"Jaw Worm","floor":2,"turns":3},{"damage":25,"enemies":"Gremlin Nob","floor":6,"turns":4},{"damage":20,"enemies":"Lagavulin","floor":8,"turns":7},{"damage":0,"enemies":"Small Slimes","floor":13,"turns":1},{"damage":31,"enemies":"Hexaghost","floor":16,"turns":8},{"damage":39,"enemies":"Shell Parasite","floor":18,"turns":4},{"damage":13,"enemies":"Chosen","floor":19,"turns":6},{"damage":34,"enemies":"Centurion and Healer","floor":24,"turns":5},{"damage":0,"enemies":"Slavers","floor":25,"turns":1},{"damage":34,"enemies":"Book of Stabbing","floor":27,"turns":3}],"seed_played":"1593653717199719524","potions_obtained":[{"floor":1,"key":"EssenceOfSteel"},{"floor":13,"key":"BlessingOfTheForge"}],"is_trial":false,"path_per_floor":["M","M","?","?","$","E","R","E","T","R","?","?","M","?","R","B",null,"M","M","?","?","$","R","M","E","T","E"],"character_chosen":"IRONCLAD","items_purchased":["Whirlwind","Explosive Potion","Demon Form"],"campfire_rested":1,"item_purchase_floors":[5,5,22],"current_hp_per_floor":[78,80,64,57,57,38,38,24,24,24,24,44,50,55,55,30,71,38,31,15,15,15,55,27,33,33,0,0],"gold":83,"neow_bonus":"THREE_CARDS","is_daily":false,"chose_seed":false,"campfire_upgraded":3,"win_rate":0.0,"timestamp":1609642097,"path_taken":["M","M","?","?","?","E","R","E","T","R","?","?","M","?","R","BOSS","M","M","?","?","?","R","?","E","T","E"],"items_purchased_type":["Card","Potion","Card"],"build_version":"2020-12-22","purchased_purges":0,"victory":false,"max_hp_per_floor":[80,80,80,80,80,80,80,80,80,80,80,80,80,85,85,85,85,85,85,85,85,85,85,85,85,85,85,85],"card_choices":[{"not_picked":["Armaments","Burning Pact"],"picked":"Twin Strike","floor":0},{"not_picked":["Twin Strike","Sever Soul"],"picked":"Battle Trance","floor":1},{"not_picked":["Burning Pact","Clothesline"],"picked":"Seeing Red","floor":2},{"not_picked":["Heavy Blade","Havoc","Perfected Strike"],"picked":"SKIP","floor":6},{"not_picked":["Corruption","Power Through"],"picked":"Berserk","floor":8},{"not_picked":["Cleave","Iron Wave"],"picked":"Anger","floor":13},{"not_picked":["Offering","Brutality"],"picked":"Juggernaut","floor":16},{"not_picked":["Combust+1","Perfected Strike"],"picked":"True Grit","floor":18},{"not_picked":["Reckless Charge+1","Bloodletting"],"picked":"Evolve+1","floor":19},{"not_picked":["Twin Strike","Dark Embrace"],"picked":"Shrug It Off","floor":24},{"not_picked":["True Grit","Evolve"],"picked":"Dark Embrace","floor":25}],"player_experience":903848,"relics_obtained":[{"floor":6,"key":"Regal Pillow"},{"floor":8,"key":"Mummified Hand"},{"floor":9,"key":"Red Skull"},{"floor":20,"key":"Necronomicon"},{"floor":25,"key":"Champion Belt"},{"floor":26,"key":"Frozen Egg 2"}],"event_choices":[{"damage_healed":0,"gold_gain":0,"player_choice":"Entered Light","damage_taken":16,"max_hp_gain":0,"max_hp_loss":0,"event_name":"Shining Light","floor":3,"gold_loss":0,"cards_upgraded":["Strike_R","Seeing Red"]},{"cards_removed":["Strike_R"],"damage_healed":0,"gold_gain":0,"player_choice":"Card Removal","damage_taken":7,"max_hp_gain":0,"max_hp_loss":0,"event_name":"Golden Wing","floor":4,"gold_loss":0},{"damage_healed":0,"gold_gain":0,"player_choice":"Grow","damage_taken":0,"max_hp_gain":0,"max_hp_loss":0,"event_name":"Living Wall","floor":11,"gold_loss":0,"cards_upgraded":["Bash"]},{"damage_healed":20,"gold_gain":0,"player_choice":"Healed","damage_taken":0,"max_hp_gain":0,"max_hp_loss":0,"event_name":"The Cleric","floor":12,"gold_loss":35},{"damage_healed":0,"gold_gain":0,"player_choice":"Donut","damage_taken":0,"max_hp_gain":5,"max_hp_loss":0,"event_name":"Big Fish","floor":14,"gold_loss":0},{"damage_healed":0,"gold_gain":0,"player_choice":"Obtained Book","damage_taken":16,"max_hp_gain":0,"max_hp_loss":0,"event_name":"Cursed Tome","floor":20,"gold_loss":0},{"damage_healed":0,"gold_gain":0,"cards_transformed":["Strike_R","Strike_R"],"player_choice":"Became Test Subject","damage_taken":0,"max_hp_gain":0,"max_hp_loss":0,"event_name":"Drug Dealer","floor":21,"gold_loss":0,"cards_obtained":["Battle Trance","Exhume"]}],"is_beta":false,"boss_relics":[{"not_picked":["Calling Bell","Fusion Hammer"],"picked":"SacredBark"}],"items_purged_floors":[],"is_endless":false,"potions_floor_spawned":[1,13],"killed_by":"Book of Stabbing","ascension_level":11}}