{"host":"na09lpbrez4gbfiz","time":1609695515,"event":{"mods":["Act Like it!","BaseMod","BetterRewards","Colored Map","Colored Powertips","DeckTracker","Googly Eyes","Highlight Path","Minty Spire (QoL Compilation)","Quick Restart","Spicy Shops","StSLib","SuperFastMode","Synergy Search"],"gold_per_floor":[119,69,82,82,7,35,35,64,64,64,78,107,107,282,282,382,382,398,497,480,480,480,507,507,507],"floor_reached":24,"playtime":616,"items_purged":["Defend_R"],"score":268,"play_id":"008e580a-2853-48bb-8e3b-98bcc38c1c3e","local_time":"20210103183835","is_ascension_mode":true,"campfire_choices":[{"data":"True Grit","floor":7,"key":"SMITH"},{"data":"Bash","floor":10,"key":"SMITH"},{"data":"Rampage","floor":15,"key":"SMITH"}],"circlet_count":0,"master_deck":["Strike_R+1","Strike_R+1","Strike_R","Defend_R","Defend_R","Defend_R","Bash+1","Spot Weakness","True Grit+1","Rage","Shrug It Off","Rampage+1","Regret","Doubt","Corruption","Shrug It Off","Exhume"],"relics":["Burning Blood","NeowsBlessing","The Courier","Eternal Feather","Regal Pillow","Whetstone","Lantern","SlaversCollar","InkBottle"],"acts_visited":["Exordium","TheCity"],"potions_floor_usage":[8,12,12,16,23,23],"damage_taken":[{"damage":0,"enemies":"Jaw Worm","floor":1,"turns":1},{"damage":0,"enemies":"Small Slimes","floor":3,"turns":1},{"damage":0,"enemies":"3 Sentries","floor":6,"turns":2},{"damage":21,"enemies":"Lagavulin","floor":8,"turns":7},{"damage":6,"enemies":"Cultist","floor":11,"turns":4},{"damage":17,"enemies":"Gremlin Nob","floor":12,"turns":4},{"damage":27,"enemies":"The Guardian","floor":16,"turns":10},{"damage":19,"enemies":"Shell Parasite","floor":18,"turns":6},{"damage":21,"enemies":"2 Thieves","floor":20,"turns":5},{"damage":34,"enemies":"Slavers","floor":23,"turns":5},{"damage":27,"enemies":"Chosen and Byrds","floor":24,"turns":5}],"seed_played":"570712759024856832","potions_obtained":[{"floor":3,"key":"Strength Potion"},{"floor":8,"key":"AttackPotion"},{"floor":11,"key":"Strength Potion"},{"floor":12,"key":"DuplicationPotion"},{"floor":16,"key":"LiquidMemories"},{"floor":18,"key":"PowerPotion"}],"is_trial":false,"path_per_floor":["M","?","M","?","$","E","R","E","T","R","M","E","?","?","R","B",null,"M","?","M","?","?","E","M"],"character_chosen":"IRONCLAD","items_purchased":[],"campfire_rested":0,"item_purchase_floors":[],"current_hp_per_floor":[80,80,80,80,80,80,80,65,65,71,71,60,60,60,66,45,80,67,67,52,52,52,24,0,0],"gold":507,"neow_bonus":"THREE_ENEMY_KILL","is_daily":false,"chose_seed":false,"campfire_upgraded":3,"win_rate":0.0,"timestamp":1609695515,"path_taken":["M","?","M","?","?","E","R","E","T","R","?","E","?","?","R","BOSS","M","?","M","?","?","E","M"],"items_purchased_type":[],"build_version":"2020-12-22","purchased_purges":1,"victory":false,"max_hp_per_floor":[80,80,80,80,80,80,80,80,80,80,80,80,80,80,80,80,80,80,80,80,80,80,80,80,80],"card_choices":[{"not_picked":["Thunderclap","Cleave"],"picked":"Spot Weakness","floor":1},{"not_picked":["Entrench","Havoc"],"picked":"True Grit","floor":3},{"not_picked":["Sword Boomerang","Brutality"],"picked":"Rage","floor":6},{"not_picked":["Clash","Flex"],"picked":"Shrug It Off","floor":8},{"not_picked":["Body Slam","Rage","True Grit"],"picked":"SKIP","floor":11},{"not_picked":["Thunderclap","Dropkick"],"picked":"Rampage","floor":12},{"not_picked":["Bludgeon","Juggernaut"],"picked":"Corruption","floor":16},{"not_picked":["Pummel+1","Perfected Strike"],"picked":"Shrug It Off","floor":18},{"not_picked":["Havoc+1","Whirlwind","Clash+1"],"picked":"SKIP","floor":20},{"not_picked":["Wild Strike","Bludgeon"],"picked":"Exhume","floor":23}],"player_experience":138346,"relics_obtained":[{"floor":6,"key":"The Courier"},{"floor":8,"key":"Eternal Feather"},{"floor":9,"key":"Regal Pillow"},{"floor":12,"key":"Whetstone"},{"floor":23,"key":"InkBottle"}],"event_choices":[{"cards_removed":["Strike_R"],"damage_healed":0,"gold_gain":0,"player_choice":"Card Removal","damage_taken":0,"max_hp_gain":0,"max_hp_loss":0,"event_name":"The Cleric","floor":2,"gold_loss":50},{"cards_removed":["Strike_R"],"damage_healed":0,"gold_gain":0,"player_choice":"Forget","damage_taken":0,"max_hp_gain":0,"max_hp_loss":0,"event_name":"Living Wall","floor":4,"gold_loss":0},{"damage_healed":0,"gold_gain":0,"player_choice":"Box","damage_taken":0,"relics_obtained":["Lantern"],"max_hp_gain":0,"max_hp_loss":0,"event_name":"Big Fish","floor":13,"gold_loss":0,"cards_obtained":["Regret"]},{"damage_healed":0,"gold_gain":175,"player_choice":"AGREE","damage_taken":0,"max_hp_gain":0,"max_hp_loss":0,"event_name":"Liars Game","floor":14,"gold_loss":0,"cards_obtained":["Doubt"]},{"damage_healed":0,"gold_gain":99,"player_choice":"Stole From Cult","damage_taken":0,"max_hp_gain":0,"max_hp_loss":0,"event_name":"Nest","floor":19,"gold_loss":0},{"damage_healed":0,"gold_gain":0,"player_choice":"Ignored","damage_taken":0,"max_hp_gain":0,"max_hp_loss":0,"event_name":"Cursed Tome","floor":21,"gold_loss":0},{"damage_healed":0,"gold_gain":0,"player_choice":"0 cards matched","damage_taken":0,"max_hp_gain":0,"max_hp_loss":0,"event_name":"Match and Keep!","floor":22,"gold_loss":0,"cards_obtained":[]}],"is_beta":false,"boss_relics":[{"not_picked":["SacredBark","Runic Dome"],"picked":"SlaversCollar"}],"items_purged_floors":[5],"is_endless":false,"potions_floor_spawned":[3,8,11,12,16,18],"killed_by":"Chosen and Byrds","ascension_level":1}}