{"host":"yqazfdli2lwbgxvm","time":1609664615,"event":{"mods":["Act Like it!","BaseMod","Minty Spire (QoL Compilation)","MostiFishMod","Relic Stats","RumiaBox-露米娅的神秘盒子","StSLib","[IsaacMod]以撒尖塔","篝火指南"],"gold_per_floor":[114,130,130,140,140,176,200,223,249,249,267,267,301,325,325,453,453,471,471,471,396,396,436,459,497,497,553,585,696,733,776,788,926,938,966,991,1003,1003,1336,1336,1367,1367,1367,1382,1412,1438,1467,1501,1501,1501,1501,1501,1501,1533,1533],"floor_reached":56,"playtime":2995,"items_purged":["Strike_R","Bash","Blood for Blood","Defend_R","Clash","Clash+1"],"score":2123,"play_id":"75321a76-3a62-458b-a352-162dcf6118ef","local_time":"20210103170335","is_ascension_mode":true,"campfire_choices":[{"data":"Feed","floor":10.0,"key":"SMITH"},{"data":"MostiFishMod:PerfectStrikeMKII","floor":15.0,"key":"SMITH"},{"data":"MostiFishMod:RacingGame","floor":32,"key":"SMITH"},{"floor":40,"key":"RECALL"},{"data":"1","floor":42,"key":"LIFT"},{"data":"2","floor":49,"key":"LIFT"},{"data":"3","floor":52,"key":"LIFT"}],"circlet_count":44,"master_deck":["Strike_R","Strike_R","Strike_R","Strike_R+1","Defend_R","Defend_R","Defend_R","Sever Soul","Anger+1","Feed+1","Battle Trance","Injury","Feed","Anger","Ghostly Armor","MostiFishMod:PerfectStrikeMKII+1","Impatience","MostiFishMod:ChineseTea","Bloodletting","MostiFishMod:HellRitual","CurseOfTheBell","MostiFishMod:OneDayCity+1","Bloodletting+1","Thinking Ahead+1","Deep Breath+1","MostiFishMod:UltimateDefense","Anger","Deep Breath","Chrysalis","Flex+1","MostiFishMod:RacingGame+1","Heavy Blade+1","Bloodletting","Double Tap","Body Slam+1","Anger+1","MostiFishMod:OrdinaryWorld","Entrench+1","MostiFishMod:PerfectStrikeMKII+1","Body Slam+1","Bloodletting+1","Body Slam+1","MostiFishMod:FireWorks+1","Offering+1","MostiFishMod:ElfcollectionBox+1"],"relics":["Burning Blood","HushsDoor","DaveBox","DiscerningMonocle","BelialBook","SynthV:TestCard","Prayer Wheel","Du-Vu Doll","YumHeart","ZombieArmy","Mummified Hand","Lizard Tail","Ying","Unceasing Top","Calling Bell","TheBean","TuHaoJin","D4","Matryoshka","Oddly Smooth Stone","Medical Kit","Whetstone","Blood Vial","SteamSale","Gremlin Horn","Nilry\u0027s Codex","Bronze Scales","FossilizedHelix","Centennial Puzzle","MawBank","Orichalcum","The Courier","Empty Cage","Question Card","PreservedInsect","Potion Belt","MetatronsCube","DaCapo","War Paint","DoctorsRemote","GodSword6","Nunchaku","GodSword1","Anchor","Boot","Ancient Tea Set","MealTicket","Happy Flower","MagicDraw2","Art of War","DeathBook","Regal Pillow","Bag of Preparation","ForgetMeNow","StoneCalendar","Dream Catcher","GuppysTail","HowToJump","Ornamental Fan","Pen Nib","Self Forming Clay","Juzu Bracelet","Pantograph","Red Skull","Kunai","Magic Flower","Vajra","DeadEye","Ginger","Ccalipers","Bottled Lightning","GodSword3","GnawedLeaf","Toxic Egg 2","Paper Frog","BookOfRevelations","GodSword7","LastBattle","GuppysPaw","SharpPlug","Lantern","BookofShadows","Meat on the Bone","Strawberry","Eternal Feather","Frozen Egg 2","SSSystem","Mercury Hourglass","Sundial","SalivaCoin","Omamori","Bag of Marbles","Toy Ornithopter","SynthV:C4","ImprovedEquipment","CombinedTypeHook","Gambling Chip","MagicDraw3","MagicDraw4","AnarchistCookbook","HornCleat","SatanicBible","Champion Belt","MagicDraw1","TheBible","Blue Candle","Shuriken","Turnip","UnicornStump","Bottled Flame","ChaoDraw","White Beast Statue","Letter Opener","Molten Egg 2","InkBottle","Singing Bowl","Pear","Darkstone Periapt","GodSword5","Leech","BloodDonationMachine","GodSword4","PillsDrop","Bird Faced Urn","CaptainsWheel","BlankCard","Diplopia","MoneyPower","OriginationStaff","Void","Pocketwatch","Girya","WingedGreaves","Shovel","Mango","MoreBug","Incense Burner","Torii","TungstenRod","Calipers","Ice Cream","PunchingBag","PokeGo","GuppysHead","PlanX","ArrowTower","D6","Civilization","Thread and Needle","Dead Branch","BionicSphere","ThornShield","SecretRecord","EdensBlessing","SentryEyes","DianDianMeat","Charon\u0027s Ashes","DianPoetry","Circlet","Technique"],"acts_visited":["Exordium","TheCity","TheBeyond","TheEnding"],"potions_floor_usage":[23,55],"damage_taken":[{"damage":35.0,"enemies":"Jaw Worm","floor":1.0,"turns":5.0},{"damage":10.0,"enemies":"Small Slimes","floor":2.0,"turns":4.0},{"damage":6.0,"enemies":"Cultist","floor":4.0,"turns":3.0},{"damage":20.0,"enemies":"3 Sentries","floor":6.0,"turns":4.0},{"damage":21.0,"enemies":"Blue Slaver","floor":7.0,"turns":3.0},{"damage":15.0,"enemies":"Gremlin Gang","floor":8.0,"turns":4.0},{"damage":18.0,"enemies":"Large Slime","floor":11.0,"turns":3.0},{"damage":23.0,"enemies":"Lagavulin","floor":13.0,"turns":5.0},{"damage":16.0,"enemies":"Exordium Thugs","floor":14.0,"turns":4.0},{"damage":3.0,"enemies":"Slime Boss","floor":16.0,"turns":5.0},{"damage":17.0,"enemies":"2 Thieves","floor":18.0,"turns":3.0},{"damage":40,"enemies":"Slavers","floor":23,"turns":3},{"damage":3,"enemies":"3 Byrds","floor":24,"turns":2},{"damage":11,"enemies":"Book of Stabbing","floor":25,"turns":3},{"damage":15,"enemies":"Gremlin Leader","floor":27,"turns":3},{"damage":8,"enemies":"Snake Plant","floor":28,"turns":3},{"damage":10,"enemies":"Centurion and Healer","floor":30,"turns":4},{"damage":24,"enemies":"Slavers","floor":31,"turns":2},{"damage":26,"enemies":"Automaton","floor":33,"turns":6},{"damage":22,"enemies":"3 Shapes","floor":35,"turns":3},{"damage":1,"enemies":"3 Darklings","floor":36,"turns":3},{"damage":0,"enemies":"Giant Head","floor":41,"turns":1},{"damage":0,"enemies":"Writhing Mass","floor":44,"turns":1},{"damage":0,"enemies":"Nemesis","floor":45,"turns":1},{"damage":0,"enemies":"Reptomancer","floor":46,"turns":1},{"damage":0,"enemies":"Giant Head","floor":47,"turns":1},{"damage":0,"enemies":"Reptomancer","floor":48,"turns":1},{"damage":0,"enemies":"Donu and Deca","floor":50,"turns":1},{"damage":0,"enemies":"Shield and Spear","floor":54,"turns":1},{"damage":0,"enemies":"The Heart","floor":55,"turns":3}],"seed_played":"-7207706646641558606","potions_obtained":[{"floor":2.0,"key":"Dexterity Potion"},{"floor":4.0,"key":"Fruit Juice"},{"floor":6.0,"key":"GamblersBrew"},{"floor":11.0,"key":"EssenceOfSteel"},{"floor":14.0,"key":"SteroidPotion"},{"floor":16.0,"key":"Ancient Potion"},{"floor":18.0,"key":"Strength Potion"},{"floor":27,"key":"AttackPotion"},{"floor":28,"key":"LiquidBronze"},{"floor":30,"key":"Swift Potion"},{"floor":44,"key":"ColorlessPotion"},{"floor":47,"key":"ElixirPotion"}],"is_trial":false,"path_per_floor":["M","M","$","M","?","E","M","M","T","R","M","$","E","M","R","B",null,"M","$","?","$","?","E","M","E","T","E","M","?","M","E","R","B",null,"M","M","$","?","?","R","E","R","T","M","E","E","E","E","R","B",null,"R","$","E","B",null],"character_chosen":"IRONCLAD","items_purchased":["Prayer Wheel","Feed","Du-Vu Doll","Energy Potion","Swift Potion","Mummified Hand","Lizard Tail","Ying","MostiFishMod:PerfectStrikeMKII","Swift Potion","Swift Potion","Impatience","MostiFishMod:OneDayCity","Matryoshka","Oddly Smooth Stone","Medical Kit","Thinking Ahead","Deep Breath","DuplicationPotion","Regen Potion","Blood Vial","SteamSale","Gremlin Horn","MostiFishMod:UltimateDefense","Anger","Deep Breath","Chrysalis","FairyPotion","Question Card","PreservedInsect","Potion Belt","MetatronsCube","DaCapo","War Paint","DoctorsRemote","GodSword6","Nunchaku","GodSword1","Anchor","Boot","Ancient Tea Set","MealTicket","Happy Flower","MagicDraw2","Art of War","DeathBook","Regal Pillow","Bag of Preparation","ForgetMeNow","StoneCalendar","Dream Catcher","GuppysTail","HowToJump","Ornamental Fan","Pen Nib","Self Forming Clay","Juzu Bracelet","Pantograph","Red Skull","Kunai","Magic Flower","Vajra","DeadEye","Ginger","Ccalipers","Bottled Lightning","GodSword3","GnawedLeaf","Toxic Egg 2","Paper Frog","MostiFishMod:OrdinaryWorld","FairyPotion","BookOfRevelations","GodSword7","LastBattle","GuppysPaw","SharpPlug","Lantern","BookofShadows","Meat on the Bone","Strawberry","Eternal Feather","Frozen Egg 2","SSSystem","Mercury Hourglass","Sundial","SalivaCoin","Omamori","Bag of Marbles","Toy Ornithopter","SynthV:C4","ImprovedEquipment","CombinedTypeHook","Gambling Chip","MagicDraw3","MagicDraw4","AnarchistCookbook","HornCleat","SatanicBible","Champion Belt","MagicDraw1","TheBible","Blue Candle","Shuriken","Turnip","UnicornStump","Bottled Flame","ChaoDraw","White Beast Statue","Letter Opener","Molten Egg 2","InkBottle","Singing Bowl","Pear","Darkstone Periapt","GodSword5","Leech","BloodDonationMachine","GodSword4","PillsDrop","Bird Faced Urn","CaptainsWheel","BlankCard","Diplopia","MoneyPower","OriginationStaff","Void","Pocketwatch","Girya","WingedGreaves","Shovel","Mango","MoreBug","Incense Burner","Torii","TungstenRod","Calipers","Ice Cream","PunchingBag","PokeGo","GuppysHead","PlanX","ArrowTower","D6","Civilization","Thread and Needle","Dead Branch","BionicSphere","ThornShield","SecretRecord","EdensBlessing","SentryEyes","DianDianMeat","Charon\u0027s Ashes","DianPoetry","Circlet","Circlet","Circlet","Circlet","Circlet","Circlet","Circlet","Circlet","Circlet","Circlet","Circlet","Circlet","Circlet","Circlet","Circlet","Circlet","Circlet","Circlet","Circlet","Circlet","Circlet","Circlet","Circlet","Circlet","Circlet","Circlet","Entrench+1","Technique","Circlet","Circlet","Circlet","Circlet","Circlet","Circlet","Circlet","Circlet","Circlet","Circlet","Circlet","MostiFishMod:ElfcollectionBox+1"],"campfire_rested":0,"item_purchase_floors":[3,3,3,3,3,12,12,12,12,12,12,12,17,19,19,19,19,19,19,19,21,21,21,21,21,21,21,21,37,37,37,37,37,37,37,37,37,37,37,37,37,37,37,37,37,37,37,37,37,37,37,37,37,37,37,37,37,37,37,37,37,37,37,37,37,37,37,37,37,37,37,37,37,37,37,37,37,37,37,37,37,37,37,37,37,37,37,37,37,37,37,37,37,37,37,37,37,37,37,37,37,37,37,37,37,37,37,37,37,37,37,37,37,37,37,37,37,37,37,37,37,37,37,37,37,37,37,37,37,37,37,37,37,37,37,37,37,37,37,37,37,37,37,37,37,37,37,37,37,37,37,37,37,37,37,37,37,37,37,37,37,37,37,37,37,37,37,37,37,37,37,37,37,37,37,37,37,37,37,37,37,37,53,53,53,53,53,53,53,53,53,53,53,53,53],"current_hp_per_floor":[59,55,55,60,60,49,59,56,56,56,47,47,30,58,58,75,107,96,96,81,81,65,60,108,120,120,122,120,120,118,102,102,108,122,112,125,162,162,162,162,165,165,170,179,187,200,223,245,245,257,257,257,265,286,301],"gold":1533,"neow_bonus":"TEN_PERCENT_HP_BONUS","is_daily":false,"chose_seed":false,"campfire_upgraded":3,"win_rate":0.0,"timestamp":1609664615,"path_taken":["M","M","$","M","?","E","M","M","T","R","?","$","E","M","R","BOSS","M","$","?","$","?","E","M","E","T","E","M","?","M","E","R","BOSS","M","M","$","?","?","R","E","R","T","M","E","E","E","E","R","BOSS","R","$","E","BOSS"],"items_purchased_type":["Relic","Card","Relic","Potion","Potion","Relic","Relic","Relic","Card","Potion","Potion","Card","Card","Relic","Relic","Relic","Card","Card","Potion","Potion","Relic","Relic","Relic","Card","Card","Card","Card","Potion","Relic","Relic","Relic","Relic","Relic","Relic","Relic","Relic","Relic","Relic","Relic","Relic","Relic","Relic","Relic","Relic","Relic","Relic","Relic","Relic","Relic","Relic","Relic","Relic","Relic","Relic","Relic","Relic","Relic","Relic","Relic","Relic","Relic","Relic","Relic","Relic","Relic","Relic","Relic","Relic","Relic","Relic","Card","Potion","Relic","Relic","Relic","Relic","Relic","Relic","Relic","Relic","Relic","Relic","Relic","Relic","Relic","Relic","Relic","Relic","Relic","Relic","Relic","Relic","Relic","Relic","Relic","Relic","Relic","Relic","Relic","Relic","Relic","Relic","Relic","Relic","Relic","Relic","Relic","Relic","Relic","Relic","Relic","Relic","Relic","Relic","Relic","Relic","Relic","Relic","Relic","Relic","Relic","Relic","Relic","Relic","Relic","Relic","Card","Relic","Relic","Relic","Relic","Relic","Relic","Relic","Relic","Relic","Relic","Relic","Relic","Relic","Relic","Relic","Relic","Relic","Relic","Relic","Relic","Relic","Relic","Relic","Relic","Relic","Relic","Relic","Relic","Undefined","Undefined","Undefined","Undefined","Undefined","Undefined","Undefined","Undefined","Undefined","Undefined","Undefined","Undefined","Undefined","Undefined","Undefined","Undefined","Undefined","Undefined","Undefined","Undefined","Undefined","Undefined","Undefined","Undefined","Undefined","Undefined","Card","Relic","Undefined","Undefined","Undefined","Undefined","Undefined","Undefined","Undefined","Undefined","Undefined","Undefined","Undefined","Card"],"build_version":"2020-12-22","purchased_purges":6,"victory":true,"max_hp_per_floor":[88,88,88,93,93,96,96,102,102,102,105,105,105,108,108,112,107,107,107,107,107,107,111,118,122,122,122,122,122,122,122,122,122,122,125,125,162,162,162,162,165,165,170,179,187,200,223,245,245,257,257,257,265,286,301],"relic_stats":{"Gremlin Horn":[18,20],"Whetstone":["Anger","Strike_R"],"Ginger":[2],"Boot":[0],"Blood Vial":16,"Lizard Tail":0,"Centennial Puzzle":[21],"Sundial":[0],"Prayer Wheel":13,"MealTicket":0,"Kunai":[7],"Happy Flower":[3],"counters":[30,86],"Blue Candle":[0],"Dead Branch":[36],"Eternal Feather":0,"Pen Nib":[3],"Charon\u0027s Ashes":[48],"Letter Opener":[0],"War Paint":["Bloodletting","Deep Breath"],"Question Card":16,"Shuriken":[7],"Bronze Scales":[93],"Bird Faced Urn":[0],"obtain_stats":[{"Whetstone":20,"DeadEye":37,"Ginger":37,"MagicDraw4":37,"Boot":37,"MagicDraw3":37,"MagicDraw2":37,"MagicDraw1":37,"Leech":37,"Blood Vial":21,"TheBean":17,"Sundial":37,"MealTicket":37,"TuHaoJin":17,"Diplopia":37,"Kunai":37,"KeepersGift":0,"DianDianMeat":37,"BookofShadows":37,"Pear":37,"PunchingBag":37,"Blue Candle":37,"BelialBook":0,"Eternal Feather":37,"Pen Nib":37,"MoneyPower":37,"SteamSale":21,"Bird Faced Urn":37,"BionicSphere":37,"SentryEyes":37,"Technique":53,"HushsDoor":0,"Unceasing Top":13,"MetatronsCube":37,"BloodDonationMachine":37,"AnarchistCookbook":37,"GuppysTail":37,"Regal Pillow":37,"Lantern":37,"UnicornStump":37,"DaveBox":0,"Singing Bowl":37,"Torii":37,"DianPoetry":37,"GnawedLeaf":37,"Magic Flower":37,"StoneCalendar":37,"Bag of Preparation":37,"Ancient Tea Set":37,"Burning Blood":0,"SynthV:C4":37,"DeathBook":37,"Civilization":37,"Matryoshka":19,"Shovel":37,"PokeGo":37,"WingedGreaves":37,"InkBottle":37,"ZombieArmy":9,"Paper Frog":37,"Potion Belt":37,"Golden Idol":5,"Self Forming Clay":37,"ImprovedEquipment":37,"Circlet":37,"Thread and Needle":37,"The Courier":31,"PreservedInsect":37,"Omamori":37,"LastBattle":37,"Frozen Egg 2":37,"MawBank":26,"ThornShield":37,"ChaoDraw":37,"D4":17,"D6":37,"TheBible":37,"Ornamental Fan":37,"Turnip":37,"Art of War":37,"Bottled Lightning":37,"Champion Belt":37,"Toy Ornithopter":37,"Ice Cream":37,"CombinedTypeHook":37,"Calipers":37,"Gremlin Horn":21,"Nilry\u0027s Codex":22,"Vajra":37,"SSSystem":37,"SatanicBible":37,"Lizard Tail":12,"Centennial Puzzle":26,"HornCleat":37,"Ccalipers":37,"Strawberry":37,"Prayer Wheel":3,"DaCapo":37,"Toxic Egg 2":37,"Void":37,"MoreBug":37,"Girya":37,"Happy Flower":37,"Dead Branch":37,"Oddly Smooth Stone":19,"BookOfRevelations":37,"Charon\u0027s Ashes":37,"Letter Opener":37,"War Paint":37,"Question Card":37,"Du-Vu Doll":3,"YumHeart":6,"Bottled Flame":37,"Shuriken":37,"Bronze Scales":23,"ForgetMeNow":37,"PlanX":37,"Molten Egg 2":37,"GodSword7":37,"GodSword6":37,"OriginationStaff":37,"GodSword5":37,"GodSword4":37,"EdensBlessing":37,"GodSword3":37,"ArrowTower":37,"GodSword1":37,"Meat on the Bone":37,"Pocketwatch":37,"Darkstone Periapt":37,"Ying":12,"DiscerningMonocle":0,"GuppysPaw":37,"SharpPlug":37,"Mango":37,"SecretRecord":37,"Juzu Bracelet":37,"Incense Burner":37,"Empty Cage":34,"Nunchaku":37,"Dream Catcher":37,"Mummified Hand":12,"Pantograph":37,"Gambling Chip":37,"PillsDrop":37,"Red Skull":37,"DoctorsRemote":37,"HowToJump":37,"Orichalcum":27,"Medical Kit":19,"White Beast Statue":37,"Mercury Hourglass":37,"Calling Bell":17,"Anchor":37,"CaptainsWheel":37,"SynthV:TestCard":1,"SalivaCoin":37,"Bag of Marbles":37,"GuppysHead":37,"BlankCard":37,"FossilizedHelix":25,"TungstenRod":37},{"Whetstone":11,"DeadEye":21,"Ginger":21,"MagicDraw4":21,"Boot":21,"MagicDraw3":21,"MagicDraw2":21,"MagicDraw1":21,"Leech":21,"Blood Vial":11,"TheBean":10,"Sundial":21,"MealTicket":21,"TuHaoJin":10,"Diplopia":21,"Kunai":21,"KeepersGift":0,"DianDianMeat":21,"BookofShadows":21,"Pear":21,"PunchingBag":21,"Blue Candle":21,"BelialBook":0,"Eternal Feather":21,"Pen Nib":21,"MoneyPower":21,"SteamSale":11,"Bird Faced Urn":21,"BionicSphere":21,"SentryEyes":21,"Technique":28,"HushsDoor":0,"Unceasing Top":8,"MetatronsCube":21,"BloodDonationMachine":21,"AnarchistCookbook":21,"GuppysTail":21,"Regal Pillow":21,"Lantern":21,"UnicornStump":21,"DaveBox":0,"Singing Bowl":21,"Torii":21,"DianPoetry":21,"GnawedLeaf":21,"Magic Flower":21,"StoneCalendar":21,"Bag of Preparation":21,"Ancient Tea Set":21,"Burning Blood":0,"SynthV:C4":21,"DeathBook":21,"Civilization":21,"Matryoshka":11,"Shovel":21,"PokeGo":21,"WingedGreaves":21,"InkBottle":21,"ZombieArmy":6,"Paper Frog":21,"Potion Belt":21,"Golden Idol":3,"Self Forming Clay":21,"ImprovedEquipment":21,"Circlet":21,"Thread and Needle":21,"The Courier":18,"PreservedInsect":21,"Omamori":21,"LastBattle":21,"Frozen Egg 2":21,"MawBank":14,"ThornShield":21,"ChaoDraw":21,"D4":10,"D6":21,"TheBible":21,"Ornamental Fan":21,"Turnip":21,"Art of War":21,"Bottled Lightning":21,"Champion Belt":21,"Toy Ornithopter":21,"Ice Cream":21,"CombinedTypeHook":21,"Calipers":21,"Gremlin Horn":11,"Nilry\u0027s Codex":11,"Vajra":21,"SSSystem":21,"SatanicBible":21,"Lizard Tail":7,"Centennial Puzzle":14,"HornCleat":21,"Ccalipers":21,"Strawberry":21,"Prayer Wheel":2,"DaCapo":21,"Toxic Egg 2":21,"Void":21,"MoreBug":21,"Girya":21,"Happy Flower":21,"Dead Branch":21,"Oddly Smooth Stone":11,"BookOfRevelations":21,"Charon\u0027s Ashes":21,"Letter Opener":21,"War Paint":21,"Question Card":21,"Du-Vu Doll":2,"YumHeart":4,"Bottled Flame":21,"Shuriken":21,"Bronze Scales":12,"ForgetMeNow":21,"PlanX":21,"Molten Egg 2":21,"GodSword7":21,"GodSword6":21,"OriginationStaff":21,"GodSword5":21,"GodSword4":21,"EdensBlessing":21,"GodSword3":21,"ArrowTower":21,"GodSword1":21,"Meat on the Bone":21,"Pocketwatch":21,"Darkstone Periapt":21,"Ying":7,"DiscerningMonocle":0,"GuppysPaw":21,"SharpPlug":21,"Mango":21,"SecretRecord":21,"Juzu Bracelet":21,"Incense Burner":21,"Empty Cage":19,"Nunchaku":21,"Dream Catcher":21,"Mummified Hand":7,"Pantograph":21,"Gambling Chip":21,"PillsDrop":21,"Red Skull":21,"DoctorsRemote":21,"HowToJump":21,"Orichalcum":15,"Medical Kit":11,"White Beast Statue":21,"Mercury Hourglass":21,"Calling Bell":10,"Anchor":21,"CaptainsWheel":21,"SynthV:TestCard":1,"SalivaCoin":21,"Bag of Marbles":21,"GuppysHead":21,"BlankCard":21,"FossilizedHelix":14,"TungstenRod":21},{"Whetstone":43,"DeadEye":75,"Ginger":75,"MagicDraw4":75,"Boot":75,"MagicDraw3":75,"MagicDraw2":75,"MagicDraw1":75,"Leech":75,"Blood Vial":43,"TheBean":40,"Sundial":75,"MealTicket":75,"TuHaoJin":40,"Diplopia":75,"Kunai":75,"KeepersGift":0,"DianDianMeat":75,"BookofShadows":75,"Pear":75,"PunchingBag":75,"Blue Candle":75,"BelialBook":0,"Eternal Feather":75,"Pen Nib":75,"MoneyPower":75,"SteamSale":43,"Bird Faced Urn":75,"BionicSphere":75,"SentryEyes":75,"Technique":82,"HushsDoor":0,"Unceasing Top":31,"MetatronsCube":75,"BloodDonationMachine":75,"AnarchistCookbook":75,"GuppysTail":75,"Regal Pillow":75,"Lantern":75,"UnicornStump":75,"DaveBox":0,"Singing Bowl":75,"Torii":75,"DianPoetry":75,"GnawedLeaf":75,"Magic Flower":75,"StoneCalendar":75,"Bag of Preparation":75,"Ancient Tea Set":75,"Burning Blood":0,"SynthV:C4":75,"DeathBook":75,"Civilization":75,"Matryoshka":43,"Shovel":75,"PokeGo":75,"WingedGreaves":75,"InkBottle":75,"ZombieArmy":23,"Paper Frog":75,"Potion Belt":75,"Golden Idol":12,"Self Forming Clay":75,"ImprovedEquipment":75,"Circlet":75,"Thread and Needle":75,"The Courier":63,"PreservedInsect":75,"Omamori":75,"LastBattle":75,"Frozen Egg 2":75,"MawBank":51,"ThornShield":75,"ChaoDraw":75,"D4":40,"D6":75,"TheBible":75,"Ornamental Fan":75,"Turnip":75,"Art of War":75,"Bottled Lightning":75,"Champion Belt":75,"Toy Ornithopter":75,"Ice Cream":75,"CombinedTypeHook":75,"Calipers":75,"Gremlin Horn":43,"Nilry\u0027s Codex":43,"Vajra":75,"SSSystem":75,"SatanicBible":75,"Lizard Tail":26,"Centennial Puzzle":51,"HornCleat":75,"Ccalipers":75,"Strawberry":75,"Prayer Wheel":9,"DaCapo":75,"Toxic Egg 2":75,"Void":75,"MoreBug":75,"Girya":75,"Happy Flower":75,"Dead Branch":75,"Oddly Smooth Stone":43,"BookOfRevelations":75,"Charon\u0027s Ashes":75,"Letter Opener":75,"War Paint":75,"Question Card":75,"Du-Vu Doll":9,"YumHeart":16,"Bottled Flame":75,"Shuriken":75,"Bronze Scales":46,"ForgetMeNow":75,"PlanX":75,"Molten Egg 2":75,"GodSword7":75,"GodSword6":75,"OriginationStaff":75,"GodSword5":75,"GodSword4":75,"EdensBlessing":75,"GodSword3":75,"ArrowTower":75,"GodSword1":75,"Meat on the Bone":75,"Pocketwatch":75,"Darkstone Periapt":75,"Ying":26,"DiscerningMonocle":0,"GuppysPaw":75,"SharpPlug":75,"Mango":75,"SecretRecord":75,"Juzu Bracelet":75,"Incense Burner":75,"Empty Cage":69,"Nunchaku":75,"Dream Catcher":75,"Mummified Hand":26,"Pantograph":75,"Gambling Chip":75,"PillsDrop":75,"Red Skull":75,"DoctorsRemote":75,"HowToJump":75,"Orichalcum":54,"Medical Kit":43,"White Beast Statue":75,"Mercury Hourglass":75,"Calling Bell":40,"Anchor":75,"CaptainsWheel":75,"SynthV:TestCard":5,"SalivaCoin":75,"Bag of Marbles":75,"GuppysHead":75,"BlankCard":75,"FossilizedHelix":51,"TungstenRod":75}],"Unceasing Top":[11],"Meat on the Bone":0,"Pocketwatch":[0],"Darkstone Periapt":0,"Regal Pillow":0,"Singing Bowl":4,"Torii":0,"Magic Flower":[0],"StoneCalendar":[0],"Bag of Preparation":[14],"Juzu Bracelet":0,"Burning Blood":118,"Nunchaku":[3],"Dream Catcher":0,"Shovel":0,"Mummified Hand":[2],"Pantograph":0,"Gambling Chip":[2],"InkBottle":[3],"Self Forming Clay":[0],"PreservedInsect":484,"Orichalcum":[36],"Medical Kit":[4],"MawBank":132,"Mercury Hourglass":[51],"Ornamental Fan":[28],"Turnip":[2],"Art of War":[0],"Champion Belt":[11],"Toy Ornithopter":0,"TungstenRod":0},"card_choices":[{"not_picked":["Feel No Pain","Combust"],"picked":"Sever Soul","floor":1.0},{"not_picked":["Clothesline","Iron Wave","Shrug It Off","Sword Boomerang"],"picked":"Anger","floor":2.0},{"not_picked":["Clothesline","Dark Embrace","Inflame","Feel No Pain"],"picked":"Battle Trance","floor":4.0},{"not_picked":["Twin Strike","Intimidate","Carnage","Headbutt","Sever Soul"],"picked":"SKIP","floor":4.0},{"not_picked":["Rampage","Entrench","Wild Strike","Havoc"],"picked":"Feed","floor":6.0},{"not_picked":["MostiFishMod:RainCloud","Pommel Strike","Shrug It Off","Seeing Red"],"picked":"Anger","floor":7.0},{"not_picked":["Headbutt","MostiFishMod:BrandingRite","Power Through","True Grit","Warcry"],"picked":"SKIP","floor":7.0},{"not_picked":["Body Slam","Metallicize","Cleave","Carnage","MostiFishMod:#F4004"],"picked":"SKIP","floor":8.0},{"not_picked":["Dark Embrace","Havoc","Wild Strike","True Grit","Ghostly Armor"],"picked":"SKIP","floor":8.0},{"not_picked":["Dark Embrace","Havoc","Wild Strike","True Grit"],"picked":"Ghostly Armor","floor":8.0},{"not_picked":["Body Slam","Metallicize","Cleave","Carnage","MostiFishMod:#F4004"],"picked":"SKIP","floor":8.0},{"not_picked":["Anger","Rampage","Warcry","Thunderclap"],"picked":"Clash","floor":11.0},{"not_picked":["True Grit","Clothesline","Disarm","Twin Strike"],"picked":"Blood for Blood","floor":11.0},{"not_picked":["Disarm","Entrench","Dual Wield","Spot Weakness"],"picked":"MostiFishMod:ChineseTea","floor":13.0},{"not_picked":["Armaments","Twin Strike","Flex","Warcry"],"picked":"Bloodletting","floor":14.0},{"not_picked":["Battle Trance","Burning Pact","Fire Breathing","Feel No Pain","Inflame"],"picked":"SKIP","floor":14.0},{"not_picked":["Exhume","Brutality","MostiFishMod:NewArrival","MostiFishMod:RainCloud"],"picked":"MostiFishMod:HellRitual","floor":16.0},{"not_picked":["Body Slam","Second Wind","Twin Strike+1","Thunderclap"],"picked":"Bloodletting","floor":18.0},{"not_picked":["Wild Strike","Shockwave","Feel No Pain","Flex"],"picked":"Clash","floor":18.0},{"not_picked":["Thunderclap+1","MostiFishMod:#F4004","Dark Embrace","Reckless Charge"],"picked":"Clash","floor":23},{"not_picked":["Flex","Headbutt+1","Reckless Charge+1","Juggernaut"],"picked":"Clash+1","floor":24},{"not_picked":["Flex","Cleave+1","Body Slam","Pommel Strike+1","Reckless Charge"],"picked":"SKIP","floor":24},{"not_picked":["MostiFishMod:UltimateDefense","Headbutt+1","Second Wind","Thunderclap+1"],"picked":"Flex+1","floor":25},{"not_picked":["Pummel","MostiFishMod:404NotFound","Shrug It Off+1","Flame Barrier"],"picked":"MostiFishMod:RacingGame","floor":27},{"not_picked":["Rupture","Disarm","Havoc","Iron Wave"],"picked":"Heavy Blade+1","floor":28},{"not_picked":["Armaments","Wild Strike","Shrug It Off","Warcry"],"picked":"Bloodletting","floor":28},{"not_picked":["Flex","Sword Boomerang","Shrug It Off","Havoc","Spot Weakness"],"picked":"SKIP","floor":30},{"not_picked":["Pommel Strike","Feel No Pain","Wild Strike","Flex","Power Through"],"picked":"SKIP","floor":30},{"not_picked":["Combust","Wild Strike+1","Havoc+1","MostiFishMod:RainCloud","Twin Strike"],"picked":"SKIP","floor":31},{"not_picked":["Impervious","MostiFishMod:UltimateDefense","Juggernaut","Fiend Fire"],"picked":"Double Tap","floor":33},{"not_picked":["Flex","Sword Boomerang+1","Twin Strike","Intimidate+1"],"picked":"Body Slam+1","floor":35},{"not_picked":["Wild Strike","Clash","MostiFishMod:#F4004","Sword Boomerang","Carnage"],"picked":"SKIP","floor":35},{"not_picked":["Twin Strike+1","Flame Barrier+1","Combust","Armaments+1"],"picked":"Anger+1","floor":36},{"not_picked":["Sever Soul+1","Iron Wave","Armaments","Clothesline","Rage"],"picked":"SKIP","floor":36},{"not_picked":["Havoc+1","Clash+1","Power Through+1","Wild Strike+1","Intimidate+1"],"picked":"MostiFishMod:PerfectStrikeMKII+1","floor":41},{"not_picked":["Pommel Strike+1","Flame Barrier+1","Cleave+1","Rupture+1","Blood for Blood+1"],"picked":"Body Slam+1","floor":44},{"not_picked":["Sentinel+1","Ghostly Armor+1","Rampage+1","Thunderclap+1","Combust+1"],"picked":"Bloodletting+1","floor":44},{"not_picked":["Rupture+1","Shockwave+1","Wild Strike+1","Perfected Strike+1","Demon Form+1"],"picked":"Body Slam+1","floor":45},{"not_picked":["Perfected Strike+1","Thunderclap+1","Shockwave+1","Blood for Blood+1","Armaments+1","Second Wind+1"],"picked":"Singing Bowl","floor":46},{"not_picked":["Cleave+1","Power Through+1","Disarm+1","Wild Strike+1","Whirlwind+1"],"picked":"MostiFishMod:FireWorks+1","floor":47},{"not_picked":["Flame Barrier+1","Battle Trance+1","Twin Strike+1","Armaments+1","Power Through+1"],"picked":"Offering+1","floor":48},{"not_picked":["Disarm+1","Havoc+1","Flex+1","Carnage+1","Warcry+1","Pommel Strike+1"],"picked":"Singing Bowl","floor":54}],"player_experience":260466,"relics_obtained":[{"floor":1.0,"key":"SynthV:TestCard"},{"floor":6.0,"key":"YumHeart"},{"floor":9.0,"key":"ZombieArmy"},{"floor":13.0,"key":"Unceasing Top"},{"floor":17.0,"key":"TheBean"},{"floor":17.0,"key":"TuHaoJin"},{"floor":17.0,"key":"D4"},{"floor":22,"key":"Nilry\u0027s Codex"},{"floor":23,"key":"Bronze Scales"},{"floor":25,"key":"FossilizedHelix"},{"floor":26,"key":"Centennial Puzzle"},{"floor":26,"key":"MawBank"},{"floor":27,"key":"Orichalcum"},{"floor":31,"key":"The Courier"},{"floor":41,"key":"Circlet"},{"floor":43,"key":"Circlet"},{"floor":45,"key":"Circlet"},{"floor":46,"key":"Circlet"},{"floor":47,"key":"Circlet"},{"floor":48,"key":"Circlet"},{"floor":54,"key":"Circlet"}],"event_choices":[{"damage_healed":0.0,"max_hp_gain":0.0,"max_hp_loss":0.0,"gold_gain":0.0,"event_name":"Golden Idol","player_choice":"Take Wound","floor":5.0,"gold_loss":0.0,"damage_taken":0.0,"relics_obtained":["Golden Idol"],"cards_obtained":["Injury"]},{"damage_healed":0,"gold_gain":0,"player_choice":"Obtained Book","damage_taken":16,"max_hp_gain":0,"max_hp_loss":0,"event_name":"Cursed Tome","floor":22,"gold_loss":0},{"damage_healed":0,"gold_gain":99,"player_choice":"Stole From Cult","damage_taken":0,"max_hp_gain":0,"max_hp_loss":0,"event_name":"Nest","floor":29,"gold_loss":0},{"damage_healed":0,"gold_gain":333,"player_choice":"Gave Idol","damage_taken":0,"max_hp_gain":0,"max_hp_loss":0,"event_name":"The Moai Head","floor":39,"relics_lost":["Golden Idol"],"gold_loss":0}],"is_beta":false,"boss_relics":[{"not_picked":["AddBug","MoonlightInvasionPlan"],"picked":"Calling Bell"},{"not_picked":[]},{"not_picked":["Runic Cube","PatriotShield"],"picked":"Empty Cage"},{"not_picked":[]}],"items_purged_floors":[3,12,19,21,37,53],"is_endless":false,"potions_floor_spawned":[2,4,6,11,14,16,18,27,28,30,35,44,45,46,47,48,54],"ascension_level":3}}