{"host":"my77oq6kb6j47rwl","time":1609710209,"event":{"mods":["BaseMod","Better Third Choice","Colored Map","Curses Come First","Displayed Cursed Tome","Emptier Cage","Hermit","Ironclad Rager","Minty Spire (QoL Compilation)","Quick Restart","Rare Cards Sparkle","StSLib"],"gold_per_floor":[114,185,185,185,202,202,236,251,251,285,285,300,318,338,338,434,434,452,273,288,299,314,345,345,345,345,360,378,396,57,88,88,185,185,198,73,73,73],"floor_reached":37,"playtime":3082,"items_purged":["hermit:Strike_Hermit","hermit:Strike_Hermit","hermit:Defend_Hermit"],"score":425,"play_id":"2c45233e-52ed-4ca7-943d-8dc240308971","local_time":"20210103164329","is_ascension_mode":false,"campfire_choices":[{"floor":15,"key":"REST"},{"data":"hermit:FlashPowder","floor":25,"key":"SMITH"},{"floor":32,"key":"REST"}],"circlet_count":0,"master_deck":["hermit:Strike_Hermit","hermit:Strike_Hermit","hermit:Defend_Hermit+1","hermit:Defend_Hermit","hermit:Defend_Hermit+1","hermit:Snapshot","hermit:Covet","Decay","Apotheosis+1","hermit:Brawl","hermit:Glare","hermit:ShadowCloak","hermit:Deadeye","hermit:Reprieve","hermit:SprayPray","hermit:Dive","hermit:HighNoon","hermit:Snipe","hermit:Dive","hermit:Feint+1","hermit:FlashPowder+1","Writhe","hermit:ShadowCloak","hermit:Ricochet+1","hermit:FatalDesire"],"relics":["hermit:Momento","Akabeko","Letter Opener","Potion Belt","Bag of Preparation","Busted Crown","Nunchaku","CaptainsWheel","Peace Pipe","Kunai","StoneCalendar","Sozu"],"acts_visited":["Exordium","TheCity","TheBeyond"],"potions_floor_usage":[11,12,16,19,23,23,28,31,33],"damage_taken":[{"damage":2,"enemies":"2 Louse","floor":1,"turns":3},{"damage":7,"enemies":"Small Slimes","floor":5,"turns":3},{"damage":12,"enemies":"Lagavulin","floor":7,"turns":5},{"damage":0,"enemies":"Jaw Worm","floor":8,"turns":2},{"damage":21,"enemies":"Gremlin Nob","floor":10,"turns":4},{"damage":0,"enemies":"Blue Slaver","floor":11,"turns":1},{"damage":1,"enemies":"Red Slaver","floor":12,"turns":2},{"damage":0,"enemies":"2 Fungi Beasts","floor":13,"turns":2},{"damage":0,"enemies":"3 Louse","floor":14,"turns":2},{"damage":8,"enemies":"Hexaghost","floor":16,"turns":8},{"damage":12,"enemies":"3 Byrds","floor":18,"turns":5},{"damage":0,"enemies":"Chosen","floor":20,"turns":4},{"damage":8,"enemies":"Centurion and Healer","floor":21,"turns":5},{"damage":11,"enemies":"Chosen and Byrds","floor":22,"turns":8},{"damage":13,"enemies":"Slavers","floor":23,"turns":5},{"damage":0,"enemies":"Snecko","floor":27,"turns":7},{"damage":18,"enemies":"Cultist and Chosen","floor":28,"turns":8},{"damage":0,"enemies":"3 Cultists","floor":29,"turns":7},{"damage":26,"enemies":"Gremlin Leader","floor":31,"turns":9},{"damage":27,"enemies":"Collector","floor":33,"turns":10},{"damage":2,"enemies":"Orb Walker","floor":35,"turns":4},{"damage":81,"enemies":"2 Orb Walkers","floor":37,"turns":6}],"seed_played":"8624961868974792773","potions_obtained":[{"floor":7,"key":"SmokeBomb"},{"floor":8,"key":"Fire Potion"},{"floor":12,"key":"Block Potion"},{"floor":14,"key":"CultistPotion"},{"floor":18,"key":"DistilledChaos"},{"floor":21,"key":"ColorlessPotion"},{"floor":22,"key":"FearPotion"},{"floor":28,"key":"SneckoOil"},{"floor":31,"key":"DuplicationPotion"}],"is_trial":false,"path_per_floor":["M","?","?","?","M","?","E","M","T","E","M","M","M","M","R","B",null,"M","$","M","M","M","E","?","R","T","M","M","M","$","E","R","B",null,"M","$","?"],"character_chosen":"HERMIT","items_purchased":["Fruit Juice","Kunai"],"campfire_rested":2,"item_purchase_floors":[19,30],"current_hp_per_floor":[73,73,61,61,54,39,27,27,27,6,6,5,9,9,31,27,75,63,68,76,72,69,56,56,56,56,56,38,46,46,24,48,29,80,78,78,0,0],"gold":73,"neow_bonus":"RANDOM_COLORLESS_2","is_daily":false,"chose_seed":false,"campfire_upgraded":1,"win_rate":0.0,"timestamp":1609710209,"path_taken":["M","?","?","?","M","?","E","M","T","E","M","M","M","M","R","BOSS","M","$","M","M","M","E","?","R","T","M","M","M","$","E","R","BOSS","M","$","?"],"items_purchased_type":["Potion","Relic"],"build_version":"2020-12-22","purchased_purges":3,"victory":false,"max_hp_per_floor":[75,75,75,75,75,75,75,75,75,75,75,75,75,75,75,75,75,75,80,80,80,80,80,80,80,80,80,80,80,80,80,80,80,80,80,80,80,80],"card_choices":[{"not_picked":["Secret Technique","Metamorphosis"],"picked":"Apotheosis","floor":0},{"not_picked":["hermit:SprayPray","hermit:Glare"],"picked":"hermit:Brawl","floor":1},{"not_picked":["hermit:Desperado","hermit:LowProfile"],"picked":"hermit:Glare","floor":5},{"not_picked":["hermit:Coalescence","hermit:Feint"],"picked":"hermit:ShadowCloak","floor":7},{"not_picked":["hermit:Feint","hermit:Desperado"],"picked":"hermit:Deadeye","floor":8},{"not_picked":["hermit:Vantage","hermit:Coalescence"],"picked":"hermit:Reprieve","floor":10},{"not_picked":["hermit:LowProfile","hermit:Glare","hermit:TrackingShot"],"picked":"SKIP","floor":12},{"not_picked":["hermit:Glare","hermit:TakeCover"],"picked":"hermit:SprayPray","floor":13},{"not_picked":["hermit:HighCaliber","hermit:Quickdraw"],"picked":"hermit:Dive","floor":14},{"not_picked":["hermit:Magnum","hermit:Reprieve"],"picked":"hermit:HighNoon","floor":16},{"not_picked":[],"picked":"hermit:Snipe","floor":18},{"not_picked":["hermit:Roulette"],"picked":"SKIP","floor":20},{"not_picked":[],"picked":"hermit:Dive","floor":21},{"not_picked":[],"picked":"hermit:Feint+1","floor":22},{"not_picked":[],"picked":"hermit:FlashPowder","floor":23},{"not_picked":["hermit:ItchyTrigger"],"picked":"SKIP","floor":27},{"not_picked":[],"picked":"hermit:ShadowCloak","floor":28},{"not_picked":["hermit:CalledShot"],"picked":"SKIP","floor":29},{"not_picked":[],"picked":"hermit:Ricochet+1","floor":31},{"not_picked":[],"picked":"hermit:FatalDesire","floor":33},{"not_picked":["hermit:ItchyTrigger"],"picked":"SKIP","floor":35}],"player_experience":1044082,"relics_obtained":[{"floor":7,"key":"Letter Opener"},{"floor":9,"key":"Potion Belt"},{"floor":10,"key":"Bag of Preparation"},{"floor":23,"key":"Nunchaku"},{"floor":26,"key":"Peace Pipe"},{"floor":31,"key":"StoneCalendar"}],"event_choices":[{"damage_healed":0,"gold_gain":71,"player_choice":"Gained Gold","damage_taken":0,"max_hp_gain":0,"max_hp_loss":0,"event_name":"Golden Wing","floor":2,"gold_loss":0},{"damage_healed":0,"gold_gain":0,"player_choice":"Relic ","damage_taken":12,"max_hp_gain":0,"max_hp_loss":0,"event_name":"betterThird:BetterScrap","floor":3,"gold_loss":0,"cards_obtained":["Doppelganger"]},{"damage_healed":0,"gold_gain":0,"player_choice":"Grow","damage_taken":0,"max_hp_gain":0,"max_hp_loss":0,"event_name":"Living Wall","floor":4,"gold_loss":0,"cards_upgraded":["Apotheosis"]},{"damage_healed":54,"gold_gain":0,"player_choice":"Upgrade","damage_taken":15,"max_hp_gain":0,"max_hp_loss":75,"event_name":"betterThird:BetterShining","floor":6,"gold_loss":0,"cards_upgraded":["hermit:Defend_Hermit","hermit:Defend_Hermit"]},{"damage_healed":0,"gold_gain":0,"player_choice":"Opened","damage_taken":0,"relics_obtained":["CaptainsWheel"],"max_hp_gain":0,"max_hp_loss":0,"event_name":"The Mausoleum","floor":24,"gold_loss":0,"cards_obtained":["Writhe"]},{"damage_healed":0,"gold_gain":0,"player_choice":"Fight","damage_taken":0,"max_hp_gain":0,"max_hp_loss":0,"event_name":"Mysterious Sphere","floor":37,"gold_loss":0}],"is_beta":false,"boss_relics":[{"not_picked":["Runic Pyramid","Fusion Hammer"],"picked":"Busted Crown"},{"not_picked":["Philosopher\u0027s Stone","Pandora\u0027s Box"],"picked":"Sozu"}],"items_purged_floors":[19,30,36],"is_endless":false,"potions_floor_spawned":[7,8,11,12,14,18,21,22,28,31],"killed_by":"2 Orb Walkers","ascension_level":0}}