{"host":"ywif2ugnepgiw45s","time":1609635382,"event":{"mods":["Act Like it!","BaseMod","Better Skull","Downfall","Elementarium","GifTheSpireLib","Hermit","Lobotomy","Minty Spire (QoL Compilation)","READ ME - Guardian Mod","Shade Mod","Shop Mod","StSLib","The Cursed","The Exalted","The Jungle","The Servant 0.9.4"],"gold_per_floor":[0,16,29,29,29,62,62,62,93,78,96,196,121,153,168,273,273,198,208,143,143,157,157,157,182,16,16,34,44,44,60,72,169,169,94,94,107,121,121,121,121,133,152,152,181,181,201,211,228,228,228,258,2,2,2],"floor_reached":56,"playtime":3199,"items_purged":["Read+1","Writhe"],"score":1291,"play_id":"4e535ddd-5957-4a8c-8b19-2db3f1e4037c","local_time":"20210102195622","is_ascension_mode":true,"campfire_choices":[{"floor":1,"key":"RECALL"},{"floor":13,"key":"REST"},{"data":"Solidify","floor":18,"key":"SMITH"},{"data":"Exchange","floor":27,"key":"SMITH"},{"floor":30,"key":"REST"},{"data":"FlawlessForm","floor":35,"key":"SMITH"},{"data":"Comet","floor":44,"key":"SMITH"},{"data":"MurderousAura","floor":46,"key":"SMITH"},{"data":"FastForward","floor":54,"key":"SMITH"}],"circlet_count":0,"master_deck":["Defend_S","Defend_S","KidneyShot","Exchange+1","FastForward+1","StarChef","Solidify+1","Comet+1","SoulSculpture+1","BottledTime+1","MurderousAura+1","LightFlow","ShatteredReality+1","Luminosity+1","Defy+1","Barrier+1","Barrier+1","expansioncontent:DecasProtection+1","Potential","Desolation+1","FlawlessForm+1","SoulSculpture+1"],"relics":["Uniform","downfall:ShatteredFragment","Bromod:ArcaneMomentum","Lantern","Toxic Egg 2","Bromod:ArcaneFury","downfall:HeartBlessingRed","Smiling Mask","Astrolabe","downfall:HeartBlessingGreen","Bromod:ArcaneNullifier","Mercury Hourglass","Medical Kit","Vajra","Busted Crown","downfall:HeartBlessingBlue","White Beast Statue","Frozen Egg 2","Mummified Hand","InkBottle"],"acts_visited":["Exordium","TheCity","TheBeyond","TheEnding"],"potions_floor_usage":[12,12,14,22,29,33,55,55,55],"damage_taken":[{"damage":0,"enemies":"2 Louse","floor":2,"turns":3},{"damage":0,"enemies":"Jaw Worm","floor":3,"turns":4},{"damage":6,"enemies":"Gremlin Nob","floor":6,"turns":5},{"damage":5,"enemies":"Lagavulin","floor":9,"turns":8},{"damage":0,"enemies":"downfall:FleeingMerchant","floor":10,"turns":4},{"damage":3,"enemies":"Small Slimes","floor":11,"turns":2},{"damage":7,"enemies":"downfall:Heads","floor":12,"turns":2},{"damage":3,"enemies":"Gremlin Nob","floor":14,"turns":3},{"damage":0,"enemies":"2 Fungi Beasts","floor":15,"turns":2},{"damage":4,"enemies":"downfall:Silent","floor":16,"turns":5},{"damage":0,"enemies":"3 Byrds","floor":19,"turns":3},{"damage":0,"enemies":"downfall:FleeingMerchant","floor":20,"turns":4},{"damage":12,"enemies":"Snecko","floor":22,"turns":3},{"damage":4,"enemies":"Gremlin Leader","floor":25,"turns":4},{"damage":0,"enemies":"downfall:FleeingMerchant","floor":26,"turns":4},{"damage":0,"enemies":"Shelled Parasite and Fungi","floor":28,"turns":1},{"damage":7,"enemies":"Snake Plant","floor":29,"turns":3},{"damage":0,"enemies":"Sentry and Sphere","floor":31,"turns":3},{"damage":0,"enemies":"Centurion and Healer","floor":32,"turns":4},{"damage":9,"enemies":"downfall:Defect","floor":33,"turns":6},{"damage":11,"enemies":"Orb Walker","floor":37,"turns":2},{"damage":0,"enemies":"3 Shapes","floor":38,"turns":2},{"damage":0,"enemies":"Writhing Mass","floor":42,"turns":3},{"damage":0,"enemies":"Maw","floor":43,"turns":6},{"damage":7,"enemies":"Giant Head","floor":45,"turns":6},{"damage":0,"enemies":"3 Darklings","floor":47,"turns":4},{"damage":0,"enemies":"Sphere and 2 Shapes","floor":48,"turns":4},{"damage":0,"enemies":"Maw","floor":49,"turns":5},{"damage":10,"enemies":"downfall:Ironclad","floor":50,"turns":9},{"damage":5,"enemies":"downfall:CharBossMerchant","floor":52,"turns":7},{"damage":0,"enemies":"downfall:NeowBoss","floor":55,"turns":18}],"seed_played":"-7537944155860123620","potions_obtained":[{"floor":2,"key":"Block Potion"},{"floor":9,"key":"AttackPotion"},{"floor":11,"key":"PowerPotion"},{"floor":14,"key":"AttackPotion"},{"floor":25,"key":"LiquidBronze"},{"floor":28,"key":"SkillPotion"},{"floor":31,"key":"AttackPotion"},{"floor":32,"key":"SpeedPotion"},{"floor":33,"key":"DuplicationPotion"},{"floor":37,"key":"PowerPotion"},{"floor":38,"key":"Strength Potion"},{"floor":43,"key":"CultistPotion"}],"is_trial":false,"path_per_floor":["R","M","M","?","?","E","T","?","E","$","M","?","R","E","M","B",null,"R","M","$","?","M","?","T","E","$","R","M","M","R","M","M","B",null,"R","?","M","M","$","?","T","M","M","R","E","R","M","M","M","B",null,"E","$","R","B",null],"character_chosen":"THE_SERVANT","items_purchased":["expansioncontent:DecasProtection+1","Medical Kit","Vajra","Potential","InkBottle"],"campfire_rested":2,"item_purchase_floors":[26,26,26,26,53],"current_hp_per_floor":[65,65,65,50,38,32,32,32,27,27,24,17,36,33,33,29,65,65,65,65,65,53,53,53,49,49,49,49,42,61,61,61,52,65,75,75,64,64,64,64,64,64,64,64,57,57,57,57,57,47,75,70,70,70,70],"gold":2,"neow_bonus":"REMOVE_TWO","is_daily":false,"chose_seed":false,"campfire_upgraded":6,"win_rate":0.0,"timestamp":1609635382,"path_taken":["R","M","M","?","?","E","T","?","E","$","?","?","R","E","M","BOSS","R","M","$","?","M","?","T","E","?","R","M","M","R","?","M","BOSS","R","?","M","M","$","?","T","?","M","R","E","R","M","M","M","BOSS","E","$","R","BOSS"],"items_purchased_type":["Card","Relic","Relic","Card","Relic"],"build_version":"2020-12-22","purchased_purges":2,"victory":true,"max_hp_per_floor":[65,65,65,65,65,65,65,65,65,65,65,65,65,65,65,65,65,65,65,65,65,65,65,65,65,65,65,65,65,65,65,65,65,65,75,75,75,75,75,75,75,75,75,75,75,75,75,75,75,75,75,75,75,75,75],"card_choices":[{"not_picked":["Moondial","Desolation"],"picked":"FastForward","floor":2},{"not_picked":["FastForward","Spin"],"picked":"StarChef","floor":3},{"not_picked":["Alleviate","Deny"],"picked":"Solidify","floor":6},{"not_picked":["DancingSilver+1","TimeTheft+1"],"picked":"Comet","floor":9},{"not_picked":["Revamp+1","Orbit"],"picked":"SoulSculpture","floor":10},{"not_picked":["Ricochet","Alleviate+1","Defy+1"],"picked":"SKIP","floor":11},{"not_picked":["ShatteredReality","Spin"],"picked":"BottledTime+1","floor":12},{"not_picked":["Moondial+1","DoubleEdge","Rewind+1"],"picked":"SKIP","floor":14},{"not_picked":["Alleviate+1","DancingSilver+1"],"picked":"MurderousAura","floor":15},{"not_picked":["Deny+1","Embodiment"],"picked":"LightFlow","floor":16},{"not_picked":["Gouge+1","ReturningBlade+1"],"picked":"Defy+1","floor":19},{"not_picked":["Rewind+1","DoubleEdge","Initiator"],"picked":"SKIP","floor":20},{"not_picked":["Rewind+1","DancingSilver+1","Ricochet"],"picked":"SKIP","floor":22},{"not_picked":["WasteNot","Revamp+1"],"picked":"Barrier+1","floor":25},{"not_picked":["BottledTime+1","Reset+1"],"picked":"Barrier+1","floor":26},{"not_picked":["Spin+1","DancingSilver+1","Starlight+1"],"picked":"SKIP","floor":28},{"not_picked":["Unruled","Alleviate+1","Moondial+1"],"picked":"SKIP","floor":29},{"not_picked":["Potential","Snipe","Replace+1"],"picked":"SKIP","floor":31},{"not_picked":["ShiftingGears+1","BottledTime+1"],"picked":"Desolation+1","floor":32},{"not_picked":["SilverMatrix","ForgedInTime+1"],"picked":"FlawlessForm","floor":33},{"not_picked":["TimeTheft+1"],"picked":"SKIP","floor":37},{"not_picked":["Defy+1"],"picked":"SKIP","floor":38},{"not_picked":["Spin"],"picked":"SKIP","floor":42},{"not_picked":["Rewind+1"],"picked":"SKIP","floor":43},{"not_picked":["Ricochet"],"picked":"SKIP","floor":45},{"not_picked":["Defy+1"],"picked":"SKIP","floor":47},{"not_picked":["Starlight"],"picked":"SKIP","floor":48},{"not_picked":["Collapse+1"],"picked":"SKIP","floor":49},{"not_picked":["Ricochet+1"],"picked":"SKIP","floor":52}],"player_experience":1731876,"relics_obtained":[{"floor":6,"key":"Lantern"},{"floor":7,"key":"Toxic Egg 2"},{"floor":9,"key":"Bromod:ArcaneFury"},{"floor":14,"key":"Smiling Mask"},{"floor":25,"key":"Mercury Hourglass"},{"floor":41,"key":"White Beast Statue"},{"floor":45,"key":"Frozen Egg 2"},{"floor":52,"key":"Mummified Hand"}],"event_choices":[{"damage_healed":0,"gold_gain":0,"player_choice":"Success","damage_taken":12,"relics_obtained":["Bromod:ArcaneMomentum"],"max_hp_gain":0,"max_hp_loss":0,"event_name":"Scrap Ooze","floor":5,"gold_loss":0},{"damage_healed":0,"gold_gain":0,"player_choice":"Copied","damage_taken":0,"max_hp_gain":0,"max_hp_loss":0,"event_name":"Duplicator","floor":40,"gold_loss":0,"cards_obtained":["SoulSculpture"]}],"is_beta":false,"boss_relics":[{"not_picked":["Empty Cage","SacredBark"],"picked":"Astrolabe"},{"not_picked":["Snecko Eye","Black Star"],"picked":"Busted Crown"}],"items_purged_floors":[20,26],"is_endless":false,"potions_floor_spawned":[2,9,11,14,25,28,31,32,33,37,38,42,43,45,47,48,49,52],"ascension_level":1}}