{"host":"jr9f8lmgw9kaplsw","time":1609710313,"event":{"mods":["AchievementEnabler","BaseMod","BetterRewards","Colored Map","Hubris","Minty Spire (QoL Compilation)","Replay The Spire","Shop Mod","StSLib","The Cursed"],"gold_per_floor":[114,114,114,129,144,174,189,189,189,189,204,54,84,99,99,199,199,214,214,229,229,244,244,244],"floor_reached":23,"playtime":1276,"items_purged":[],"score":253,"play_id":"ef740357-0f2b-4fd9-b0f3-f84f3c4536c3","local_time":"20210103164513","daily_mods":["Allstar","Hoarder","Terminal"],"is_ascension_mode":false,"campfire_choices":[{"floor":10,"key":"REST"},{"data":"Inflame","floor":15,"key":"SMITH"}],"circlet_count":0,"master_deck":["Strike_R","Strike_R","Strike_R","Strike_R","Strike_R","Defend_R","Defend_R","Defend_R","Defend_R","Bash","Master of Strategy","Master of Strategy","Master of Strategy","Transmutation","Transmutation","Transmutation","Bandage Up","Bandage Up","Bandage Up","Metamorphosis","Metamorphosis","Good Instincts","Good Instincts","Good Instincts","Regret","Regret","Flex","Flex","Flex","Inflame","Inflame","Inflame+1","Thunderclap","Thunderclap","Thunderclap","Feed","Feed","Feed","Life Link","Life Link","Life Link","hubris:Lust","hubris:Lust","hubris:Lust","Flex+1","Flex+1","Flex+1"],"relics":["Burning Blood","hubris:AstralHammer","Ancient Tea Set","hubris:Towel","Blood Vial","Strawberry","Magic Flower"],"acts_visited":["Exordium","TheCity"],"potions_floor_usage":[16,18,20,22],"damage_taken":[{"damage":0,"enemies":"Small Slimes","floor":1,"turns":6},{"damage":24,"enemies":"2 Louse","floor":4,"turns":4},{"damage":10,"enemies":"Cultist","floor":5,"turns":5},{"damage":30,"enemies":"3 Sentries","floor":6,"turns":11},{"damage":22,"enemies":"Gremlin Gang","floor":7,"turns":4},{"damage":0,"enemies":"2 Fungi Beasts","floor":11,"turns":3},{"damage":18,"enemies":"Replay:BlueRogue","floor":13,"turns":4},{"damage":7,"enemies":"Exordium Wildlife","floor":14,"turns":7},{"damage":35,"enemies":"Hexaghost","floor":16,"turns":8},{"damage":52,"enemies":"3 Byrds","floor":18,"turns":6},{"damage":31,"enemies":"Spheric Guardian","floor":20,"turns":6},{"damage":63,"enemies":"Shelled Parasite and Fungi","floor":22,"turns":7},{"damage":35,"enemies":"Gremlin Leader","floor":23,"turns":4}],"seed_played":"4251252283042701915","potions_obtained":[{"floor":1,"key":"Venom Potion"},{"floor":7,"key":"ColorlessPotion"},{"floor":13,"key":"FearPotion"},{"floor":18,"key":"Adrenaline Potion"},{"floor":20,"key":"SpeedPotion"}],"is_trial":false,"path_per_floor":["M","?","?","M","M","E","M","?","T","R","M","$","E","M","R","B",null,"M","?","M","?","M","E"],"character_chosen":"IRONCLAD","items_purchased":["Strawberry"],"campfire_rested":1,"item_purchase_floors":[12],"current_hp_per_floor":[78,77,86,72,80,66,58,58,58,79,78,84,80,82,81,67,79,57,57,50,50,22,0,0],"gold":244,"neow_bonus":"","is_daily":true,"chose_seed":false,"campfire_upgraded":1,"win_rate":0.0,"timestamp":1609710313,"path_taken":["M","?","?","M","?","E","?","?","T","R","M","?","E","M","R","BOSS","M","?","?","?","M","E"],"items_purchased_type":["Relic"],"build_version":"2020-12-22","purchased_purges":0,"victory":false,"max_hp_per_floor":[78,77,86,85,84,83,82,81,80,79,78,84,83,82,81,80,79,84,83,82,81,83,83,83],"card_choices":[{"not_picked":["Rampage","Havoc","Pommel Strike"],"picked":"SKIP","floor":1},{"not_picked":["Clash","Run Through","Twin Strike"],"picked":"SKIP","floor":4},{"not_picked":["Second Wind","Ghostly Armor"],"picked":"Flex","floor":5},{"not_picked":["Demonic Infusion","Uppercut","Replay:Undeath\u0027s Touch"],"picked":"SKIP","floor":6},{"not_picked":["Pummel","Pommel Strike","Twin Strike"],"picked":"SKIP","floor":7},{"not_picked":["Massacre","Wild Strike"],"picked":"Inflame","floor":11},{"not_picked":["ReplayTheSpireMod:Strike From Hell","hubris:ReadiedAction","Perfected Strike"],"picked":"SKIP","floor":13},{"not_picked":["Replay:Undeath\u0027s Touch","Blood for Blood"],"picked":"Thunderclap","floor":14},{"not_picked":["Juggernaut","Reaper"],"picked":"Feed","floor":16},{"not_picked":["Thunderclap","Metallicize"],"picked":"Life Link","floor":18},{"not_picked":["Blood for Blood","Sword Boomerang"],"picked":"Flex+1","floor":20},{"not_picked":["Wild Strike","Perfected Strike","Uppercut"],"picked":"SKIP","floor":22}],"player_experience":2792750,"relics_obtained":[{"floor":6,"key":"Ancient Tea Set"},{"floor":9,"key":"Blood Vial"},{"floor":13,"key":"Magic Flower"}],"event_choices":[{"damage_healed":0,"gold_gain":0,"player_choice":"Box","damage_taken":0,"relics_obtained":["hubris:AstralHammer"],"max_hp_gain":0,"max_hp_loss":0,"event_name":"Big Fish","floor":2,"gold_loss":0,"cards_obtained":["Regret"]},{"cards_removed":["Metamorphosis"],"damage_healed":0,"gold_gain":0,"player_choice":"Offered Rare","damage_taken":0,"max_hp_gain":10,"max_hp_loss":0,"event_name":"Bonfire Elementals","floor":3,"gold_loss":0},{"damage_healed":0,"gold_gain":0,"cards_transformed":["Regret"],"player_choice":"Transformed","damage_taken":0,"max_hp_gain":0,"max_hp_loss":0,"event_name":"Transmorgrifier","floor":19,"gold_loss":0,"cards_obtained":["hubris:Lust"]},{"damage_healed":0,"gold_gain":0,"player_choice":"Ignored","damage_taken":0,"max_hp_gain":0,"max_hp_loss":0,"event_name":"Ghosts","floor":21,"gold_loss":0}],"is_beta":false,"boss_relics":[{"not_picked":["Honey Jar","hubris:RunicObelisk","Philosopher\u0027s Stone"]}],"items_purged_floors":[],"is_endless":false,"potions_floor_spawned":[1,7,13,14,18,20],"killed_by":"Gremlin Leader","ascension_level":0}}