{"host":"17xjy7b7ubl548g2","time":1609657541,"event":{"mods":["2.2 Compatiblity","Act Like it!","Aspiration","Astrologer","Bard","BaseMod","Bestiary","Challenge The Spire","ChefMod","Colored Map","Conspire","Elementarium","Energized Spire","Gensokyo","GifTheSpireLib","Halation","Hallownest","Hubris","Infinite Spire","Jedi Mod","Jorbs\u0027s Wanderer Trilogy","Marisa（霧雨　魔理沙）","Marked Mod","Menagerie","Minty Spire (QoL Compilation)","Pale of the Ancients","Permanent Neow","Puzzle Mod","Replay The Spire","Robot Space Explorer","Spicy Shops","StSLib","Stuff the Spire","The Blue Laboratory","The Bug Knight","The Construct","The Disciple","The Hayseed","The Hierophant","The Marked","The Runesmith","The Sage","TheFirefly"],"gold_per_floor":[114,44,76,88,120,132,176,199,211,223,375,398,514,0,0,0,0],"floor_reached":16,"playtime":2255,"items_purged":[],"score":177,"play_id":"023ae6ef-3818-4023-adc2-7533bb50f321","local_time":"20210103020541","is_ascension_mode":true,"campfire_choices":[{"data":"thefirefly:StealthMode","floor":6,"key":"SMITH"},{"data":"thefirefly:LaserBarrage","floor":10,"key":"SMITH"},{"data":"thefirefly:MirrorShield","floor":15,"key":"SMITH"}],"circlet_count":0,"master_deck":["thefirefly:Strike","thefirefly:Strike","thefirefly:Strike","thefirefly:Strike","thefirefly:Defend","thefirefly:Defend","thefirefly:Defend+1","thefirefly:Defend+1","thefirefly:StealthMode+1","thefirefly:PhotonBlast","Replay:Bootleg Shield Generator","thefirefly:Reposition","thefirefly:Preload","Clumsy","thefirefly:InterceptingShot","thefirefly:MindControl","thefirefly:LaserBarrage+1","thefirefly:ArtillleryBeam","thefirefly:ReverseEngine","thefirefly:ReverseEngine","thefirefly:ShieldGenerator","thefirefly:MirrorShield+1","thefirefly:FullProjection"],"relics":["thefirefly:StealthSystem","MawBank","Gensokyo:NagashiBinaDoll","aspiration:TomeofQuesting","StuffTheSpire:TintedRock","War Paint","sagemod:Singing_Vial","Torii"],"acts_visited":["Exordium"],"potions_floor_usage":[7,11,13,16],"damage_taken":[{"damage":0.0,"enemies":"Gensokyo:Gryphon","floor":1.0,"turns":5.0},{"damage":1,"enemies":"Gensokyo:3_Fairies","floor":3,"turns":6},{"damage":0,"enemies":"Gensokyo:2_Kodama","floor":5,"turns":6},{"damage":38,"enemies":"Gensokyo:Cirno","floor":7,"turns":7},{"damage":4,"enemies":"Gensokyo:Kitsune","floor":8,"turns":6},{"damage":0,"enemies":"Gensokyo:Aya","floor":11,"turns":6},{"damage":1,"enemies":"Gensokyo:VengefulSpirit","floor":12,"turns":4},{"damage":0,"enemies":"Gensokyo:Mamizou","floor":13,"turns":9},{"damage":13,"enemies":"Gensokyo:Yukari","floor":16,"turns":15}],"seed_played":"2036336863252897419","potions_obtained":[{"floor":3,"key":"blueLaboratory:CorrosionFlask"},{"floor":8,"key":"Energy Potion"},{"floor":11,"key":"construct:ShiftPotion"},{"floor":12,"key":"FearPotion"}],"is_trial":false,"path_per_floor":["M","?","M","?","M","R","E","M","T","R","E","M","E","$","R","B"],"character_chosen":"THE_FIREFLY","items_purchased":["thefirefly:ShieldGenerator","thefirefly:MirrorShield","thefirefly:FullProjection","Torii"],"campfire_rested":0,"item_purchase_floors":[14,14,14,14],"current_hp_per_floor":[55,55,54,54,54,54,16,12,12,12,12,11,11,11,11,0,0],"gold":0,"neow_bonus":"RANDOM_COLORLESS","is_daily":false,"chose_seed":false,"campfire_upgraded":3,"win_rate":0.0,"timestamp":1609657541,"path_taken":["M","?","M","?","M","R","E","M","T","R","E","M","E","$","R","BOSS"],"items_purchased_type":["Card","Card","Card","Relic"],"build_version":"2020-12-22","purchased_purges":0,"victory":false,"max_hp_per_floor":[55,55,55,55,55,55,55,55,55,55,55,55,55,55,55,55,55],"card_choices":[{"not_picked":["Bandage Up","Purity"],"picked":"Replay:Bootleg Shield Generator","floor":0.0},{"not_picked":["thefirefly:Teleport","thefirefly:AccountUncertainty"],"picked":"thefirefly:Reposition","floor":1.0},{"not_picked":["thefirefly:Teleport","thefirefly:AccountUncertainty"],"picked":"thefirefly:Preload","floor":3},{"not_picked":["thefirefly:Distort","thefirefly:Teleport"],"picked":"thefirefly:InterceptingShot","floor":5},{"not_picked":["thefirefly:Pacify","thefirefly:FlareScreen"],"picked":"thefirefly:MindControl","floor":7},{"not_picked":["thefirefly:Distort","thefirefly:InterceptingShot"],"picked":"thefirefly:LaserBarrage","floor":8},{"not_picked":["thefirefly:Teleport","thefirefly:NebulaVeil"],"picked":"thefirefly:ArtillleryBeam","floor":11},{"not_picked":["thefirefly:EMP","thefirefly:AccountUncertainty"],"picked":"thefirefly:ReverseEngine","floor":12},{"not_picked":["thefirefly:SteadyAim","thefirefly:Reposition"],"picked":"thefirefly:ReverseEngine","floor":13}],"player_experience":1640502,"relics_obtained":[{"floor":7,"key":"aspiration:TomeofQuesting"},{"floor":9,"key":"StuffTheSpire:TintedRock"},{"floor":11,"key":"War Paint"},{"floor":13,"key":"sagemod:Singing_Vial"}],"event_choices":[],"is_beta":false,"boss_relics":[],"items_purged_floors":[],"is_endless":false,"potions_floor_spawned":[3,8,11,12],"killed_by":"Gensokyo:Yukari","ascension_level":1}}