{"host":"na09lpbrez4gbfiz","time":1609701637,"event":{"mods":["Act Like it!","BaseMod","BetterRewards","Colored Map","Colored Powertips","DeckTracker","Googly Eyes","Highlight Path","Minty Spire (QoL Compilation)","Quick Restart","Spicy Shops","StSLib","SuperFastMode","Synergy Search"],"gold_per_floor":[116,134,134,134,134,134,162,162,162,194,194,225,236,255,255,354,354,371,70,169,169,169,197,215,215,239,258,273,273,273,49,49,153,153,164,183,183,183,183,210,225,256,302,321,321,349,360,84,84,84],"floor_reached":51,"playtime":1234,"items_purged":["Strike_R","Strike_R","Defend_R","Strike_R","Strike_R","Immolate+1"],"score":1213,"play_id":"6af66782-9a23-4ae4-9a85-61d4ac14bcfc","local_time":"20210103202037","is_ascension_mode":true,"campfire_choices":[{"data":"Rampage","floor":6,"key":"SMITH"},{"floor":8,"key":"REST"},{"floor":11,"key":"REST"},{"data":"Bash","floor":15,"key":"SMITH"},{"data":"Corruption","floor":25,"key":"SMITH"},{"floor":32,"key":"REST"},{"floor":45,"key":"REST"},{"floor":49,"key":"REST"}],"circlet_count":0,"master_deck":["Defend_R","Bash+1","Rampage+1","Sword Boomerang+1","Bloodletting","Corruption+1","Offering","Demon Form","Inflame+1","Pummel+1","Madness","Sentinel+1","Berserk","Sentinel"],"relics":["Burning Blood","Vajra","Sling","Shuriken","White Beast Statue","Odd Mushroom","Molten Egg 2","Happy Flower","Anchor","Runic Pyramid","Juzu Bracelet","Lantern","PreservedInsect","MutagenicStrength","Astrolabe","Darkstone Periapt","Bag of Preparation","Oddly Smooth Stone","Nunchaku","Question Card"],"acts_visited":["Exordium","TheCity","TheBeyond"],"potions_floor_usage":[7,16,23,33,33,50],"damage_taken":[{"damage":2,"enemies":"Jaw Worm","floor":1,"turns":3},{"damage":0,"enemies":"2 Louse","floor":2,"turns":2},{"damage":16,"enemies":"The Mushroom Lair","floor":7,"turns":5},{"damage":40,"enemies":"3 Sentries","floor":10,"turns":8},{"damage":0,"enemies":"Gremlin Nob","floor":12,"turns":2},{"damage":0,"enemies":"Small Slimes","floor":13,"turns":2},{"damage":3,"enemies":"Blue Slaver","floor":14,"turns":2},{"damage":3,"enemies":"Slime Boss","floor":16,"turns":3},{"damage":29,"enemies":"2 Thieves","floor":18,"turns":4},{"damage":9,"enemies":"Book of Stabbing","floor":23,"turns":3},{"damage":3,"enemies":"Spheric Guardian","floor":24,"turns":3},{"damage":21,"enemies":"Centurion and Healer","floor":27,"turns":4},{"damage":9,"enemies":"Cultist and Chosen","floor":28,"turns":2},{"damage":45,"enemies":"Champ","floor":33,"turns":6},{"damage":24,"enemies":"3 Darklings","floor":35,"turns":3},{"damage":10,"enemies":"Orb Walker","floor":36,"turns":2},{"damage":12,"enemies":"Giant Head","floor":40,"turns":3},{"damage":18,"enemies":"4 Shapes","floor":41,"turns":1},{"damage":9,"enemies":"Reptomancer","floor":42,"turns":2},{"damage":12,"enemies":"Maw","floor":44,"turns":4},{"damage":22,"enemies":"Giant Head","floor":46,"turns":4},{"damage":23,"enemies":"Jaw Worm Horde","floor":47,"turns":3},{"damage":55,"enemies":"Time Eater","floor":50,"turns":4}],"seed_played":"3649867062110504836","potions_obtained":[{"floor":2,"key":"Swift Potion"},{"floor":7,"key":"Weak Potion"},{"floor":10,"key":"EssenceOfSteel"},{"floor":12,"key":"Ancient Potion"},{"floor":14,"key":"SteroidPotion"},{"floor":16,"key":"Ancient Potion"},{"floor":18,"key":"Strength Potion"},{"floor":23,"key":"EntropicBrew"},{"floor":33,"key":"DistilledChaos"},{"floor":35,"key":"FairyPotion"}],"is_trial":false,"path_per_floor":["M","M","?","?","T","R","?","R","T","E","R","E","M","M","R","B",null,"M","$","?","?","?","E","M","R","T","M","M","?","?","$","R","B",null,"M","M","T","?","$","E","M","E","T","M","R","E","M","$","R","B",null],"character_chosen":"IRONCLAD","items_purchased":["Vajra","Sling","Rampage","Juzu Bracelet","PowerPotion","Sentinel"],"campfire_rested":5,"item_purchase_floors":[0,0,0,19,31,48],"current_hp_per_floor":[45,51,26,52,52,52,42,66,66,32,56,62,68,71,71,74,80,57,57,57,57,57,54,57,57,57,42,39,39,39,39,63,24,80,62,58,58,58,58,52,40,37,37,31,55,39,22,22,46,21],"gold":84,"neow_bonus":"","is_daily":false,"chose_seed":false,"campfire_upgraded":3,"win_rate":0.0,"timestamp":1609701637,"path_taken":["M","M","?","?","?","R","?","R","T","E","R","E","M","M","R","BOSS","M","$","?","?","?","E","M","R","T","M","M","?","?","$","R","BOSS","M","M","?","?","$","E","M","E","T","M","R","E","M","$","R","BOSS"],"items_purchased_type":["Relic","Relic","Card","Relic","Potion","Card"],"build_version":"2020-12-22","purchased_purges":6,"victory":true,"max_hp_per_floor":[80,80,80,80,80,80,80,80,80,80,80,80,80,80,80,80,80,80,80,80,80,80,80,80,80,80,80,80,80,80,80,80,80,80,80,80,80,80,80,80,80,80,80,80,80,80,80,80,80,80],"card_choices":[{"not_picked":["Burning Pact","Sentinel","Hemokinesis"],"picked":"SKIP","floor":1},{"not_picked":["Body Slam","Heavy Blade","Perfected Strike"],"picked":"SKIP","floor":2},{"not_picked":["Headbutt+1","Berserk"],"picked":"Sword Boomerang+1","floor":10},{"not_picked":["Whirlwind+1","Shockwave","Twin Strike+1"],"picked":"SKIP","floor":12},{"not_picked":["Sentinel","Clothesline+1"],"picked":"Bloodletting","floor":13},{"not_picked":["Whirlwind+1","Thunderclap+1","Warcry"],"picked":"SKIP","floor":14},{"not_picked":["Feed+1","Immolate+1"],"picked":"Corruption","floor":16},{"not_picked":["Blood for Blood+1","Rupture","Twin Strike+1"],"picked":"SKIP","floor":18},{"not_picked":["Iron Wave+1","Anger+1"],"picked":"Battle Trance","floor":23},{"not_picked":["Hemokinesis+1","Clash+1"],"picked":"Offering","floor":24},{"not_picked":["Body Slam+1","Armaments+1","Anger+1"],"picked":"SKIP","floor":27},{"not_picked":["Iron Wave+1","Clash+1","True Grit+1"],"picked":"SKIP","floor":28},{"not_picked":["Iron Wave+1","Clash+1","True Grit+1"],"picked":"SKIP","floor":28},{"not_picked":["Double Tap","Impervious"],"picked":"Demon Form","floor":33},{"not_picked":["Sword Boomerang+1","Dropkick+1","Armaments"],"picked":"SKIP","floor":35},{"not_picked":["Twin Strike+1","Flex","Bloodletting+1"],"picked":"SKIP","floor":36},{"not_picked":["Panache","Panacea"],"picked":"Madness","floor":38},{"not_picked":["Body Slam+1","Headbutt+1","Warcry"],"picked":"SKIP","floor":40},{"not_picked":["Reckless Charge+1","Havoc+1","Hemokinesis+1"],"picked":"SKIP","floor":41},{"not_picked":["Double Tap","Body Slam+1"],"picked":"Sentinel+1","floor":42},{"not_picked":["Headbutt+1","Whirlwind+1","Heavy Blade+1"],"picked":"SKIP","floor":44},{"not_picked":["Pommel Strike+1","Clothesline+1"],"picked":"Berserk","floor":46},{"not_picked":["Iron Wave+1","Clash+1","Heavy Blade+1","Dropkick+1"],"picked":"SKIP","floor":47}],"player_experience":145452,"relics_obtained":[{"floor":5,"key":"White Beast Statue"},{"floor":7,"key":"Odd Mushroom"},{"floor":9,"key":"Molten Egg 2"},{"floor":10,"key":"Happy Flower"},{"floor":12,"key":"Anchor"},{"floor":23,"key":"Lantern"},{"floor":26,"key":"PreservedInsect"},{"floor":37,"key":"Darkstone Periapt"},{"floor":40,"key":"Bag of Preparation"},{"floor":42,"key":"Oddly Smooth Stone"},{"floor":43,"key":"Nunchaku"},{"floor":46,"key":"Question Card"}],"event_choices":[{"damage_healed":0,"gold_gain":0,"player_choice":"Success","damage_taken":25,"relics_obtained":["Shuriken"],"max_hp_gain":0,"max_hp_loss":0,"event_name":"Scrap Ooze","floor":3,"gold_loss":0},{"damage_healed":26,"gold_gain":0,"player_choice":"Banana","damage_taken":0,"max_hp_gain":0,"max_hp_loss":0,"event_name":"Big Fish","floor":4,"gold_loss":0},{"damage_healed":0,"gold_gain":0,"player_choice":"Fought Mushrooms","damage_taken":0,"max_hp_gain":0,"max_hp_loss":0,"event_name":"Mushrooms","floor":7,"gold_loss":0},{"damage_healed":0,"gold_gain":99,"player_choice":"Stole From Cult","damage_taken":0,"max_hp_gain":0,"max_hp_loss":0,"event_name":"Nest","floor":20,"gold_loss":0},{"damage_healed":0,"gold_gain":0,"player_choice":"Ignored","damage_taken":0,"max_hp_gain":0,"max_hp_loss":0,"event_name":"Ghosts","floor":21,"gold_loss":0},{"cards_removed":["Strike_R"],"damage_healed":0,"gold_gain":0,"player_choice":"Elegance","damage_taken":0,"max_hp_gain":0,"max_hp_loss":0,"event_name":"Back to Basics","floor":22,"gold_loss":0},{"damage_healed":0,"gold_gain":0,"player_choice":"Inject Mutagens","damage_taken":0,"relics_obtained":["MutagenicStrength"],"max_hp_gain":0,"max_hp_loss":0,"event_name":"Drug Dealer","floor":29,"gold_loss":0},{"damage_healed":0,"gold_gain":0,"player_choice":"0 cards matched","damage_taken":0,"max_hp_gain":0,"max_hp_loss":0,"event_name":"Match and Keep!","floor":30,"gold_loss":0,"cards_obtained":[]},{"damage_healed":0,"gold_gain":0,"player_choice":"Memory 1","damage_taken":0,"max_hp_gain":0,"max_hp_loss":0,"event_name":"SensoryStone","floor":38,"gold_loss":0}],"is_beta":false,"boss_relics":[{"not_picked":["SacredBark","Philosopher\u0027s Stone"],"picked":"Runic Pyramid"},{"not_picked":["Pandora\u0027s Box","Coffee Dripper"],"picked":"Astrolabe"}],"items_purged_floors":[0,0,0,19,31,48],"is_endless":false,"potions_floor_spawned":[2,7,10,12,13,14,16,18,23,24,27,28,33,35,36,40,41,42,44,46,47],"ascension_level":3}}