{"host":"ksmhkxap3eqvmwsu","time":1609713343,"event":{"mods":["AchievementEnabler","BaseMod","Infinite Spire","Minty Spire (QoL Compilation)","StSLib"],"gold_per_floor":[118,136,149,168,178,178,213,228,228,228,13,30,42,59,59,157,157,176,176,192,204,204,204,221,221,221,235,250,262,281,292,292,394,394,414,414,426,436,455,484,500,500,500,511,527,546,861,911,911,911],"floor_reached":51,"playtime":5477,"items_purged":[],"score":999,"play_id":"ab7fb399-d2b5-4453-a2de-c098c2e5f66b","local_time":"20210104003543","daily_mods":["SealedDeck","Vintage"],"is_ascension_mode":false,"campfire_choices":[{"data":"Distraction","floor":6,"key":"SMITH"},{"data":"Outmaneuver","floor":10,"key":"SMITH"},{"data":"Caltrops","floor":15,"key":"SMITH"},{"data":"RitualDagger","floor":23,"key":"SMITH"},{"data":"1","floor":25,"key":"LIFT"},{"data":"2","floor":32,"key":"LIFT"},{"data":"3","floor":42,"key":"LIFT"},{"data":"Cloak And Dagger","floor":49,"key":"SMITH"}],"circlet_count":0,"master_deck":["Cloak And Dagger","Cloak And Dagger","Prepared","Outmaneuver+1","Blade Dance","Cloak And Dagger+1","Escape Plan","Distraction+1","Caltrops+1","Finisher+1","Footwork+1","After Image+1","RitualDagger+1","Corpse Explosion","After Image+1","Blade Dance"],"relics":["Ring of the Snake","Whetstone","infinitespire:BottledMercury","Omamori","infinitespire:FocusingShard","Lizard Tail","Mercury Hourglass","Frozen Egg 2","infinitespire:Lucky Rock","HandDrill","Art of War","Ornamental Fan","StoneCalendar","Girya","Blood Vial","Ginger","infinitespire:EmpoweringShard","Sundial","infinitespire:Satchel","Thread and Needle","infinitespire:ShieldingShard","Mummified Hand","infinitespire:Midas Blood","WristBlade","Bronze Scales","DollysMirror","HornCleat","Lantern","Shuriken","Calipers","The Courier","Unceasing Top","Eternal Feather","Paper Crane","Pear","Old Coin","TungstenRod"],"acts_visited":["Exordium","TheCity","TheBeyond"],"potions_floor_usage":[7,7,33,33,35,48,50,50],"damage_taken":[{"damage":0,"enemies":"Cultist","floor":1,"turns":2},{"damage":0,"enemies":"Small Slimes","floor":2,"turns":1},{"damage":0,"enemies":"Jaw Worm","floor":3,"turns":2},{"damage":0,"enemies":"Blue Slaver","floor":4,"turns":2},{"damage":2,"enemies":"Large Slime","floor":5,"turns":4},{"damage":0,"enemies":"Gremlin Nob","floor":7,"turns":2},{"damage":0,"enemies":"3 Louse","floor":8,"turns":1},{"damage":0,"enemies":"Blue Slaver","floor":12,"turns":3},{"damage":0,"enemies":"2 Fungi Beasts","floor":13,"turns":2},{"damage":0,"enemies":"Exordium Thugs","floor":14,"turns":3},{"damage":0,"enemies":"The Guardian","floor":16,"turns":7},{"damage":0,"enemies":"2 Thieves","floor":18,"turns":3},{"damage":0,"enemies":"Spheric Guardian","floor":20,"turns":3},{"damage":0,"enemies":"Centurion and Healer","floor":21,"turns":5},{"damage":0,"enemies":"Chosen and Byrds","floor":24,"turns":4},{"damage":0,"enemies":"Snake Plant","floor":27,"turns":1},{"damage":0,"enemies":"Centurion and Healer","floor":28,"turns":3},{"damage":0,"enemies":"Cultist and Chosen","floor":29,"turns":4},{"damage":0,"enemies":"Snake Plant","floor":30,"turns":2},{"damage":0,"enemies":"Centurion and Healer","floor":31,"turns":3},{"damage":0,"enemies":"Collector","floor":33,"turns":4},{"damage":0,"enemies":"3 Shapes","floor":35,"turns":1},{"damage":0,"enemies":"Orb Walker","floor":37,"turns":2},{"damage":0,"enemies":"Writhing Mass","floor":38,"turns":3},{"damage":0,"enemies":"Jaw Worm Horde","floor":39,"turns":2},{"damage":0,"enemies":"Reptomancer","floor":40,"turns":2},{"damage":0,"enemies":"Maw","floor":41,"turns":3},{"damage":0,"enemies":"3 Darklings","floor":44,"turns":2},{"damage":0,"enemies":"Jaw Worm Horde","floor":45,"turns":2},{"damage":0,"enemies":"Sphere and 2 Shapes","floor":46,"turns":1},{"damage":0,"enemies":"4 Shapes","floor":47,"turns":1},{"damage":0,"enemies":"Mind Bloom Boss Battle","floor":48,"turns":2},{"damage":0,"enemies":"Time Eater","floor":50,"turns":3}],"seed_played":"-7038152852497237739","potions_obtained":[{"floor":3,"key":"ColorlessPotion"},{"floor":4,"key":"DistilledChaos"},{"floor":8,"key":"Block Potion"},{"floor":13,"key":"DuplicationPotion"},{"floor":20,"key":"Fire Potion"},{"floor":29,"key":"PowerPotion"},{"floor":30,"key":"FearPotion"},{"floor":37,"key":"SteroidPotion"},{"floor":40,"key":"Block Potion"},{"floor":41,"key":"BlessingOfTheForge"},{"floor":46,"key":"FearPotion"}],"is_trial":true,"path_per_floor":["M","M","M","M","M","R","E","M","T","R","$","M","M","M","R","B",null,"M","?","M","M","?","R","M","R","T","M","M","M","M","M","R","B",null,"M","AVR","M","M","M","E","M","R","T","M","M","M","M","?","R","B",null],"character_chosen":"THE_SILENT","items_purchased":["Footwork+1","HandDrill"],"campfire_rested":0,"item_purchase_floors":[11,11],"current_hp_per_floor":[70,70,70,70,68,68,68,68,68,68,68,68,68,68,68,68,70,70,70,70,70,64,64,66,66,66,68,70,70,70,70,70,70,70,70,70,70,70,70,70,70,70,70,70,70,80,80,80,80,80],"gold":911,"neow_bonus":"","is_daily":false,"chose_seed":false,"campfire_upgraded":5,"win_rate":0.0,"timestamp":1609713343,"path_taken":["M","M","M","M","M","R","E","M","T","R","$","M","M","M","R","BOSS","M","?","M","M","?","R","M","R","T","M","M","M","M","M","R","BOSS","M","AVR","M","M","M","E","M","R","T","M","M","M","M","?","R","BOSS"],"items_purchased_type":["Card","Relic"],"build_version":"2020-12-22","purchased_purges":0,"victory":true,"max_hp_per_floor":[70,70,70,70,70,70,70,70,70,70,70,70,70,70,70,70,70,70,70,70,70,70,70,70,70,70,70,70,70,70,70,70,70,70,70,70,70,70,70,70,70,70,70,70,70,80,80,80,80,80],"card_choices":[{"not_picked":["Unload","Bouncing Flask","Underhanded Strike"],"picked":"SKIP","floor":7},{"not_picked":["Night Terror","Venomology"],"picked":"After Image+1","floor":16},{"not_picked":["infinitespire:Neurotoxin","Storm of Steel"],"picked":"Corpse Explosion","floor":33},{"not_picked":["Underhanded Strike+1","Quick Slash+1","PiercingWail+1"],"picked":"SKIP","floor":40},{"not_picked":["Underhanded Strike+1","Quick Slash+1","PiercingWail+1"],"picked":"SKIP","floor":40},{"not_picked":["Underhanded Strike+1","Quick Slash+1","PiercingWail+1"],"picked":"SKIP","floor":40},{"not_picked":["Predator","Sucker Punch"],"picked":"Blade Dance","floor":48}],"player_experience":197415,"relics_obtained":[{"floor":1,"key":"Whetstone"},{"floor":2,"key":"infinitespire:BottledMercury"},{"floor":3,"key":"Omamori"},{"floor":4,"key":"infinitespire:FocusingShard"},{"floor":5,"key":"Lizard Tail"},{"floor":7,"key":"Mercury Hourglass"},{"floor":8,"key":"Frozen Egg 2"},{"floor":9,"key":"infinitespire:Lucky Rock"},{"floor":12,"key":"Art of War"},{"floor":13,"key":"Ornamental Fan"},{"floor":14,"key":"StoneCalendar"},{"floor":18,"key":"Girya"},{"floor":20,"key":"Blood Vial"},{"floor":21,"key":"Ginger"},{"floor":24,"key":"infinitespire:EmpoweringShard"},{"floor":26,"key":"Sundial"},{"floor":27,"key":"infinitespire:Satchel"},{"floor":28,"key":"Thread and Needle"},{"floor":29,"key":"infinitespire:ShieldingShard"},{"floor":30,"key":"Mummified Hand"},{"floor":31,"key":"infinitespire:Midas Blood"},{"floor":35,"key":"Bronze Scales"},{"floor":37,"key":"HornCleat"},{"floor":38,"key":"Lantern"},{"floor":39,"key":"Shuriken"},{"floor":40,"key":"Calipers"},{"floor":41,"key":"The Courier"},{"floor":43,"key":"Unceasing Top"},{"floor":44,"key":"Eternal Feather"},{"floor":45,"key":"Paper Crane"},{"floor":46,"key":"Pear"},{"floor":47,"key":"Old Coin"},{"floor":48,"key":"TungstenRod"}],"event_choices":[{"damage_healed":0,"gold_gain":0,"player_choice":"Ignored","damage_taken":0,"max_hp_gain":0,"max_hp_loss":0,"event_name":"Ghosts","floor":19,"gold_loss":0},{"damage_healed":0,"gold_gain":0,"player_choice":"Joined the Cult","damage_taken":6,"max_hp_gain":0,"max_hp_loss":0,"event_name":"Nest","floor":22,"gold_loss":0,"cards_obtained":["RitualDagger"]},{"damage_healed":0,"gold_gain":0,"player_choice":"Fight","damage_taken":0,"max_hp_gain":0,"max_hp_loss":0,"event_name":"MindBloom","floor":48,"gold_loss":0}],"is_beta":false,"boss_relics":[{"not_picked":["Runic Pyramid","Fusion Hammer","Sozu"]},{"not_picked":["SlaversCollar","Coffee Dripper"],"picked":"WristBlade"}],"items_purged_floors":[],"is_endless":false,"potions_floor_spawned":[3,4,8,13,20,29,30,31,37,40,41,46,47],"ascension_level":0}}