{"host":"z7h0k8blg7jrnodm","time":1609684306,"event":{"mods":["BaseMod","Challenge The Spire","Colored Map","Colored Powertips","Custom Start","Downfall","Key Reminder","Minty Spire (QoL Compilation)","Quick Restart","Random Character Button","Relic Stats","StSLib","SuperFastMode","Unceasing Turn Reminder"],"gold_per_floor":[363,363,22,41,57,57,90,90,90,100,100,100,127,127,127,201,201,178,93,183,199,14,47,57,107,107,107,140,140,140,151,151,225,225,235,66,66,84,84,84,116,116,191,217,237,237,272,18,18,18,18,18,18,18,49,49,49],"floor_reached":56,"playtime":2254,"items_purged":["Strike_G","Defend_G","Strike_G"],"score":2179,"play_id":"d8c3c6c3-1984-4a57-9944-95ce91cf4f8a","local_time":"20210103163146","is_ascension_mode":true,"campfire_choices":[{"data":"Neutralize","floor":6.0,"key":"SMITH"},{"floor":8.0,"key":"REST"},{"data":"Noxious Fumes","floor":15.0,"key":"SMITH"},{"data":"Footwork","floor":27.0,"key":"SMITH"},{"floor":30.0,"key":"REST"},{"floor":32.0,"key":"REST"},{"data":"Bouncing Flask","floor":40,"key":"SMITH"},{"data":"Dash","floor":42,"key":"SMITH"},{"floor":49,"key":"RECALL"},{"data":"Footwork","floor":53,"key":"SMITH"}],"circlet_count":0,"master_deck":["AscendersBane","Strike_G","Strike_G","Strike_G","Defend_G","Defend_G","Defend_G","Defend_G","Survivor","Neutralize+1","Backflip","Quick Slash","Footwork+1","Bouncing Flask+1","Dash+1","Malaise","Dash+1","Footwork+1","Acrobatics+1","Blade Dance+1","Burst+1","Blur+1","Leg Sweep+1","Catalyst+1","Blur+1","Blur+1","Footwork+1"],"relics":["Ring of the Snake","Shuriken","Dead Branch","Thread and Needle","Torii","Snecko Eye","StrikeDummy","Sundial","Pear","Toxic Egg 2","SlaversCollar","Bronze Scales","Lizard Tail","Ornamental Fan","Medical Kit","Ninja Scroll"],"acts_visited":["Exordium","TheCity","TheBeyond","TheEnding"],"potions_floor_usage":[41,44,56,56],"damage_taken":[{"damage":0.0,"enemies":"2 Louse","floor":1.0,"turns":4.0},{"damage":0.0,"enemies":"Small Slimes","floor":4.0,"turns":4.0},{"damage":2.0,"enemies":"Jaw Worm","floor":5.0,"turns":7.0},{"damage":37.0,"enemies":"Gremlin Nob","floor":7.0,"turns":5.0},{"damage":1.0,"enemies":"3 Louse","floor":10.0,"turns":5.0},{"damage":2.0,"enemies":"Lagavulin","floor":13.0,"turns":9.0},{"damage":1.0,"enemies":"The Guardian","floor":16.0,"turns":10.0},{"damage":1.0,"enemies":"2 Thieves","floor":18.0,"turns":4.0},{"damage":0.0,"enemies":"Chosen","floor":21.0,"turns":6.0},{"damage":5.0,"enemies":"Book of Stabbing","floor":23.0,"turns":11.0},{"damage":8.0,"enemies":"Shelled Parasite and Fungi","floor":24.0,"turns":7.0},{"damage":40.0,"enemies":"Slavers","floor":28.0,"turns":7.0},{"damage":0.0,"enemies":"Centurion and Healer","floor":31.0,"turns":7.0},{"damage":7.0,"enemies":"Automaton","floor":33.0,"turns":9.0},{"damage":1.0,"enemies":"3 Darklings","floor":35.0,"turns":3.0},{"damage":0,"enemies":"Orb Walker","floor":38,"turns":6},{"damage":9,"enemies":"Giant Head","floor":41,"turns":8},{"damage":7,"enemies":"Nemesis","floor":44,"turns":7},{"damage":0,"enemies":"Spire Growth","floor":45,"turns":3},{"damage":7,"enemies":"Giant Head","floor":47,"turns":8},{"damage":0,"enemies":"Donu and Deca","floor":50,"turns":12},{"damage":0,"enemies":"Time Eater","floor":51,"turns":17},{"damage":12,"enemies":"Shield and Spear","floor":55,"turns":10},{"damage":108,"enemies":"The Heart","floor":56,"turns":9}],"seed_played":"-1741307964680546103","potions_obtained":[{"floor":1.0,"key":"sneckomod:MuddlingPotion"},{"floor":7.0,"key":"Strength Potion"},{"floor":13.0,"key":"GhostInAJar"},{"floor":18.0,"key":"ColorlessPotion"},{"floor":21.0,"key":"Block Potion"},{"floor":31.0,"key":"Poison Potion"},{"floor":38,"key":"Block Potion"},{"floor":41,"key":"SkillPotion"},{"floor":55,"key":"Poison Potion"}],"is_trial":false,"path_per_floor":["M","?","$","M","M","R","E","R","T","M","?","?","E","?","R","B",null,"M","?","?","M","$","E","M","?","T","R","E","?","R","M","R","B",null,"M","$","?","M","?","R","E","R","T","E","M","?","E","$","R","B","B",null,"R","$","E","B"],"character_chosen":"THE_SILENT","items_purchased":["Shuriken","Footwork","Blur+1","Medical Kit","Footwork"],"campfire_rested":3,"item_purchase_floors":[3,22,36,48,48],"current_hp_per_floor":[44,49,49,49,47,47,10,31,31,30,30,30,28,28,28,27,60,59,59,47,47,47,42,34,34,44,44,4,4,28,28,52,45,72,71,71,71,71,71,71,62,62,62,55,55,55,48,48,48,48,48,73,73,73,61,0,0],"gold":49,"neow_bonus":"TWO_FIFTY_GOLD","is_daily":false,"chose_seed":false,"campfire_upgraded":6,"win_rate":0.0,"timestamp":1609684306,"path_taken":["M","?","$","M","M","R","E","R","T","M","?","?","E","?","R","BOSS","M","?","?","M","$","E","?","?","T","R","E","?","R","M","R","BOSS","M","$","?","M","?","R","E","R","T","E","M","?","E","$","R","BOSS","BOSS","R","$","E","BOSS"],"items_purchased_type":["Relic","Card","Card","Relic","Card"],"build_version":"2020-12-22","purchased_purges":3,"victory":false,"max_hp_per_floor":[66,71,71,71,71,71,71,71,71,71,71,71,71,71,71,71,71,71,71,71,71,71,71,71,71,81,81,81,81,81,81,81,81,81,81,81,81,81,81,81,81,81,81,81,81,81,81,81,81,81,81,81,81,81,81,81,81],"relic_stats":{"Lizard Tail":40,"Torii":18,"counters":[24,178],"Shuriken":[64],"Sundial":[20],"Ornamental Fan":[88],"Dead Branch":[182],"Bronze Scales":[344],"Snecko Eye":[259,247,247,237],"Medical Kit":[6],"obtain_stats":[{"Pear":26,"Torii":13,"Dead Branch":7,"Thread and Needle":9,"Medical Kit":48,"keyreminder:keyreminder":43,"SlaversCollar":34,"Lizard Tail":44,"Shuriken":3,"Sundial":23,"Ornamental Fan":47,"Ninja Scroll":55,"Bronze Scales":41,"Snecko Eye":17,"Toxic Egg 2":28,"StrikeDummy":19,"Ring of the Snake":0},{"Pear":11,"Torii":6,"Dead Branch":4,"Thread and Needle":4,"Medical Kit":20,"keyreminder:keyreminder":17,"SlaversCollar":14,"Lizard Tail":18,"Shuriken":1,"Sundial":10,"Ornamental Fan":20,"Ninja Scroll":23,"Bronze Scales":17,"Snecko Eye":7,"Toxic Egg 2":12,"StrikeDummy":8,"Ring of the Snake":0},{"Pear":72,"Torii":34,"Dead Branch":20,"Thread and Needle":20,"Medical Kit":130,"keyreminder:keyreminder":112,"SlaversCollar":95,"Lizard Tail":119,"Shuriken":4,"Sundial":65,"Ornamental Fan":130,"Ninja Scroll":169,"Bronze Scales":112,"Snecko Eye":44,"Toxic Egg 2":79,"StrikeDummy":48,"Ring of the Snake":0}],"Ring of the Snake":[46]},"card_choices":[{"not_picked":["Bane","Deflect"],"picked":"Noxious Fumes","floor":1.0},{"not_picked":["Choke","Noxious Fumes"],"picked":"Backflip","floor":4.0},{"not_picked":["Dodge and Roll","Bouncing Flask"],"picked":"Quick Slash","floor":5.0},{"not_picked":["Heel Hook","Reflex"],"picked":"Footwork","floor":7.0},{"not_picked":["Outmaneuver","Expertise"],"picked":"Bouncing Flask","floor":10.0},{"not_picked":["Blade Dance","Backflip"],"picked":"Dash","floor":13.0},{"not_picked":["Tools of the Trade","Grand Finale"],"picked":"Malaise","floor":16.0},{"not_picked":["Choke+1","Escape Plan"],"picked":"Dash+1","floor":18.0},{"not_picked":["Masterful Stab","Backstab","Outmaneuver"],"picked":"SKIP","floor":21.0},{"not_picked":["Phantasmal Killer","Underhanded Strike+1","Dodge and Roll"],"picked":"SKIP","floor":23.0},{"not_picked":["Dagger Throw","Caltrops","Noxious Fumes"],"picked":"SKIP","floor":24.0},{"not_picked":["Eviscerate","Backflip+1"],"picked":"Acrobatics+1","floor":28.0},{"not_picked":["Deflect+1","Distraction+1"],"picked":"Blade Dance+1","floor":31.0},{"not_picked":["Phantasmal Killer+1","Corpse Explosion+1"],"picked":"Burst+1","floor":33.0},{"not_picked":["Dagger Spray","Bane+1","Calculated Gamble+1"],"picked":"SKIP","floor":35.0},{"not_picked":["Deflect+1","Blade Dance+1"],"picked":"Leg Sweep+1","floor":38},{"not_picked":["Distraction+1","A Thousand Cuts"],"picked":"Catalyst+1","floor":41},{"not_picked":["Poisoned Stab","Outmaneuver+1","Dash"],"picked":"SKIP","floor":44},{"not_picked":["Distraction+1","Underhanded Strike"],"picked":"Blur+1","floor":45},{"not_picked":["Quick Slash","Flying Knee+1"],"picked":"Blur+1","floor":47},{"not_picked":["Choke","Predator+1","Well Laid Plans"],"picked":"SKIP","floor":55}],"player_experience":298159,"relics_obtained":[{"floor":7.0,"key":"Dead Branch"},{"floor":9.0,"key":"Thread and Needle"},{"floor":13.0,"key":"Torii"},{"floor":23.0,"key":"Sundial"},{"floor":26.0,"key":"Pear"},{"floor":28.0,"key":"Toxic Egg 2"},{"floor":41,"key":"Bronze Scales"},{"floor":44,"key":"Lizard Tail"},{"floor":47,"key":"Ornamental Fan"},{"floor":55,"key":"Ninja Scroll"}],"event_choices":[{"damage_healed":0.0,"max_hp_gain":5.0,"max_hp_loss":0.0,"gold_gain":0.0,"event_name":"Big Fish","player_choice":"Donut","floor":2.0,"gold_loss":0.0,"damage_taken":0.0},{"damage_healed":0.0,"max_hp_gain":0.0,"max_hp_loss":0.0,"gold_gain":0.0,"event_name":"Dead Adventurer","player_choice":"Searched \u00270\u0027 times","floor":11.0,"gold_loss":0.0,"damage_taken":0.0},{"damage_healed":0.0,"max_hp_gain":0.0,"max_hp_loss":0.0,"gold_gain":0.0,"event_name":"Shining Light","player_choice":"Ignored","floor":12.0,"gold_loss":0.0,"damage_taken":0.0},{"damage_healed":0.0,"max_hp_gain":0.0,"max_hp_loss":0.0,"gold_gain":0.0,"event_name":"Living Wall","player_choice":"Grow","floor":14.0,"gold_loss":0.0,"damage_taken":0.0,"cards_upgraded":["Footwork"]},{"damage_healed":0.0,"max_hp_gain":0.0,"max_hp_loss":0.0,"gold_gain":0.0,"event_name":"Addict","player_choice":"Obtained Relic","floor":19.0,"gold_loss":85.0,"damage_taken":0.0,"relics_obtained":["StrikeDummy"]},{"damage_healed":0.0,"max_hp_gain":0.0,"max_hp_loss":0.0,"gold_gain":90.0,"event_name":"Knowing Skull","player_choice":"GOLD ","floor":20.0,"potions_obtained":[],"gold_loss":0.0,"damage_taken":12.0,"cards_obtained":[]},{"damage_healed":0.0,"max_hp_gain":0.0,"max_hp_loss":0.0,"gold_gain":50.0,"event_name":"Nest","player_choice":"Stole From Cult","floor":25.0,"gold_loss":0.0,"damage_taken":0.0},{"damage_healed":0.0,"max_hp_gain":0.0,"max_hp_loss":0.0,"gold_gain":0.0,"event_name":"FaceTrader","player_choice":"Leave","floor":29.0,"gold_loss":0.0,"damage_taken":0.0},{"damage_healed":0,"gold_gain":0,"player_choice":"Ignored","damage_taken":0,"max_hp_gain":0,"max_hp_loss":0,"event_name":"Mysterious Sphere","floor":37,"gold_loss":0},{"cards_removed":["Noxious Fumes"],"damage_healed":0,"gold_gain":0,"player_choice":"Removed Power","damage_taken":0,"max_hp_gain":0,"max_hp_loss":0,"event_name":"Falling","floor":39,"gold_loss":0},{"damage_healed":0,"gold_gain":0,"player_choice":"Ignored","damage_taken":0,"max_hp_gain":0,"max_hp_loss":0,"event_name":"Tomb of Lord Red Mask","floor":46,"gold_loss":0}],"is_beta":false,"boss_relics":[{"not_picked":["Philosopher\u0027s Stone","Calling Bell"],"picked":"Snecko Eye"},{"not_picked":["Pandora\u0027s Box","HoveringKite"],"picked":"SlaversCollar"}],"items_purged_floors":[3,22,36],"is_endless":false,"potions_floor_spawned":[1,7,13,18,21,31,38,41,55],"killed_by":"The Heart","ascension_level":20}}