{"host":"s794kqxf2n1qz2yr","time":1609632257,"event":{"mods":["2.2 Compatiblity","AchievementEnabler","Aspiration","BaseMod","Downfall","Friendly Minions","Minty Spire (QoL Compilation)","Permanent Neow","StSLib","The Disciple","The Marked"],"gold_per_floor":[110,60,235,235,235,235,11,28,54,129,29,29,48,62,62,158,208,228,248,0,99,99,99,117,117,186,186,88,104,104,122,122,227,227,244,244,262,262,262,262],"floor_reached":39,"playtime":2244,"items_purged":["Regret","Doubt"],"score":392,"play_id":"7d507753-6c99-404a-91a5-86b4dedd1edf","local_time":"20210103000417","is_ascension_mode":false,"campfire_choices":[{"data":"theMarked:EnhanceMovement","floor":6,"key":"SMITH"},{"data":"theMarked:SoldierOfQuellstein","floor":12,"key":"SMITH"},{"data":"theMarked:Strike","floor":15,"key":"SMITH"},{"data":"theMarked:BindingBlade","floor":23,"key":"SMITH"},{"data":"theMarked:BindingBlade","floor":25,"key":"SMITH"},{"data":"expansioncontent:DecasProtection","floor":30,"key":"SMITH"},{"floor":32,"key":"RECALL"}],"circlet_count":0,"master_deck":["theMarked:Strike","theMarked:Strike","theMarked:Strike+1","theMarked:Defend","theMarked:Defend+1","theMarked:Defend","theMarked:Defend","theMarked:SoldierOfQuellstein+1","theMarked:EnhanceMovement+1","theMarked:BindingBlade+1","theMarked:SwordAndMagic","theMarked:BindingBlade+1","theMarked:DeterminationOfTheMarked","expansioncontent:DecasProtection+1","theMarked:SwordAndMagic","theMarked:ComboAttacks","Bandage Up","Sadistic Nature","theMarked:EmpowerWeapon+1"],"relics":["theMarked:ArtifactOfAir","aspiration:Nostalgia","Burning Blood","Letter Opener","Incense Burner","Centennial Puzzle","Pen Nib","Tiny House","aspiration:RunicSpoon"],"acts_visited":["Exordium","TheCity","TheBeyond"],"potions_floor_usage":[16,16,18,33,33,35],"damage_taken":[{"damage":1,"enemies":"Jaw Worm","floor":1,"turns":4},{"damage":0,"enemies":"2 Louse","floor":8,"turns":3},{"damage":0,"enemies":"Small Slimes","floor":13,"turns":3},{"damage":0,"enemies":"2 Fungi Beasts","floor":14,"turns":2},{"damage":59,"enemies":"Slime Boss","floor":16,"turns":13},{"damage":1,"enemies":"2 Thieves","floor":18,"turns":4},{"damage":2,"enemies":"Spheric Guardian","floor":19,"turns":4},{"damage":0,"enemies":"Snake Plant","floor":24,"turns":2},{"damage":4,"enemies":"Centurion and Healer","floor":29,"turns":3},{"damage":7,"enemies":"Sentry and Sphere","floor":31,"turns":5},{"damage":54,"enemies":"Automaton","floor":33,"turns":9},{"damage":18,"enemies":"Orb Walker","floor":35,"turns":3},{"damage":20,"enemies":"3 Darklings","floor":37,"turns":5},{"damage":22,"enemies":"Jaw Worm Horde","floor":39,"turns":3}],"seed_played":"-1006766750889548962","potions_obtained":[{"floor":13,"key":"hexamod:EctoCoolerPotion"},{"floor":14,"key":"Dexterity Potion"},{"floor":17,"key":"SteroidPotion"},{"floor":18,"key":"Energy Potion"},{"floor":24,"key":"PowerPotion"},{"floor":29,"key":"Weak Potion"},{"floor":37,"key":"SpeedPotion"}],"is_trial":false,"path_per_floor":["M","?","?","T","?","R","$","M","T","?","$","R","M","M","R","B",null,"M","M","?","?","?","R","M","R","T","?","$","M","R","M","R","B",null,"M","?","M","?","M"],"character_chosen":"THE_DEFAULT","items_purchased":["Centennial Puzzle","expansioncontent:DecasProtection"],"campfire_rested":0,"item_purchase_floors":[7,28],"current_hp_per_floor":[70,70,70,70,70,70,70,70,70,59,59,59,65,70,70,17,75,75,75,75,75,75,75,75,75,75,75,75,75,75,74,74,26,75,63,53,43,43,25,25],"gold":262,"neow_bonus":"NOSTALGIA","is_daily":false,"chose_seed":false,"campfire_upgraded":6,"win_rate":0.0,"timestamp":1609632257,"path_taken":["M","?","?","?","?","R","$","M","T","?","?","R","?","M","R","BOSS","M","M","?","?","?","R","?","R","T","?","$","M","R","M","R","BOSS","M","?","M","?","?"],"items_purchased_type":["Relic","Card"],"build_version":"2020-12-22","purchased_purges":2,"victory":false,"max_hp_per_floor":[70,70,70,70,70,70,70,70,70,70,70,70,70,70,70,70,75,75,75,75,75,75,75,75,75,75,75,75,75,75,75,75,75,75,75,75,75,75,75,75],"card_choices":[{"not_picked":["theMarked:RepellingDischarge","theMarked:ElectricStrings"],"picked":"theMarked:EnhanceMovement","floor":1},{"not_picked":["theMarked:TwofoldDefense","theMarked:Electrocute","theMarked:HeightenedSenses"],"picked":"SKIP","floor":8},{"not_picked":["theMarked:GodGivenPower","theMarked:BanishingWave","theMarked:Electrocute"],"picked":"SKIP","floor":13},{"not_picked":["theMarked:Standoff","theMarked:ChainLightning","theMarked:WastefulDefense"],"picked":"SKIP","floor":14},{"not_picked":["theMarked:TurnInvisible","theMarked:SummonStrength"],"picked":"theMarked:BindingBlade","floor":16},{"not_picked":["theMarked:HeightenedSenses+1","theMarked:TunnelVision","theMarked:WastefulDefense"],"picked":"SKIP","floor":18},{"not_picked":["theMarked:GodGivenPower+1","theMarked:TwofoldDefense"],"picked":"theMarked:SwordAndMagic","floor":19},{"not_picked":["theMarked:SwordAndMagic","theMarked:TwofoldDefense+1"],"picked":"theMarked:DeterminationOfTheMarked","floor":24},{"not_picked":["theMarked:Challenge","theMarked:ResourceFulStrike"],"picked":"theMarked:SwordAndMagic","floor":29},{"not_picked":["theMarked:Parkour","theMarked:Static","theMarked:WastefulDefense"],"picked":"SKIP","floor":31},{"not_picked":["theMarked:WastefulDefense+1","theMarked:Seal+1"],"picked":"theMarked:ComboAttacks","floor":35},{"not_picked":["Madness","Good Instincts"],"picked":"Bandage Up","floor":36},{"not_picked":["expansioncontent:Torchfire","Purity"],"picked":"Sadistic Nature","floor":36},{"not_picked":["theMarked:Generate","theMarked:ResourceFulStrike"],"picked":"theMarked:EmpowerWeapon+1","floor":37}],"player_experience":259164,"relics_obtained":[{"floor":4,"key":"Letter Opener"},{"floor":9,"key":"Pen Nib"}],"event_choices":[{"cards_removed":["theMarked:Strike"],"damage_healed":0,"gold_gain":0,"player_choice":"Card Removal","damage_taken":0,"max_hp_gain":0,"max_hp_loss":0,"event_name":"The Cleric","floor":2,"gold_loss":50},{"damage_healed":0,"gold_gain":175,"player_choice":"AGREE","damage_taken":0,"max_hp_gain":0,"max_hp_loss":0,"event_name":"Liars Game","floor":3,"gold_loss":0,"cards_obtained":["Doubt"]},{"damage_healed":0,"gold_gain":0,"player_choice":"Box","damage_taken":0,"relics_obtained":["Incense Burner"],"max_hp_gain":0,"max_hp_loss":0,"event_name":"Big Fish","floor":5,"gold_loss":0,"cards_obtained":["Regret"]},{"damage_healed":0,"gold_gain":75,"player_choice":"Gather Gold","damage_taken":11,"max_hp_gain":0,"max_hp_loss":0,"event_name":"World of Goop","floor":10,"gold_loss":0},{"damage_healed":0,"gold_gain":0,"player_choice":"Paid Fearfully","damage_taken":0,"max_hp_gain":0,"max_hp_loss":0,"event_name":"Masked Bandits","floor":20,"gold_loss":248},{"damage_healed":0,"gold_gain":99,"player_choice":"Stole From Cult","damage_taken":0,"max_hp_gain":0,"max_hp_loss":0,"event_name":"Nest","floor":21,"gold_loss":0},{"damage_healed":0,"gold_gain":0,"player_choice":"Copied","damage_taken":0,"max_hp_gain":0,"max_hp_loss":0,"event_name":"Duplicator","floor":22,"gold_loss":0,"cards_obtained":["theMarked:BindingBlade"]},{"damage_healed":0,"gold_gain":0,"player_choice":"Memory 3","damage_taken":10,"max_hp_gain":0,"max_hp_loss":0,"event_name":"SensoryStone","floor":36,"gold_loss":0},{"cards_removed":["theMarked:Strike"],"damage_healed":0,"gold_gain":0,"player_choice":"Purged","damage_taken":0,"max_hp_gain":0,"max_hp_loss":0,"event_name":"Purifier","floor":38,"gold_loss":0}],"is_beta":false,"boss_relics":[{"not_picked":["Cursed Key","theMarked:BronzeBlade"],"picked":"Tiny House"},{"not_picked":["Snecko Eye","Runic Pyramid"],"picked":"aspiration:RunicSpoon"}],"items_purged_floors":[7,11],"is_endless":false,"potions_floor_spawned":[13,14,18,24,29,37],"killed_by":"Jaw Worm Horde","ascension_level":0}}