{"host":"g76rhe4j5kh9hdf9","time":1609650444,"event":{"mods":["Act Like it!","BaseMod","Better Third Choice","GifTheSpireLib","Minty Spire (QoL Compilation)","Relic Stats","Spicy Shops","StSLib","TheSwordswoman"],"gold_per_floor":[115,115,134,146,146,181,198,44,44,44,63,94,94,123,123,218,218,238,272,34,52,70,70,85,85,85,116,116,36,68,81,81,181,181,192,192,212,17,37,71,82,112,112,128,22,57,89,112,124,136,148,160,6,36,36],"floor_reached":56,"playtime":4357,"items_purged":["blazmod:Strike","blazmod:Defend","blazmod:PhoenixPlume+1","blazmod:Setsuna"],"score":1979,"play_id":"6abd6d71-9b4e-4eee-b8e0-d9a417d006ee","local_time":"20210102210724","is_ascension_mode":true,"campfire_choices":[{"data":"blazmod:StanceChange","floor":10.0,"key":"SMITH"},{"floor":15,"key":"REST"},{"data":"blazmod:MindsEye","floor":23,"key":"SMITH"},{"data":"blazmod:Observant","floor":25,"key":"SMITH"},{"data":"blazmod:ButterflyForm","floor":28,"key":"SMITH"},{"data":"blazmod:PureOfSoul","floor":32,"key":"SMITH"},{"floor":49,"key":"RECALL"},{"data":"Master of Strategy","floor":52,"key":"SMITH"}],"circlet_count":0,"master_deck":["blazmod:ButterflyEffect+1","blazmod:Kyokasuigetsu+1","blazmod:StanceChange+1","blazmod:ButterflyForm+1","blazmod:SeismicSlash+1","blazmod:ApexLegends+1","blazmod:MindsEye+1","blazmod:Observant+1","blazmod:PureOfSoul+1","blazmod:EightLifePilgrimage","Master of Strategy+1","blazmod:Observant+1","blazmod:BladeOfEnlightenment"],"relics":["blazmod:Venustas","NeowsBlessing","Bag of Marbles","blazmod:UnsignedBlade","Pen Nib","The Courier","Regal Pillow","Astrolabe","Red Mask","Medical Kit","Letter Opener","Potion Belt","CaptainsWheel","Pandora\u0027s Box","Orichalcum","Smiling Mask","MawBank","Strange Spoon","Happy Flower"],"acts_visited":["Exordium","TheCity","TheBeyond","TheEnding"],"potions_floor_usage":[27,42,55,55],"damage_taken":[{"damage":0.0,"enemies":"2 Louse","floor":1.0,"turns":2.0},{"damage":0.0,"enemies":"Small Slimes","floor":3.0,"turns":1.0},{"damage":0.0,"enemies":"Jaw Worm","floor":4.0,"turns":1.0},{"damage":23.0,"enemies":"Lagavulin","floor":6.0,"turns":9.0},{"damage":11.0,"enemies":"Lots of Slimes","floor":7.0,"turns":6.0},{"damage":0.0,"enemies":"Red Slaver","floor":11.0,"turns":3.0},{"damage":5.0,"enemies":"3 Sentries","floor":12.0,"turns":8.0},{"damage":0,"enemies":"Gremlin Nob","floor":14,"turns":2},{"damage":0,"enemies":"Hexaghost","floor":16,"turns":8},{"damage":0,"enemies":"Spheric Guardian","floor":18,"turns":3},{"damage":0,"enemies":"Masked Bandits","floor":19,"turns":2},{"damage":0,"enemies":"3 Byrds","floor":21,"turns":3},{"damage":0,"enemies":"Shelled Parasite and Fungi","floor":22,"turns":4},{"damage":0,"enemies":"Centurion and Healer","floor":24,"turns":3},{"damage":0,"enemies":"Slavers","floor":27,"turns":1},{"damage":0,"enemies":"Gremlin Leader","floor":30,"turns":3},{"damage":0,"enemies":"Cultist and Chosen","floor":31,"turns":2},{"damage":0,"enemies":"Automaton","floor":33,"turns":4},{"damage":0,"enemies":"3 Darklings","floor":35,"turns":2},{"damage":0,"enemies":"3 Shapes","floor":37,"turns":2},{"damage":0,"enemies":"Spire Growth","floor":39,"turns":3},{"damage":0,"enemies":"Giant Head","floor":40,"turns":4},{"damage":0,"enemies":"3 Darklings","floor":41,"turns":1},{"damage":0,"enemies":"Nemesis","floor":42,"turns":5},{"damage":0,"enemies":"Jaw Worm Horde","floor":44,"turns":1},{"damage":0,"enemies":"Giant Head","floor":46,"turns":2},{"damage":0,"enemies":"Sphere and 2 Shapes","floor":47,"turns":1},{"damage":0,"enemies":"Spire Growth","floor":48,"turns":1},{"damage":0,"enemies":"Time Eater","floor":50,"turns":6},{"damage":0,"enemies":"Shield and Spear","floor":54,"turns":1},{"damage":0,"enemies":"The Heart","floor":55,"turns":5}],"seed_played":"471269486059487403","potions_obtained":[{"floor":4.0,"key":"Dexterity Potion"},{"floor":6.0,"key":"FairyPotion"},{"floor":7.0,"key":"LiquidMemories"},{"floor":14,"key":"Fire Potion"},{"floor":16,"key":"FairyPotion"},{"floor":22,"key":"LiquidMemories"},{"floor":24,"key":"PowerPotion"},{"floor":27,"key":"Swift Potion"},{"floor":33,"key":"Block Potion"},{"floor":37,"key":"SpeedPotion"},{"floor":42,"key":"AttackPotion"}],"is_trial":false,"path_per_floor":["M","?","M","M","?","E","M","$","T","R","M","E","?","E","R","B",null,"M","?","$","M","M","R","M","R","T","E","R","$","E","M","R","B",null,"M","?","M","$","M","E","M","E","T","M","$","E","M","M","R","B",null,"R","$","E","B",null],"character_chosen":"THE_SWORDSWOMAN","items_purchased":["blazmod:UnsignedBlade","blazmod:MindsEye","Medical Kit","Master of Strategy","blazmod:BladeOfEnlightenment","Strange Spoon"],"campfire_rested":1,"item_purchase_floors":[8,20,20,38,45,53],"current_hp_per_floor":[40,32,32,32,25,2,6,6,6,6,6,1,1,1,28,28,40,40,40,40,40,40,40,40,40,40,40,40,40,40,40,40,40,40,40,40,40,40,40,156,156,156,156,156,156,156,156,156,156,156,156,156,156,156,156],"gold":36,"neow_bonus":"THREE_ENEMY_KILL","is_daily":false,"chose_seed":false,"campfire_upgraded":6,"win_rate":0.0,"timestamp":1609650444,"path_taken":["M","?","M","M","?","E","M","$","T","R","M","E","?","E","R","BOSS","M","?","?","M","M","R","?","R","T","E","R","?","E","?","R","BOSS","M","?","M","$","M","E","M","E","T","M","$","E","M","M","R","BOSS","R","$","E","BOSS"],"items_purchased_type":["Relic","Card","Relic","Card","Card","Relic"],"build_version":"2020-12-22","purchased_purges":4,"victory":true,"max_hp_per_floor":[40,40,40,40,40,40,40,40,40,40,40,40,40,40,40,40,40,40,40,40,40,40,40,40,40,40,40,40,40,40,40,40,40,40,40,40,40,40,40,156,156,156,156,156,156,156,156,156,156,156,156,156,156,156,156],"relic_stats":{"Regal Pillow":15,"Happy Flower":[1],"counters":[31,99],"Astrolabe":["blazmod:PhoenixPlume","blazmod:SeismicSlash","blazmod:ApexLegends"],"Pen Nib":[19],"Letter Opener":[791],"Orichalcum":[0],"Medical Kit":[12],"Smiling Mask":120,"MawBank":84,"Strange Spoon":[20],"Pandora\u0027s Box":["blazmod:Setsuna"],"obtain_stats":[{"Potion Belt":27,"Regal Pillow":14,"NeowsBlessing":0,"Happy Flower":54,"Astrolabe":17,"Pen Nib":9,"The Courier":12,"Letter Opener":26,"Orichalcum":40,"Medical Kit":20,"Smiling Mask":42,"MawBank":46,"Strange Spoon":53,"blazmod:Venustas":0,"CaptainsWheel":30,"blazmod:UnsignedBlade":8,"Pandora\u0027s Box":34,"Bag of Marbles":6,"Red Mask":19},{"Potion Belt":15,"Regal Pillow":8,"NeowsBlessing":0,"Happy Flower":30,"Astrolabe":9,"Pen Nib":5,"The Courier":7,"Letter Opener":14,"Orichalcum":22,"Medical Kit":11,"Smiling Mask":24,"MawBank":26,"Strange Spoon":29,"blazmod:Venustas":0,"CaptainsWheel":16,"blazmod:UnsignedBlade":5,"Pandora\u0027s Box":18,"Bag of Marbles":4,"Red Mask":11},{"Potion Belt":56,"Regal Pillow":32,"NeowsBlessing":0,"Happy Flower":94,"Astrolabe":40,"Pen Nib":19,"The Courier":30,"Letter Opener":55,"Orichalcum":76,"Medical Kit":45,"Smiling Mask":82,"MawBank":85,"Strange Spoon":93,"blazmod:Venustas":0,"CaptainsWheel":59,"blazmod:UnsignedBlade":19,"Pandora\u0027s Box":65,"Bag of Marbles":13,"Red Mask":45}]},"card_choices":[{"not_picked":["blazmod:MentalFocus","blazmod:TravelJournal","blazmod:KatanaStrike"],"picked":"SKIP","floor":1.0},{"not_picked":["blazmod:ButterFlutter","blazmod:BlindBlade","blazmod:Lockswords"],"picked":"SKIP","floor":3.0},{"not_picked":["blazmod:MoonlightBlossoms","blazmod:TenThousand"],"picked":"blazmod:StanceChange","floor":4.0},{"not_picked":["blazmod:MentalFocus","blazmod:FlashRock","blazmod:BoulderFlash"],"picked":"SKIP","floor":6.0},{"not_picked":["blazmod:HarmonyComplete","blazmod:SureOfHand","blazmod:Valiance"],"picked":"SKIP","floor":7.0},{"not_picked":["blazmod:MoonlightBlossoms","blazmod:BeTheBlade","blazmod:PureOfSoul"],"picked":"SKIP","floor":11.0},{"not_picked":["blazmod:MentalFocus","blazmod:Quickdraw","blazmod:BoulderFlash"],"picked":"SKIP","floor":12.0},{"not_picked":["blazmod:PhysicalEndurance","blazmod:Valiance"],"picked":"blazmod:ClearTheMind","floor":14},{"not_picked":["blazmod:HoumatsuMugenKochouji","blazmod:DawnflutterDance"],"picked":"blazmod:ButterflyForm","floor":16},{"not_picked":["blazmod:Valiance","blazmod:FlashRock","blazmod:PhysicalEndurance"],"picked":"SKIP","floor":18},{"not_picked":["blazmod:MentalFocus","blazmod:SidewaySolace+1","blazmod:FlashRock"],"picked":"SKIP","floor":21},{"not_picked":["blazmod:MindsEye","blazmod:PhysicalEndurance"],"picked":"blazmod:Observant","floor":22},{"not_picked":["blazmod:OneWithNature","blazmod:SidewaySolace+1","blazmod:Crosscut"],"picked":"SKIP","floor":24},{"not_picked":["blazmod:ApexLegends","blazmod:BlindingFlash+1","blazmod:DrippingWaterHollowsStone+1"],"picked":"SKIP","floor":27},{"not_picked":["blazmod:KatanaStrike","blazmod:FortifiedVigor+1"],"picked":"blazmod:PureOfSoul","floor":30},{"not_picked":["blazmod:PhysicalEndurance","blazmod:Valiance","blazmod:Trasient+1"],"picked":"SKIP","floor":31},{"not_picked":["blazmod:GlasswingWaltz","blazmod:MirrorImage"],"picked":"blazmod:EightLifePilgrimage","floor":33},{"not_picked":["blazmod:FortifiedVigor","blazmod:BeTheBlade","blazmod:PhysicalEndurance+1"],"picked":"SKIP","floor":35},{"not_picked":["blazmod:BoulderFlash","blazmod:SidewaySolace+1","blazmod:ButterFlutter+1"],"picked":"SKIP","floor":37},{"not_picked":["blazmod:BoulderFlash","blazmod:FlashRock+1"],"picked":"blazmod:CrescentMoon","floor":39},{"not_picked":["blazmod:KatanaStrike+1","blazmod:FlyFlyAgain+1","blazmod:FlashRock+1"],"picked":"SKIP","floor":40},{"not_picked":["blazmod:BoulderFlash","blazmod:Crosscut","blazmod:PhysicalEndurance"],"picked":"SKIP","floor":41},{"not_picked":["blazmod:ForgeWays","blazmod:BoulderFlash","blazmod:Quickdraw"],"picked":"SKIP","floor":42},{"not_picked":["blazmod:TenThousand+1","blazmod:BeTheBlade+1"],"picked":"blazmod:Observant+1","floor":44},{"not_picked":["blazmod:Valiance","blazmod:Trasient","blazmod:SidewaySolace+1"],"picked":"SKIP","floor":46},{"not_picked":["blazmod:ButterFlutter","blazmod:PerennialBeauty","blazmod:SecondSight"],"picked":"SKIP","floor":47},{"not_picked":["blazmod:BeTheBlade+1","blazmod:QuickBlade","blazmod:TandenKatsu"],"picked":"SKIP","floor":48},{"not_picked":["blazmod:FlawlessDraw","blazmod:MentalFocus","blazmod:BlindBlade"],"picked":"SKIP","floor":54}],"player_experience":479633,"relics_obtained":[{"floor":6.0,"key":"Bag of Marbles"},{"floor":9.0,"key":"Pen Nib"},{"floor":12.0,"key":"The Courier"},{"floor":14,"key":"Regal Pillow"},{"floor":19,"key":"Red Mask"},{"floor":26,"key":"Letter Opener"},{"floor":27,"key":"Potion Belt"},{"floor":30,"key":"CaptainsWheel"},{"floor":40,"key":"Orichalcum"},{"floor":42,"key":"Smiling Mask"},{"floor":46,"key":"MawBank"},{"floor":54,"key":"Happy Flower"}],"event_choices":[{"damage_healed":40.0,"max_hp_gain":0.0,"max_hp_loss":40.0,"gold_gain":0.0,"event_name":"betterThird:BetterShining","player_choice":"Upgrade","floor":2.0,"gold_loss":0.0,"damage_taken":8.0,"cards_upgraded":["blazmod:Strike","blazmod:Kyokasuigetsu"]},{"cards_removed":["blazmod:Defend"],"damage_healed":0.0,"max_hp_gain":0.0,"max_hp_loss":0.0,"gold_gain":0.0,"event_name":"Golden Wing","player_choice":"Card Removal","floor":5.0,"gold_loss":0.0,"damage_taken":7.0},{"damage_healed":0,"gold_gain":0,"player_choice":"Fought Bandits","damage_taken":0,"max_hp_gain":0,"max_hp_loss":0,"event_name":"Masked Bandits","floor":19,"gold_loss":0},{"cards_removed":["blazmod:ClearTheMind"],"damage_healed":0,"gold_gain":0,"player_choice":"Removed Power","damage_taken":0,"max_hp_gain":0,"max_hp_loss":0,"event_name":"Falling","floor":36,"gold_loss":0}],"is_beta":false,"boss_relics":[{"not_picked":["Black Star","Runic Dome"],"picked":"Astrolabe"},{"not_picked":["blazmod:SoshuMasabe","Velvet Choker"],"picked":"Pandora\u0027s Box"}],"items_purged_floors":[20,29,45,53],"is_endless":false,"potions_floor_spawned":[4,6,7,14,16,19,22,24,27,33,37,39,41,42,46,48],"ascension_level":4}}