{"host":"naykp6d9ulahlwib","time":1609708694,"event":{"mods":["BaseMod","Highlight Path","Minty Spire (QoL Compilation)","Shop Mod","StSLib"],"gold_per_floor":[112,129,129,204,129,158,158,158,158,158,176,176,21,40,40,119,119,109,119,119,119,19,46,46,46,98,98,108,108,123,134,134,134,134],"floor_reached":33,"playtime":2780,"items_purged":["Strike_G","Strike_G+1"],"score":522,"play_id":"157a6047-2701-4656-a232-d887fcd22f29","local_time":"20210103151814","is_ascension_mode":true,"campfire_choices":[{"floor":7.0,"key":"REST"},{"data":"Neutralize","floor":10.0,"key":"SMITH"},{"data":"Prepared","floor":12.0,"key":"SMITH"},{"floor":15.0,"key":"REST"},{"floor":24.0,"key":"REST"},{"floor":27.0,"key":"REST"},{"floor":29,"key":"REST"},{"floor":32,"key":"REST"}],"circlet_count":0,"master_deck":["AscendersBane","Strike_G+1","Strike_G+1","Strike_G+1","Defend_G+1","Defend_G+1","Defend_G+1","Defend_G+1","Defend_G+1","Survivor","Neutralize+1","Prepared+1","Crippling Poison","Venomology","Bane","Dodge and Roll","Flechettes","Backstab","Malaise","Dagger Spray","Bouncing Flask+1","Bouncing Flask"],"relics":["Ring of the Snake","NeowsBlessing","Lizard Tail","Oddly Smooth Stone","Velvet Choker","Question Card","Pen Nib"],"acts_visited":["Exordium","TheCity"],"potions_floor_usage":[31,33,33,33,33],"damage_taken":[{"damage":0.0,"enemies":"2 Louse","floor":1.0,"turns":1.0},{"damage":0.0,"enemies":"Jaw Worm","floor":2.0,"turns":1.0},{"damage":0.0,"enemies":"Lagavulin","floor":6.0,"turns":1.0},{"damage":0.0,"enemies":"Gremlin Nob","floor":8.0,"turns":1.0},{"damage":2.0,"enemies":"Cultist","floor":11.0,"turns":4.0},{"damage":0.0,"enemies":"2 Fungi Beasts","floor":14.0,"turns":4.0},{"damage":36.0,"enemies":"The Guardian","floor":16.0,"turns":28.0},{"damage":8.0,"enemies":"2 Thieves","floor":18.0,"turns":4.0},{"damage":1.0,"enemies":"3 Byrds","floor":19.0,"turns":5.0},{"damage":0.0,"enemies":"Masked Bandits","floor":21.0,"turns":1.0},{"damage":95.0,"enemies":"Slavers","floor":23.0,"turns":23.0},{"damage":10,"enemies":"Shelled Parasite and Fungi","floor":28,"turns":8},{"damage":8,"enemies":"Snecko","floor":30,"turns":7},{"damage":0,"enemies":"Cultist and Chosen","floor":31,"turns":5},{"damage":69,"enemies":"Automaton","floor":33,"turns":6}],"seed_played":"-2569478507007849987","potions_obtained":[{"floor":2.0,"key":"GamblersBrew"},{"floor":6.0,"key":"SmokeBomb"},{"floor":11.0,"key":"Poison Potion"},{"floor":18.0,"key":"Swift Potion"},{"floor":19.0,"key":"AttackPotion"}],"is_trial":false,"path_per_floor":["M","M","?","?","$","E","R","E","T","R","M","R","$","M","R","B",null,"M","M","?","?","$","E","R","?","T","R","M","R","M","M","R","B"],"character_chosen":"THE_SILENT","items_purchased":["Oddly Smooth Stone"],"campfire_rested":6,"item_purchase_floors":[13],"current_hp_per_floor":[59,59,39,28,28,28,47,47,47,47,45,45,45,45,64,28,57,49,48,48,48,48,1,20,20,20,39,29,48,40,40,59,0,0],"gold":134,"neow_bonus":"THREE_ENEMY_KILL","is_daily":false,"chose_seed":false,"campfire_upgraded":2,"win_rate":0.0,"timestamp":1609708694,"path_taken":["M","M","?","?","$","E","R","E","T","R","M","R","$","M","R","BOSS","M","M","?","?","$","E","R","?","T","R","M","R","M","?","R","BOSS"],"items_purchased_type":["Relic"],"build_version":"2020-12-22","purchased_purges":2,"victory":false,"max_hp_per_floor":[66,66,66,66,66,66,66,66,66,66,66,66,66,66,66,66,66,66,66,66,66,66,66,66,66,66,66,66,66,66,66,66,66,66],"card_choices":[{"not_picked":["Poisoned Stab","Backflip","Dagger Throw"],"picked":"SKIP","floor":1.0},{"not_picked":["Cloak And Dagger","Poisoned Stab"],"picked":"Prepared","floor":2.0},{"not_picked":["Underhanded Strike","Glass Knife"],"picked":"Crippling Poison","floor":6.0},{"not_picked":["Deflect","Flying Knee","Outmaneuver"],"picked":"SKIP","floor":11.0},{"not_picked":["Endless Agony","Cloak And Dagger","Predator"],"picked":"SKIP","floor":14.0},{"not_picked":["A Thousand Cuts","Night Terror"],"picked":"Venomology","floor":16.0},{"not_picked":["Quick Slash","Dagger Throw+1"],"picked":"Bane","floor":18.0},{"not_picked":["Deflect","Riddle With Holes"],"picked":"Dodge and Roll","floor":19.0},{"not_picked":["Calculated Gamble","Masterful Stab"],"picked":"Flechettes","floor":23.0},{"not_picked":["Backflip","PiercingWail","Dagger Throw+1"],"picked":"Dagger Spray","floor":28},{"not_picked":["Dagger Throw","Setup","Backstab"],"picked":"Bouncing Flask+1","floor":30},{"not_picked":["Skewer","Poisoned Stab+1","Masterful Stab"],"picked":"Bouncing Flask","floor":31}],"player_experience":979615,"relics_obtained":[{"floor":9.0,"key":"Lizard Tail"},{"floor":23.0,"key":"Question Card"},{"floor":26.0,"key":"Pen Nib"}],"event_choices":[{"damage_healed":0.0,"max_hp_gain":0.0,"max_hp_loss":0.0,"gold_gain":0.0,"event_name":"Shining Light","player_choice":"Entered Light","floor":3.0,"gold_loss":0.0,"damage_taken":20.0,"cards_upgraded":["Defend_G","Strike_G"]},{"damage_healed":0.0,"max_hp_gain":0.0,"max_hp_loss":0.0,"gold_gain":75.0,"event_name":"World of Goop","player_choice":"Gather Gold","floor":4.0,"gold_loss":0.0,"damage_taken":11.0},{"damage_healed":0.0,"max_hp_gain":0.0,"max_hp_loss":0.0,"gold_gain":0.0,"event_name":"Back to Basics","player_choice":"Simplicity","floor":20.0,"gold_loss":0.0,"damage_taken":0.0,"cards_upgraded":["Strike_G","Strike_G","Strike_G","Defend_G","Defend_G","Defend_G","Defend_G"]},{"damage_healed":0.0,"max_hp_gain":0.0,"max_hp_loss":0.0,"gold_gain":0.0,"event_name":"Masked Bandits","player_choice":"Fought Bandits","floor":21.0,"gold_loss":0.0,"damage_taken":0.0},{"damage_healed":0.0,"max_hp_gain":0.0,"max_hp_loss":0.0,"gold_gain":0.0,"event_name":"Match and Keep!","player_choice":"2 cards matched","floor":25.0,"gold_loss":0.0,"damage_taken":0.0,"cards_obtained":["Backstab","Malaise"]}],"is_beta":false,"boss_relics":[{"not_picked":["SlaversCollar","Cursed Key"],"picked":"Velvet Choker"}],"items_purged_floors":[5,22],"is_endless":false,"potions_floor_spawned":[2,6,8,11,18,19,21],"killed_by":"Automaton","ascension_level":15}}