{"host":"0rxdudjy6rylha1k","time":1609643625,"event":{"mods":["Aspiration","BaseMod","Colored Map","Colored Powertips","Downfall","Highlight Path","Hubris","Minty Spire (QoL Compilation)","StSLib"],"gold_per_floor":[99,99,157,157,157,190,217,227,327,102,113,133,133,149,159,255,255,255,274,285,285,285,302,328,354,354,373,373,373,390,390,409,409,409,409],"floor_reached":33,"playtime":1561,"items_purged":[],"score":307,"play_id":"addb8625-afa3-47b4-a28c-503e8e63928d","local_time":"20210102201345","is_ascension_mode":true,"campfire_choices":[{"floor":1,"key":"RECALL"},{"data":"hexamod:SuperheatedStrike","floor":10,"key":"SMITH"},{"data":"hexamod:SuperheatedStrike","floor":13,"key":"SMITH"},{"data":"hexamod:SuperheatedStrike","floor":18,"key":"SMITH"},{"floor":28,"key":"REST"}],"circlet_count":0,"master_deck":["hexamod:Strike+1","hexamod:Strike+1","hexamod:Strike+1","hexamod:Strike+1","hexamod:Defend+1","hexamod:Defend+1","hexamod:Defend+1","hexamod:Defend+1","hexamod:Sear","hexamod:Float","hexamod:SuperheatedStrike+1","hexamod:SuperheatedStrike+1","hexamod:NightmareStrike","hexamod:RadiantFlame","hexamod:BacktrackSmack","hexamod:HeatMetal","hexamod:SuperheatedStrike+1","hexamod:ThermalTransfer+1","hexamod:GhostOfSpirePast","hexamod:TimeOfNeed","hexamod:ExtraCrispy","hexamod:AdvancingGuard+1","hexamod:HeatMetal+1"],"relics":["hexamod:SpiritBrand","downfall:HeartsMalice","StrikeDummy","hexamod:BolsterEngine","downfall:HeartBlessingRed","downfall:HeartBlessingGreen","downfall:HeartBlessingBlue","Toy Ornithopter","hexamod:InflammatoryLetter","hubris:Towel"],"acts_visited":["Exordium","TheCity"],"potions_floor_usage":[6,6,8,11,15,19,23,25,27],"damage_taken":[{"damage":0,"enemies":"Cultist","floor":2,"turns":1},{"damage":0,"enemies":"Gremlin Nob","floor":3,"turns":1},{"damage":0,"enemies":"Jaw Worm","floor":5,"turns":1},{"damage":0,"enemies":"3 Sentries","floor":6,"turns":6},{"damage":0,"enemies":"Small Slimes","floor":8,"turns":2},{"damage":0,"enemies":"Gremlin Gang","floor":11,"turns":3},{"damage":0,"enemies":"Large Slime","floor":12,"turns":2},{"damage":3,"enemies":"2 Fungi Beasts","floor":14,"turns":2},{"damage":2,"enemies":"Exordium Thugs","floor":15,"turns":3},{"damage":20,"enemies":"downfall:Ironclad","floor":16,"turns":4},{"damage":0,"enemies":"3 Byrds","floor":19,"turns":3},{"damage":21,"enemies":"Snake Plant","floor":20,"turns":3},{"damage":21,"enemies":"3 Cultists","floor":23,"turns":5},{"damage":33,"enemies":"Slavers","floor":25,"turns":5},{"damage":0,"enemies":"Centurion and Healer","floor":27,"turns":5},{"damage":10,"enemies":"Sentry and Sphere","floor":30,"turns":5},{"damage":21,"enemies":"Snake Plant","floor":32,"turns":3},{"damage":11,"enemies":"downfall:Defect","floor":33,"turns":3}],"seed_played":"-5899837764201078410","potions_obtained":[{"floor":3,"key":"Energy Potion"},{"floor":4,"key":"CultistPotion"},{"floor":4,"key":"Energy Potion"},{"floor":6,"key":"Dexterity Potion"},{"floor":14,"key":"Weak Potion"},{"floor":16,"key":"Explosive Potion"},{"floor":20,"key":"Guardian:BlockOnCardUsePotion"},{"floor":23,"key":"Fire Potion"},{"floor":25,"key":"SkillPotion"}],"is_trial":false,"path_per_floor":["R","M","?","?","M","E","T","M","?","R","M","M","R","M","M","B",null,"R","M","M","?","?","M","T","E","?","M","R","?","M","?","M","B"],"character_chosen":"THE_SPIRIT","items_purchased":[],"campfire_rested":1,"item_purchase_floors":[],"current_hp_per_floor":[70,70,70,70,70,70,70,70,70,80,80,80,80,77,75,55,80,80,80,59,59,59,38,38,10,10,15,39,39,29,29,8,0,0,0],"gold":409,"neow_bonus":"THREE_ENEMY_KILL","is_daily":false,"chose_seed":false,"campfire_upgraded":3,"win_rate":0.0,"timestamp":1609643625,"path_taken":["R","M","?","?","?","E","T","M","?","R","M","M","R","?","M","BOSS","R","M","?","?","?","M","T","E","?","M","R","?","M","?","M","BOSS"],"items_purchased_type":[],"build_version":"2020-12-22","purchased_purges":0,"victory":false,"max_hp_per_floor":[70,70,70,70,70,70,70,70,70,80,80,80,80,80,80,80,80,80,80,80,80,80,80,80,80,80,80,80,80,80,80,80,80,80,80],"card_choices":[{"not_picked":["hexamod:RecurringNightmare","hexamod:HeatShield"],"picked":"hexamod:SuperheatedStrike","floor":2},{"not_picked":["hexamod:FastForward","hexamod:GhostOfSpireFuture"],"picked":"hexamod:SuperheatedStrike","floor":3},{"not_picked":["hexamod:ThermalTransfer","hexamod:SpectralSpark"],"picked":"hexamod:NightmareStrike","floor":5},{"not_picked":["hexamod:Firestarter","hexamod:ParanormalForm"],"picked":"hexamod:RadiantFlame","floor":6},{"not_picked":["hexamod:GhostShield","hexamod:Firestarter"],"picked":"hexamod:BacktrackSmack","floor":8},{"not_picked":["hexamod:ShieldOfDarkness","hexamod:AdvancingGuard"],"picked":"hexamod:HeatMetal","floor":11},{"not_picked":["hexamod:ShieldOfDarkness","hexamod:DynamicBlow"],"picked":"hexamod:SuperheatedStrike","floor":12},{"not_picked":["hexamod:GhostflameInferno","hexamod:ChargedBarrage"],"picked":"hexamod:ThermalTransfer","floor":14},{"not_picked":["hexamod:Firestarter","hexamod:Hexaguard"],"picked":"hexamod:GhostOfSpirePast","floor":15},{"not_picked":["hexamod:UnleashSpirits","hexamod:CrushingStance"],"picked":"hexamod:TimeOfNeed","floor":16},{"not_picked":["hexamod:SwordOfDarkness","hexamod:Hexaguard","hexamod:Again+1"],"picked":"SKIP","floor":19},{"not_picked":["hexamod:GhostShield","hexamod:ChargedBarrage","hexamod:PhantomCloak"],"picked":"SKIP","floor":20},{"not_picked":["hexamod:FastForward","hexamod:Hexaguard","hexamod:NightmareStrike"],"picked":"SKIP","floor":23},{"not_picked":["hexamod:Firestarter","hexamod:BurningTouch"],"picked":"hexamod:ExtraCrispy","floor":25},{"not_picked":["hexamod:FastForward","hexamod:GhostLash"],"picked":"hexamod:AdvancingGuard+1","floor":27},{"not_picked":["hexamod:BacktrackSmack","hexamod:HauntingEcho","hexamod:RainOfEmbers"],"picked":"SKIP","floor":30},{"not_picked":["hexamod:GhostShield","hexamod:HauntingEcho"],"picked":"hexamod:HeatMetal+1","floor":32}],"player_experience":2451149,"relics_obtained":[{"floor":3,"key":"StrikeDummy"},{"floor":6,"key":"hexamod:BolsterEngine"},{"floor":24,"key":"Toy Ornithopter"},{"floor":25,"key":"hexamod:InflammatoryLetter"}],"event_choices":[{"damage_healed":0,"gold_gain":0,"player_choice":"Got Potions","damage_taken":0,"max_hp_gain":0,"max_hp_loss":0,"event_name":"Lab","floor":4,"gold_loss":0},{"damage_healed":0,"gold_gain":0,"player_choice":"Simplicity","damage_taken":0,"max_hp_gain":0,"max_hp_loss":0,"event_name":"Back to Basics","floor":26,"gold_loss":0,"cards_upgraded":["hexamod:Strike","hexamod:Strike","hexamod:Strike","hexamod:Strike","hexamod:Defend","hexamod:Defend","hexamod:Defend","hexamod:Defend"]},{"damage_healed":0,"gold_gain":0,"player_choice":"Ignored","damage_taken":0,"max_hp_gain":0,"max_hp_loss":0,"event_name":"NoteForYourself","floor":31,"gold_loss":0}],"is_beta":false,"boss_relics":[{"not_picked":["hubris:VirtuousBlindfold","hexamod:IceCube","hubris:BlackHole"]}],"items_purged_floors":[],"is_endless":false,"potions_floor_spawned":[3,6,14,16,20,23,25],"killed_by":"downfall:Defect","ascension_level":1}}