{"host":"b4oqa93y40rb9616","time":1609709933,"event":{"mods":["BaseMod","Colored Map","Custom Start","DeckTracker","Downfall","Keyboard Shortcuts","Minty Spire (QoL Compilation)","Permanent Neow","Quick Restart","READ ME - Guardian Mod","StSLib","SuperFastMode","everything is the same but u backflip on backflip"],"gold_per_floor":[99,113,127,141,160,160,206,217,217,202,220,249,261,283,309,418,430,442,454,466,481,466,483,531,542,542,553,173,193,193,205,215,319,319,319,332,332,351,363,363,417,449,469,500,515,515,515,533,549,549],"floor_reached":51,"playtime":2342,"items_purged":["Slimebound:Strike_Slimebound"],"score":769,"play_id":"6ba4491d-0856-4032-9424-2d1304703f41","local_time":"20210104063853","is_ascension_mode":false,"campfire_choices":[{"data":"Slimebound:Defend_Slimebound","floor":1.0,"key":"PURGE"},{"data":"Slimebound:Strike_Slimebound","floor":6.0,"key":"PURGE"},{"data":"Slimebound:Defend_Slimebound","floor":9.0,"key":"PURGE"},{"data":"Slimebound:MassFeed","floor":13.0,"key":"SMITH"},{"data":"Slimebound:SamplingLick","floor":18.0,"key":"SMITH"},{"data":"Slimebound:MegaLick","floor":26.0,"key":"SMITH"},{"data":"Slimebound:SamplingLick","floor":30.0,"key":"SMITH"},{"floor":35,"key":"RECALL"},{"data":"Slimebound:Strike_Slimebound","floor":40,"key":"PURGE"},{"data":"Slimebound:Defend_Slimebound","floor":46,"key":"PURGE"}],"circlet_count":0,"master_deck":["Slimebound:Tackle","Slimebound:Defend_Slimebound","Slimebound:Split","Slimebound:CorrosiveSpit","Slimebound:SamplingLick+1","Slimebound:Schlurp","Slimebound:LeechEnergy","Slimebound:Equalize","Slimebound:LeechEnergy","Slimebound:SamplingLick+1","Slimebound:MassFeed+1","Slimebound:MegaLick+1","Slimebound:GrowthPunch","Slimebound:OozeBath","RitualDagger","Slimebound:ComboTackle+1","Slimebound:Nibble","Slimebound:SamplingLick+1","Master of Strategy","expansioncontent:DefensiveStance","Slimebound:WasteNot","Slimebound:RejuvenatingLick+1","Slimebound:PrepareCrush","expansioncontent:YouAreMine","Slimebound:FormOfPuddle+1"],"relics":["Slimebound:AbsorbEndCombat","Peace Pipe","Slimebound:TarBlob","Nloth\u0027s Gift","Art of War","Busted Crown","PreservedInsect","Gremlin Horn","Molten Egg 2"],"acts_visited":["Exordium","TheCity","TheBeyond"],"potions_floor_usage":[33],"damage_taken":[{"damage":4.0,"enemies":"Cultist","floor":2.0,"turns":3.0},{"damage":9.0,"enemies":"Small Slimes","floor":3.0,"turns":3.0},{"damage":4.0,"enemies":"2 Louse","floor":4.0,"turns":1.0},{"damage":10.0,"enemies":"Exordium Thugs","floor":5.0,"turns":4.0},{"damage":22.0,"enemies":"Lots of Slimes","floor":8.0,"turns":4.0},{"damage":5.0,"enemies":"downfall:FleeingMerchant","floor":10.0,"turns":4.0},{"damage":9.0,"enemies":"3 Louse","floor":11.0,"turns":3.0},{"damage":43.0,"enemies":"Lagavulin","floor":12.0,"turns":6.0},{"damage":4.0,"enemies":"Exordium Wildlife","floor":14.0,"turns":3.0},{"damage":11.0,"enemies":"Gremlin Gang","floor":15.0,"turns":3.0},{"damage":51.0,"enemies":"downfall:Watcher","floor":16.0,"turns":9.0},{"damage":18.0,"enemies":"3 Byrds","floor":21.0,"turns":5.0},{"damage":13.0,"enemies":"downfall:FleeingMerchant","floor":22.0,"turns":4.0},{"damage":10.0,"enemies":"Spheric Guardian","floor":23.0,"turns":3.0},{"damage":19.0,"enemies":"Snecko","floor":25.0,"turns":4.0},{"damage":23.0,"enemies":"3 Cultists","floor":27.0,"turns":4.0},{"damage":20.0,"enemies":"downfall:FleeingMerchant","floor":28.0,"turns":4.0},{"damage":27.0,"enemies":"Chosen and Byrds","floor":29.0,"turns":5.0},{"damage":17.0,"enemies":"Snecko","floor":31.0,"turns":3.0},{"damage":15.0,"enemies":"Snake Plant","floor":32.0,"turns":3.0},{"damage":39,"enemies":"downfall:Defect","floor":33,"turns":9},{"damage":6,"enemies":"3 Shapes","floor":36,"turns":2},{"damage":15,"enemies":"3 Darklings","floor":38,"turns":3},{"damage":47,"enemies":"Writhing Mass","floor":39,"turns":5},{"damage":18,"enemies":"Reptomancer","floor":42,"turns":3},{"damage":11,"enemies":"4 Shapes","floor":43,"turns":4},{"damage":51,"enemies":"Nemesis","floor":44,"turns":5},{"damage":13,"enemies":"Transient","floor":45,"turns":5},{"damage":14,"enemies":"Jaw Worm Horde","floor":48,"turns":4},{"damage":27,"enemies":"Writhing Mass","floor":49,"turns":5},{"damage":40,"enemies":"downfall:Ironclad","floor":50,"turns":9}],"seed_played":"6813122202064893257","potions_obtained":[{"floor":3.0,"key":"AttackPotion"},{"floor":4.0,"key":"Ancient Potion"},{"floor":8.0,"key":"Ancient Potion"},{"floor":25.0,"key":"SpeedPotion"},{"floor":32.0,"key":"Slimebound:SlimedPotion"},{"floor":33,"key":"FearPotion"},{"floor":48,"key":"PowerPotion"}],"is_trial":false,"path_per_floor":["R","M","M","M","M","R","T","M","R","$","M","E","R","M","M","B",null,"R","?","?","M","$","M","T","M","R","M","$","M","R","M","M","B",null,"R","M","?","M","M","R","T","E","M","E","M","R","?","M","M","B",null],"character_chosen":"SLIMEBOUND","items_purchased":["Master of Strategy","expansioncontent:DefensiveStance"],"campfire_rested":0,"item_purchase_floors":[28,28],"current_hp_per_floor":[42,46,45,49,51,51,51,43,43,60,60,35,35,55,56,49,76,76,70,70,72,80,74,74,73,73,82,84,79,79,78,81,87,100,100,104,104,104,99,99,99,104,111,91,111,111,111,120,109,111],"gold":549,"neow_bonus":"ONE_RARE_RELIC","is_daily":false,"chose_seed":false,"campfire_upgraded":4,"win_rate":0.0,"timestamp":1609709933,"path_taken":["R","M","?","M","M","R","T","M","R","$","M","E","R","?","M","BOSS","R","?","?","?","$","M","T","M","R","?","$","M","R","?","M","BOSS","R","M","?","M","M","R","T","E","M","E","M","R","?","M","M","BOSS"],"items_purchased_type":["Card","Card"],"build_version":"2020-12-22","purchased_purges":1,"victory":true,"max_hp_per_floor":[60,60,60,60,60,60,60,60,60,60,60,60,60,68,72,76,76,76,76,76,80,80,80,80,80,80,88,88,88,88,92,96,100,100,100,104,104,104,104,104,104,104,112,112,112,112,112,120,120,120],"card_choices":[{"not_picked":["Slimebound:SplitMire","Slimebound:Replication"],"picked":"Slimebound:SamplingLick","floor":2.0},{"not_picked":["Slimebound:SplitLeeching","Slimebound:SplitBruiser"],"picked":"Slimebound:Schlurp","floor":3.0},{"not_picked":["Slimebound:LivingWall","Slimebound:Prepare"],"picked":"Slimebound:LeechEnergy","floor":4.0},{"not_picked":["Slimebound:DisruptingSlam","Slimebound:FirmFortitude"],"picked":"Slimebound:Equalize","floor":5.0},{"not_picked":["Slimebound:SplitAcid","Slimebound:Schlurp"],"picked":"Slimebound:LeechEnergy","floor":8.0},{"not_picked":["Slimebound:LivingWall","Slimebound:Schlurp"],"picked":"Slimebound:SamplingLick","floor":10.0},{"not_picked":["Slimebound:ServeAndProtect","Slimebound:LeadByExample"],"picked":"Slimebound:MassFeed","floor":11.0},{"not_picked":["Slimebound:SlimeSpikes","Slimebound:Equalize"],"picked":"Slimebound:MegaLick","floor":12.0},{"not_picked":["Slimebound:Equalize","Slimebound:SlimeTap","Slimebound:SplitMire"],"picked":"SKIP","floor":14.0},{"not_picked":["Slimebound:GoopSpray","Slimebound:ComboTackle"],"picked":"Slimebound:GrowthPunch","floor":15.0},{"not_picked":["Slimebound:Teamwork","Slimebound:CheckThePlaybook"],"picked":"Slimebound:OozeBath","floor":16.0},{"not_picked":["Slimebound:AcidTongue","Slimebound:ItLooksTasty","Slimebound:SplitAcid"],"picked":"SKIP","floor":21.0},{"not_picked":["Slimebound:PressTheAttack","Slimebound:GoopSpray+1"],"picked":"Slimebound:MegaLick","floor":22.0},{"not_picked":["Slimebound:Chomp","Slimebound:SplitMire"],"picked":"Slimebound:ComboTackle+1","floor":23.0},{"not_picked":["Slimebound:GoopSpray","Slimebound:SlimeSpikes"],"picked":"Slimebound:Nibble","floor":25.0},{"not_picked":["Slimebound:BestDefense+1","Slimebound:FlameTackle+1","Slimebound:RollThrough+1"],"picked":"SKIP","floor":27.0},{"not_picked":["Slimebound:FirmFortitude","Slimebound:SplitBruiser"],"picked":"Slimebound:SamplingLick+1","floor":28.0},{"not_picked":["Slimebound:LeechEnergy","Slimebound:SamplingLick","Slimebound:ServeAndProtect"],"picked":"SKIP","floor":29.0},{"not_picked":["Slimebound:FirmFortitude","Slimebound:LeechEnergy","Slimebound:FinishingTackle"],"picked":"SKIP","floor":31.0},{"not_picked":["Slimebound:GrowthPunch","Slimebound:LeechLife","Slimebound:SpikyOuterGoop+1"],"picked":"SKIP","floor":32.0},{"not_picked":["Slimebound:MassRepurpose","Slimebound:MassFeed"],"picked":"Slimebound:WasteNot","floor":33},{"not_picked":["Slimebound:ServeAndProtect+1"],"picked":"SKIP","floor":36},{"not_picked":["Slimebound:PressTheAttack"],"picked":"SKIP","floor":38},{"not_picked":["Slimebound:SplitLeeching"],"picked":"SKIP","floor":39},{"not_picked":["Slimebound:Teamwork"],"picked":"SKIP","floor":42},{"not_picked":[],"picked":"Slimebound:RejuvenatingLick+1","floor":43},{"not_picked":["Slimebound:FirmFortitude+1"],"picked":"SKIP","floor":44},{"not_picked":["Slimebound:SamplingLick"],"picked":"SKIP","floor":45},{"not_picked":["Slimebound:FirmFortitude"],"picked":"SKIP","floor":48},{"not_picked":[],"picked":"Slimebound:FormOfPuddle+1","floor":49}],"player_experience":430119,"relics_obtained":[{"floor":12.0,"key":"MawBank"},{"floor":24.0,"key":"Art of War"},{"floor":41,"key":"PreservedInsect"},{"floor":42,"key":"Gremlin Horn"},{"floor":44,"key":"Molten Egg 2"}],"event_choices":[{"cards_removed":["Slimebound:MegaLick"],"damage_healed":0,"gold_gain":0,"player_choice":"Removed Skill","damage_taken":0,"max_hp_gain":0,"max_hp_loss":0,"event_name":"Falling","floor":37,"gold_loss":0}],"is_beta":false,"boss_relics":[{"not_picked":["downfall:Hecktoplasm","Slimebound:AbsorbEndCombatUpgraded"],"picked":"Slimebound:TarBlob"},{"not_picked":["Coffee Dripper","Tiny House"],"picked":"Busted Crown"}],"items_purged_floors":[28],"is_endless":false,"potions_floor_spawned":[3,4,8,12,15,16,25,29,31,32,33,42,43,48],"ascension_level":0}}