{"host":"pgqo2okrcsmr67kt","time":1609687854,"event":{"mods":["BaseMod","Colored Map","Colored Powertips","Downfall","Hermit","Marisa£®ÏF”Í°°ƒß¿Ì…≥£©","Minty Spire (QoL Compilation)","Reimu£®≤©¿ˆ¡È√Œ£©","Remilia£®¿Ÿ√◊¿Ú—«£©","Replay The Spire","Shop Mod","StSLib","SuperFastMode","The Bug Knight","The Cursed","The Poker Player","The Servant 0.9.4"],"gold_per_floor":[110,110,110,131,58,58,72,97,122,122,141,141,165,28,28,154,154,168,168,168,183,183,219,240,240,240,240,254,254,53,66,66,197,197,218,218,232,232,232,232],"floor_reached":38,"playtime":2575,"items_purged":["Writhe"],"score":584,"play_id":"96e75ef5-e30b-4a4f-8df7-4cd31c75bd51","local_time":"20210103233054","is_ascension_mode":false,"metric_token":1110,"campfire_choices":[{"data":"PokerPlayerMod:Mulligan","floor":6,"key":"SMITH"},{"data":"PokerPlayerMod:CardPrinter","floor":10,"key":"SMITH"},{"data":"PokerPlayerMod:Harden","floor":15,"key":"SMITH"},{"data":"PokerPlayerMod:CardPrinter+1","floor":25,"key":"SMITH"},{"data":"PokerPlayerMod:GamblerForm","floor":27,"key":"SMITH"},{"floor":32,"key":"REST"}],"circlet_count":0,"master_deck":["PokerPlayerMod:Diamond2","PokerPlayerMod:Diamond3","PokerPlayerMod:Diamond4","PokerPlayerMod:Diamond5","PokerPlayerMod:Spade1","PokerPlayerMod:Spade2","PokerPlayerMod:Spade3","PokerPlayerMod:Spade4","PokerPlayerMod:Club1","PokerPlayerMod:Club2","PokerPlayerMod:Heart2","PokerPlayerMod:TrumpStrike","PokerPlayerMod:BadJoker","PokerPlayerMod:Mulligan+1","PokerPlayerMod:DiamondStrike","PokerPlayerMod:DiamondStrike","PokerPlayerMod:SecondChance","PokerPlayerMod:Harden+1","PokerPlayerMod:CardPrinter+2","PokerPlayerMod:Diamond10+","PokerPlayerMod:ClubShade+1","PokerPlayerMod:Club6","PokerPlayerMod:GamblerForm+1","PokerPlayerMod:Sharpen","PokerPlayerMod:Fold","PokerPlayerMod:Promotion","PokerPlayerMod:FlyingCard+1","PokerPlayerMod:Mulligan+1","PokerPlayerMod:Spade9","PokerPlayerMod:Fold","PokerPlayerMod:Diamond10+","PokerPlayerMod:MagicTrick"],"relics":["PokerPlayerMod:DeckCase","Golden Idol","ScarletDevilRocket","PreservedInsect","RuthlessExorcism:ReiMu","Replay:Bronze Core","Strawberry","Juzu Bracelet","ReplayTheSpireMod:Shallot","SlaversCollar"],"acts_visited":["Exordium","TheCity","TheBeyond"],"potions_floor_usage":[28,33,33,38],"damage_taken":[{"damage":0,"enemies":"Small Slimes","floor":1,"turns":3},{"damage":5,"enemies":"Jaw Worm","floor":4,"turns":2},{"damage":0,"enemies":"Cultist","floor":7,"turns":3},{"damage":8,"enemies":"Looter","floor":8,"turns":2},{"damage":9,"enemies":"Blue Slaver","floor":11,"turns":2},{"damage":0,"enemies":"Slime Boss","floor":16,"turns":8},{"damage":7,"enemies":"3 Byrds","floor":18,"turns":3},{"damage":15,"enemies":"3 Cultists","floor":21,"turns":6},{"damage":16,"enemies":"HollowMod:Nosk","floor":23,"turns":8},{"damage":8,"enemies":"Chosen and Byrds","floor":24,"turns":5},{"damage":10,"enemies":"Shelled Parasite and Fungi","floor":28,"turns":4},{"damage":0,"enemies":"Snake Plant","floor":31,"turns":4},{"damage":11,"enemies":"Pondfish","floor":33,"turns":11},{"damage":26,"enemies":"3 Darklings","floor":35,"turns":4},{"damage":9,"enemies":"3 Shapes","floor":37,"turns":2},{"damage":41,"enemies":"2 Orb Walkers","floor":38,"turns":4}],"seed_played":"-6751400485821732193","potions_obtained":[{"floor":0,"key":"Elixir"},{"floor":0,"key":"PowerPotion"},{"floor":0,"key":"Guardian:BlockOnCardUsePotion"},{"floor":4,"key":"PowerPotion"},{"floor":28,"key":"Toxic Potion"},{"floor":31,"key":"BlessingOfTheForge"},{"floor":37,"key":"LifebloodPotion"}],"is_trial":false,"path_per_floor":["M","?","?","M","$","R","M","M","T","R","M","?","T","$","R","B",null,"M","?","?","M","?","E","M","R","T","R","M","?","$","M","R","B",null,"M","?","M","?"],"character_chosen":"THE_POKER_PLAYER","items_purchased":["PokerPlayerMod:SecondChance","PokerPlayerMod:ClubShade+1","PokerPlayerMod:Club6","PokerPlayerMod:Spade9"],"campfire_rested":1,"item_purchase_floors":[5,14,14,30],"current_hp_per_floor":[52,48,48,43,43,43,46,40,40,40,31,47,47,47,47,48,48,41,48,48,35,35,21,13,13,13,13,5,5,5,5,21,12,55,29,48,39,0,0,0],"gold":232,"neow_bonus":"THREE_SMALL_POTIONS","is_daily":false,"chose_seed":false,"campfire_upgraded":5,"win_rate":0.0,"timestamp":1609687854,"path_taken":["M","?","?","?","$","R","M","M","T","R","M","?","?","$","R","BOSS","M","?","?","M","?","E","M","R","T","R","M","?","$","M","R","BOSS","M","?","M","?"],"items_purchased_type":["Card","Card","Card","Card"],"build_version":"2020-12-22","purchased_purges":1,"victory":false,"max_hp_per_floor":[52,48,48,48,48,48,48,48,48,48,48,48,48,48,48,48,48,48,55,55,55,55,55,55,55,55,55,55,55,55,55,55,55,55,55,48,48,48,48,48],"card_choices":[{"not_picked":["PokerPlayerMod:Overdeal","PokerPlayerMod:Raise"],"picked":"PokerPlayerMod:DiamondStrike","floor":1},{"not_picked":["PokerPlayerMod:ClubsClub","PokerPlayerMod:ClubShade"],"picked":"PokerPlayerMod:DiamondStrike","floor":4},{"not_picked":["PokerPlayerMod:DamnStraight","PokerPlayerMod:Spade3"],"picked":"PokerPlayerMod:Harden","floor":7},{"not_picked":["PokerPlayerMod:Club2","PokerPlayerMod:Diamond2"],"picked":"PokerPlayerMod:CardPrinter","floor":8},{"not_picked":["PokerPlayerMod:SpadeStrike","PokerPlayerMod:MagicTrick"],"picked":"PokerPlayerMod:Diamond10+","floor":11},{"not_picked":["PokerPlayerMod:Club9","PokerPlayerMod:VarietyAttack"],"picked":"PokerPlayerMod:GamblerForm","floor":16},{"not_picked":["PokerPlayerMod:Club2","PokerPlayerMod:Spade2","PokerPlayerMod:Heart3"],"picked":"SKIP","floor":18},{"not_picked":["PokerPlayerMod:DartThrow+1","PokerPlayerMod:Club5"],"picked":"PokerPlayerMod:Sharpen","floor":21},{"not_picked":["PokerPlayerMod:Spade4","PokerPlayerMod:SpadeStrike+1"],"picked":"PokerPlayerMod:Promotion","floor":23},{"not_picked":["PokerPlayerMod:Diamond4","PokerPlayerMod:DartThrow","PokerPlayerMod:SpadeStrike"],"picked":"SKIP","floor":24},{"not_picked":["PokerPlayerMod:Diamond1","PokerPlayerMod:SecondChance+1"],"picked":"PokerPlayerMod:FlyingCard+1","floor":28},{"not_picked":["PokerPlayerMod:Diamond4","PokerPlayerMod:Trickery"],"picked":"PokerPlayerMod:Fold","floor":31},{"not_picked":["PokerPlayerMod:StackedDeck","PokerPlayerMod:Diamond9"],"picked":"PokerPlayerMod:Diamond10+","floor":33},{"not_picked":["PokerPlayerMod:Spade3","PokerPlayerMod:Club1","PokerPlayerMod:CardPrinter"],"picked":"SKIP","floor":35},{"not_picked":["PokerPlayerMod:Club4","PokerPlayerMod:Diamond2"],"picked":"PokerPlayerMod:MagicTrick","floor":37}],"player_experience":8117,"relics_obtained":[{"floor":9,"key":"PreservedInsect"},{"floor":13,"key":"RuthlessExorcism:ReiMu"},{"floor":23,"key":"Juzu Bracelet"},{"floor":26,"key":"ReplayTheSpireMod:Shallot"}],"event_choices":[{"damage_healed":0,"gold_gain":0,"player_choice":"Lose Max HP","damage_taken":0,"relics_obtained":["Golden Idol"],"max_hp_gain":0,"max_hp_loss":4,"event_name":"Golden Idol","floor":2,"gold_loss":0},{"damage_healed":0,"gold_gain":0,"player_choice":"Gave Potion","damage_taken":0,"relics_obtained":["ScarletDevilRocket"],"max_hp_gain":0,"max_hp_loss":0,"event_name":"WeMeetAgain","floor":3,"gold_loss":0},{"damage_healed":16,"gold_gain":0,"player_choice":"Banana","damage_taken":0,"max_hp_gain":0,"max_hp_loss":0,"event_name":"Big Fish","floor":12,"gold_loss":0},{"damage_healed":0,"gold_gain":0,"player_choice":"Opened","damage_taken":0,"relics_obtained":["Strawberry"],"max_hp_gain":0,"max_hp_loss":0,"event_name":"The Mausoleum","floor":19,"gold_loss":0,"cards_obtained":["Writhe"]},{"damage_healed":0,"gold_gain":0,"cards_transformed":["PokerPlayerMod:Diamond1"],"player_choice":"Transformed","damage_taken":0,"max_hp_gain":0,"max_hp_loss":0,"event_name":"Transmorgrifier","floor":22,"gold_loss":0,"cards_obtained":["PokerPlayerMod:Fold"]},{"damage_healed":0,"gold_gain":0,"player_choice":"Copied","damage_taken":0,"max_hp_gain":0,"max_hp_loss":0,"event_name":"PokerPlayerMod:BackToBasicsPoker","floor":29,"gold_loss":0,"cards_obtained":["PokerPlayerMod:Mulligan"]},{"damage_healed":48,"gold_gain":0,"player_choice":"Heal","damage_taken":0,"max_hp_gain":0,"max_hp_loss":7,"event_name":"The Moai Head","floor":36,"gold_loss":0},{"damage_healed":0,"gold_gain":0,"player_choice":"Fight","damage_taken":0,"max_hp_gain":0,"max_hp_loss":0,"event_name":"Mysterious Sphere","floor":38,"gold_loss":0}],"is_beta":false,"boss_relics":[{"not_picked":["ReplayTheSpireMod:DimensionalGlitch","Cursed Key"],"picked":"Replay:Bronze Core"},{"not_picked":["PokerPlayerMod:AceCard","Tiny House"],"picked":"SlaversCollar"}],"items_purged_floors":[30],"is_endless":false,"potions_floor_spawned":[4,7,16,18,21,28,31,37],"killed_by":"2 Orb Walkers","ascension_level":0}}