{"host":"qwttrqaysb380yri","time":1609644085,"event":{"mods":["BaseMod","Custom Start","Minty Spire (QoL Compilation)","Permanent Neow","Puzzle Mod","Relic Stats","StSLib","The Hierophant"],"gold_per_floor":[114,132,146,160,173,194,256,256,256,275,275,299,327,290,290,328,328,330,32,47,87,87,87,100,120,171,171,209,85,85,111,111,125,125,152,29,29,56,77,41,41],"floor_reached":40,"playtime":1999,"items_purged":["hierophant:PassingBell"],"score":796,"play_id":"978703e9-8241-4a0d-9040-64721f9601d2","local_time":"20210103042125","is_ascension_mode":true,"campfire_choices":[{"data":"hierophant:PristineSoul","floor":8.0,"key":"SMITH"},{"data":"hierophant:PristineSoul","floor":15.0,"key":"SMITH"},{"floor":23.0,"key":"REST"},{"floor":30.0,"key":"REST"},{"floor":32.0,"key":"REST"}],"circlet_count":0,"master_deck":["AscendersBane","hierophant:Punish","hierophant:ChurchCoffers","Panacea+1","hierophant:MorningPrayer","hierophant:Smite","hierophant:PristineSoul+1","hierophant:PassingBell","hierophant:SealAway","hierophant:Bribe","hierophant:Doubloon","hierophant:Remorse+1","hierophant:Upheaval+1","hierophant:PristineSoul+1","hierophant:SealAway+1","hierophant:DeathKnell","hierophant:Sermon+1","hierophant:FlamingChariot+1","hierophant:Encroach","hierophant:Cornucopia","hierophant:Shelter","hierophant:PassingBell+1","hierophant:SealAway+1","hierophant:Shelter+1","hierophant:TollTheBells","hierophant:ThreeLashes+1","RitualDagger+1","hierophant:Exaltation","hierophant:Batter+1"],"relics":["hierophant:PropheticMaskRelic","Strawberry","Molten Egg 2","Anchor","Shovel","Pandora\u0027s Box","PreservedInsect","Akabeko","Red Mask","War Paint","Lantern","Runic Pyramid"],"acts_visited":["Exordium","TheCity","TheBeyond"],"potions_floor_usage":[],"damage_taken":[{"damage":4.0,"enemies":"Jaw Worm","floor":1.0,"turns":4.0},{"damage":0.0,"enemies":"Small Slimes","floor":2.0,"turns":3.0},{"damage":0.0,"enemies":"Cultist","floor":3.0,"turns":4.0},{"damage":0.0,"enemies":"2 Fungi Beasts","floor":4.0,"turns":2.0},{"damage":4.0,"enemies":"Blue Slaver","floor":5.0,"turns":3.0},{"damage":13.0,"enemies":"Lagavulin","floor":6.0,"turns":7.0},{"damage":20.0,"enemies":"Gremlin Nob","floor":10.0,"turns":4.0},{"damage":12.0,"enemies":"Exordium Wildlife","floor":12.0,"turns":4.0},{"damage":0.0,"enemies":"2 Fungi Beasts","floor":13.0,"turns":2.0},{"damage":5.0,"enemies":"Lagavulin","floor":14.0,"turns":5.0},{"damage":11.0,"enemies":"Hexaghost","floor":16.0,"turns":10.0},{"damage":5.0,"enemies":"3 Byrds","floor":18.0,"turns":5.0},{"damage":15.0,"enemies":"Masked Bandits","floor":20.0,"turns":4.0},{"damage":18.0,"enemies":"2 Thieves","floor":21.0,"turns":5.0},{"damage":10.0,"enemies":"Cultist and Chosen","floor":24.0,"turns":5.0},{"damage":11.0,"enemies":"Centurion and Healer","floor":25.0,"turns":8.0},{"damage":21.0,"enemies":"Gremlin Leader","floor":28.0,"turns":4.0},{"damage":10.0,"enemies":"3 Cultists","floor":31.0,"turns":4.0},{"damage":0.0,"enemies":"Champ","floor":33.0,"turns":12.0},{"damage":4.0,"enemies":"Orb Walker","floor":35.0,"turns":4.0},{"damage":34.0,"enemies":"3 Shapes","floor":38.0,"turns":6.0},{"damage":9.0,"enemies":"Maw","floor":39.0,"turns":6.0},{"damage":7,"enemies":"Giant Head","floor":40,"turns":6}],"seed_played":"6043326092130943161","potions_obtained":[{"floor":2.0,"key":"Energy Potion"},{"floor":3.0,"key":"Block Potion"},{"floor":12.0,"key":"Block Potion"},{"floor":13.0,"key":"Fire Potion"},{"floor":14.0,"key":"SteroidPotion"},{"floor":21.0,"key":"LiquidBronze"},{"floor":25.0,"key":"SpeedPotion"}],"is_trial":false,"path_per_floor":["M","M","M","M","M","E","?","R","T","E","?","M","M","E","R","B",null,"M","$","?","M","?","R","M","M","T","?","E","$","R","M","R","B",null,"M","$","?","M","M","E"],"character_chosen":"HIEROPHANT","items_purchased":["PreservedInsect","Akabeko","PowerPotion","PowerPotion","Regen Potion"],"campfire_rested":3,"item_purchase_floors":[19,19,29,36,36],"current_hp_per_floor":[64,64,64,64,60,54,54,54,54,34,34,22,22,17,17,6,63,58,58,43,25,19,43,33,22,22,22,1,1,25,15,39,39,71,67,67,67,47,38,31,31],"gold":41,"neow_bonus":"RANDOM_COLORLESS","is_daily":false,"chose_seed":false,"campfire_upgraded":2,"win_rate":0.0,"timestamp":1609644085,"path_taken":["M","M","M","M","M","E","?","R","T","E","?","?","M","E","R","BOSS","M","$","?","M","?","R","?","M","T","?","E","$","R","M","R","BOSS","M","$","?","?","M","E"],"items_purchased_type":["Relic","Relic","Potion","Potion","Potion"],"build_version":"2020-12-22","purchased_purges":1,"victory":false,"max_hp_per_floor":[75,75,75,75,75,82,82,82,82,82,82,82,82,82,82,82,82,82,82,82,82,82,82,82,82,82,82,82,82,82,82,82,82,82,82,82,82,82,82,82,82],"relic_stats":{"Shovel":0,"counters":[23,117],"Pandora\u0027s Box":["hierophant:Sermon","hierophant:FlamingChariot","hierophant:Encroach","hierophant:Cornucopia","hierophant:Shelter","hierophant:PassingBell","hierophant:SealAway"],"PreservedInsect":179,"War Paint":["hierophant:Sermon","Panacea"],"obtain_stats":[{"Anchor":10,"Lantern":28,"Shovel":14,"hierophant:PropheticMaskRelic":0,"Strawberry":6,"Molten Egg 2":9,"Pandora\u0027s Box":17,"PreservedInsect":19,"Red Mask":20,"War Paint":26,"Akabeko":19,"Runic Pyramid":34},{"Anchor":7,"Lantern":17,"Shovel":10,"hierophant:PropheticMaskRelic":0,"Strawberry":6,"Molten Egg 2":6,"Pandora\u0027s Box":11,"PreservedInsect":12,"Red Mask":13,"War Paint":16,"Akabeko":12,"Runic Pyramid":19},{"Anchor":27,"Lantern":79,"Shovel":38,"hierophant:PropheticMaskRelic":0,"Strawberry":23,"Molten Egg 2":23,"Pandora\u0027s Box":48,"PreservedInsect":53,"Red Mask":57,"War Paint":75,"Akabeko":53,"Runic Pyramid":95}]},"card_choices":[{"not_picked":["Flash of Steel","Swift Strike"],"picked":"Panacea","floor":0.0},{"not_picked":["hierophant:Community","hierophant:Prophecy"],"picked":"hierophant:MorningPrayer","floor":1.0},{"not_picked":["hierophant:Exaltation","hierophant:Purify"],"picked":"hierophant:Smite","floor":2.0},{"not_picked":["hierophant:RecallFunds","hierophant:Doomsaying"],"picked":"hierophant:PristineSoul","floor":3.0},{"not_picked":["hierophant:Chorus","hierophant:FieryStrike"],"picked":"hierophant:PassingBell","floor":4.0},{"not_picked":["hierophant:Sermon","hierophant:Endure"],"picked":"hierophant:PassingBell","floor":5.0},{"not_picked":["hierophant:DisplayOfPower","hierophant:HolyVerse"],"picked":"hierophant:SealAway","floor":6.0},{"not_picked":["hierophant:Rebuild","hierophant:Glossolalia"],"picked":"hierophant:Bribe","floor":10.0},{"not_picked":["hierophant:DisplayOfPower+1","hierophant:HammerAndAnvil"],"picked":"hierophant:Upheaval+1","floor":12.0},{"not_picked":["hierophant:Bribe","hierophant:Community"],"picked":"hierophant:PristineSoul","floor":13.0},{"not_picked":["hierophant:Purify+1","hierophant:AuricForm"],"picked":"hierophant:SealAway+1","floor":14.0},{"not_picked":["hierophant:AuricForm","hierophant:WrathOfGod+1"],"picked":"hierophant:DeathKnell","floor":16.0},{"not_picked":["hierophant:Racketeering","hierophant:FieryStrike+1"],"picked":"hierophant:Shelter+1","floor":18.0},{"not_picked":["hierophant:MorningPrayer","hierophant:Determination"],"picked":"hierophant:TollTheBells","floor":20.0},{"not_picked":["hierophant:Glossolalia+1","hierophant:Smite+1"],"picked":"hierophant:ThreeLashes+1","floor":21.0},{"not_picked":["hierophant:Sermon+1","hierophant:Smite+1","hierophant:Community"],"picked":"SKIP","floor":24.0},{"not_picked":["hierophant:AuricShield","hierophant:Rebuild"],"picked":"hierophant:Exaltation","floor":25.0},{"not_picked":["hierophant:Mercenaries+1","hierophant:FaithHealing"],"picked":"hierophant:Batter+1","floor":28.0},{"not_picked":["hierophant:DisplayOfPower+1","hierophant:Smite+1","hierophant:ThreeLashes+1"],"picked":"SKIP","floor":31.0},{"not_picked":["hierophant:SealAway+1","hierophant:Refuge","hierophant:Encroach"],"picked":"SKIP","floor":35.0},{"not_picked":["hierophant:EyeForCoin+1","hierophant:Sermon","hierophant:PassingBell+1"],"picked":"SKIP","floor":38.0},{"not_picked":["hierophant:Alms","hierophant:SealAway+1","hierophant:Encroach+1"],"picked":"SKIP","floor":39.0}],"player_experience":1986616,"relics_obtained":[{"floor":6.0,"key":"Strawberry"},{"floor":9.0,"key":"Molten Egg 2"},{"floor":10.0,"key":"Anchor"},{"floor":14.0,"key":"Shovel"},{"floor":20.0,"key":"Red Mask"},{"floor":26.0,"key":"War Paint"},{"floor":28.0,"key":"Lantern"}],"event_choices":[{"damage_healed":0.0,"max_hp_gain":0.0,"max_hp_loss":0.0,"gold_gain":62.0,"event_name":"Golden Wing","player_choice":"Gained Gold","floor":7.0,"gold_loss":0.0,"damage_taken":0.0},{"damage_healed":0.0,"max_hp_gain":0.0,"max_hp_loss":0.0,"gold_gain":0.0,"cards_transformed":["hierophant:Defend_Hierophant"],"event_name":"Transmorgrifier","player_choice":"Transformed","floor":11.0,"gold_loss":0.0,"damage_taken":0.0,"cards_obtained":["hierophant:Remorse"]},{"damage_healed":0.0,"max_hp_gain":0.0,"max_hp_loss":0.0,"gold_gain":0.0,"event_name":"Masked Bandits","player_choice":"Fought Bandits","floor":20.0,"gold_loss":0.0,"damage_taken":0.0},{"damage_healed":0.0,"max_hp_gain":0.0,"max_hp_loss":0.0,"gold_gain":0.0,"event_name":"Nest","player_choice":"Joined the Cult","floor":22.0,"gold_loss":0.0,"damage_taken":6.0,"cards_obtained":["RitualDagger"]},{"damage_healed":0.0,"max_hp_gain":0.0,"max_hp_loss":0.0,"gold_gain":0.0,"event_name":"Cursed Tome","player_choice":"Ignored","floor":27.0,"gold_loss":0.0,"damage_taken":0.0},{"damage_healed":0.0,"max_hp_gain":0.0,"max_hp_loss":0.0,"gold_gain":0.0,"event_name":"Lab","player_choice":"Got Potions","floor":37.0,"gold_loss":0.0,"damage_taken":0.0}],"is_beta":false,"boss_relics":[{"not_picked":["Fusion Hammer","SlaversCollar"],"picked":"Pandora\u0027s Box"},{"not_picked":["Velvet Choker","Runic Dome"],"picked":"Runic Pyramid"}],"items_purged_floors":[29],"is_endless":false,"potions_floor_spawned":[2,3,5,12,13,14,21,25,31],"killed_by":"Giant Head","ascension_level":15}}