{"host":"baymyijz6sxaqj5s","time":1609699783,"event":{"mods":["AchievementEnabler","BaseMod","Colored Map","Colored Powertips","DeckTracker","Highlight Path","KOR Keyword Fix","Keyboard Shortcuts","Minty Spire (QoL Compilation)","Quick Restart","StSLib","SuperFastMode"],"gold_per_floor":[112,112,112,62,74,74,93,109,109,109,122,133,133,149,149,251,251,265,265,289,289,300,300,330,330,377,391,410,422,422,440,440,541,541,559,576,576,576,254,254,273,273,273,273,286,302,0,24,24,24,24],"floor_reached":50,"playtime":1841,"items_purged":["Strike_B"],"score":504,"play_id":"67422937-f8ee-45ee-b145-b480ef90a9d5","local_time":"20210104034943","is_ascension_mode":true,"campfire_choices":[{"data":"Dualcast","floor":6,"key":"SMITH"},{"data":"Redo","floor":10,"key":"SMITH"},{"data":"Zap","floor":13,"key":"SMITH"},{"floor":15,"key":"REST"},{"data":"Auto Shields","floor":23,"key":"SMITH"},{"data":"Conserve Battery","floor":25,"key":"SMITH"},{"floor":32,"key":"REST"},{"data":"Multi-Cast","floor":40,"key":"SMITH"},{"data":"Glacier","floor":42,"key":"SMITH"},{"data":"Leap","floor":44,"key":"SMITH"},{"floor":49,"key":"REST"}],"circlet_count":0,"master_deck":["Defend_B","Defend_B","Defend_B","Defend_B","Zap+1","Dualcast+1","Redo+1","Doom and Gloom","Auto Shields+1","Ball Lightning","Glacier+1","Electrodynamics+1","Compile Driver+1","Steam","Conserve Battery+1","Multi-Cast+1","Sweeping Beam+1","Machine Learning+1","Self Repair+1","Hologram+1","Leap+1","Leap+1","Parasite","Defragment+1","Reinforced Body"],"relics":["Cracked Core","Meat on the Bone","Frozen Egg 2","Mercury Hourglass","Nuclear Battery","Boot","Symbiotic Virus","Centennial Puzzle","Philosopher\u0027s Stone","Bag of Marbles","Strawberry","Red Mask","Dream Catcher"],"acts_visited":["Exordium","TheCity","TheBeyond"],"potions_floor_usage":[8,12,22,24,24,31,36,41,50],"damage_taken":[{"damage":1,"enemies":"Jaw Worm","floor":1,"turns":3},{"damage":5,"enemies":"Small Slimes","floor":5,"turns":4},{"damage":2,"enemies":"2 Louse","floor":7,"turns":3},{"damage":0,"enemies":"Exordium Thugs","floor":8,"turns":3},{"damage":0,"enemies":"3 Louse","floor":11,"turns":2},{"damage":5,"enemies":"Gremlin Gang","floor":12,"turns":3},{"damage":8,"enemies":"Red Slaver","floor":14,"turns":2},{"damage":20,"enemies":"Hexaghost","floor":16,"turns":9},{"damage":3,"enemies":"Shell Parasite","floor":18,"turns":4},{"damage":0,"enemies":"Chosen","floor":22,"turns":3},{"damage":11,"enemies":"Book of Stabbing","floor":24,"turns":4},{"damage":10,"enemies":"Snake Plant","floor":27,"turns":3},{"damage":0,"enemies":"Centurion and Healer","floor":28,"turns":2},{"damage":0,"enemies":"Snecko","floor":29,"turns":3},{"damage":0,"enemies":"Sentry and Sphere","floor":31,"turns":3},{"damage":57,"enemies":"Collector","floor":33,"turns":9},{"damage":0,"enemies":"Orb Walker","floor":35,"turns":2},{"damage":0,"enemies":"3 Darklings","floor":36,"turns":3},{"damage":19,"enemies":"Maw","floor":41,"turns":7},{"damage":12,"enemies":"Spire Growth","floor":45,"turns":6},{"damage":16,"enemies":"Writhing Mass","floor":46,"turns":6},{"damage":101,"enemies":"Awakened One","floor":50,"turns":25}],"seed_played":"7884989992627503720","potions_obtained":[{"floor":1,"key":"AttackPotion"},{"floor":7,"key":"SpeedPotion"},{"floor":8,"key":"Block Potion"},{"floor":18,"key":"FocusPotion"},{"floor":21,"key":"Fruit Juice"},{"floor":28,"key":"FocusPotion"},{"floor":33,"key":"AttackPotion"},{"floor":36,"key":"Explosive Potion"}],"is_trial":false,"path_per_floor":["M","?","T","?","M","R","M","M","T","R","M","M","R","M","R","B",null,"M","?","T","?","M","R","E","R","T","M","M","M","?","M","R","B",null,"M","M","?","?","$","R","M","R","T","R","M","M","?","T","R","B"],"character_chosen":"DEFECT","items_purchased":["Leap","Bag of Marbles","Block Potion"],"campfire_rested":3,"item_purchase_floors":[39,39,39],"current_hp_per_floor":[81,78,78,78,73,73,71,71,71,71,71,66,66,58,82,62,82,79,79,79,79,84,84,73,73,73,63,63,63,63,63,87,42,87,87,87,87,87,87,87,78,78,85,85,83,77,77,77,94,0,0],"gold":24,"neow_bonus":"TEN_PERCENT_HP_BONUS","is_daily":false,"chose_seed":false,"campfire_upgraded":8,"win_rate":0.0,"timestamp":1609699783,"path_taken":["M","?","?","?","?","R","M","M","T","R","M","M","R","M","R","BOSS","M","?","?","?","M","R","E","R","T","M","M","?","?","M","R","BOSS","M","M","?","?","$","R","?","R","T","R","M","M","?","?","R","BOSS"],"items_purchased_type":["Card","Relic","Potion"],"build_version":"2020-12-22","purchased_purges":1,"victory":false,"max_hp_per_floor":[82,82,82,82,82,82,82,82,82,82,82,82,82,82,82,82,82,82,82,82,82,87,87,87,87,87,87,87,87,87,87,87,87,87,87,87,87,87,87,87,87,87,94,94,94,94,94,94,94,94,94],"card_choices":[{"not_picked":["Static Discharge","Cold Snap"],"picked":"Redo","floor":1},{"not_picked":["Gash","Blizzard","Chill"],"picked":"SKIP","floor":5},{"not_picked":["Storm+1","Redo","Gash"],"picked":"SKIP","floor":7},{"not_picked":["Go for the Eyes","Skim"],"picked":"Doom and Gloom","floor":8},{"not_picked":["Gash","Hologram"],"picked":"Auto Shields","floor":11},{"not_picked":["Blizzard","Hello World+1"],"picked":"Ball Lightning","floor":12},{"not_picked":["Recycle","Redo"],"picked":"Glacier","floor":14},{"not_picked":["Hyperbeam","Thunder Strike"],"picked":"Electrodynamics+1","floor":16},{"not_picked":["Stack","Coolheaded"],"picked":"Compile Driver+1","floor":18},{"not_picked":["Lockon","Turbo"],"picked":"Conserve Battery","floor":22},{"not_picked":["Heatsinks+1","Reinforced Body+1","Turbo"],"picked":"SKIP","floor":24},{"not_picked":["Blizzard","Coolheaded"],"picked":"Multi-Cast","floor":27},{"not_picked":["Steam Power+1","BootSequence","Streamline+1"],"picked":"SKIP","floor":28},{"not_picked":["Ball Lightning","Static Discharge+1","Barrage"],"picked":"SKIP","floor":29},{"not_picked":["Hologram","Conserve Battery+1"],"picked":"Sweeping Beam+1","floor":31},{"not_picked":["Reboot","Fission"],"picked":"Machine Learning+1","floor":33},{"not_picked":["Gash+1","Scrape+1"],"picked":"Self Repair+1","floor":35},{"not_picked":["Coolheaded","Sweeping Beam+1"],"picked":"Hologram+1","floor":36},{"not_picked":["Redo","Genetic Algorithm+1"],"picked":"Leap+1","floor":41},{"not_picked":["Reinforced Body","Cold Snap+1","Storm+1"],"picked":"SKIP","floor":45},{"not_picked":["Barrage+1","Steam"],"picked":"Defragment+1","floor":46},{"not_picked":["Ball Lightning","Turbo+1"],"picked":"Reinforced Body","floor":49}],"player_experience":317308,"relics_obtained":[{"floor":3,"key":"Frozen Egg 2"},{"floor":9,"key":"Mercury Hourglass"},{"floor":20,"key":"Boot"},{"floor":24,"key":"Symbiotic Virus"},{"floor":26,"key":"Centennial Puzzle"},{"floor":43,"key":"Strawberry"},{"floor":48,"key":"Dream Catcher"}],"event_choices":[{"damage_healed":0,"gold_gain":0,"player_choice":"Success","damage_taken":3,"relics_obtained":["Meat on the Bone"],"max_hp_gain":0,"max_hp_loss":0,"event_name":"Scrap Ooze","floor":2,"gold_loss":0},{"cards_removed":["Strike_B"],"damage_healed":0,"gold_gain":0,"player_choice":"Card Removal","damage_taken":0,"max_hp_gain":0,"max_hp_loss":0,"event_name":"The Cleric","floor":4,"gold_loss":50},{"damage_healed":0,"gold_gain":0,"player_choice":"Read","damage_taken":0,"max_hp_gain":0,"max_hp_loss":0,"event_name":"The Library","floor":19,"gold_loss":0,"cards_obtained":["Steam"]},{"damage_healed":0,"gold_gain":0,"player_choice":"Got Potions","damage_taken":0,"max_hp_gain":0,"max_hp_loss":0,"event_name":"Lab","floor":21,"gold_loss":0},{"damage_healed":0,"gold_gain":0,"player_choice":"Ignored","damage_taken":0,"max_hp_gain":0,"max_hp_loss":0,"event_name":"N\u0027loth","floor":30,"gold_loss":0},{"cards_removed":["Strike_B"],"damage_healed":0,"gold_gain":0,"player_choice":"Removed Attack","damage_taken":0,"max_hp_gain":0,"max_hp_loss":0,"event_name":"Falling","floor":37,"gold_loss":0},{"cards_removed":["Strike_B"],"damage_healed":0,"gold_gain":0,"player_choice":"Offered Basic","damage_taken":0,"max_hp_gain":0,"max_hp_loss":0,"event_name":"Bonfire Elementals","floor":38,"gold_loss":0},{"damage_healed":0,"gold_gain":0,"player_choice":"Paid","damage_taken":0,"relics_obtained":["Red Mask"],"max_hp_gain":0,"max_hp_loss":0,"event_name":"Tomb of Lord Red Mask","floor":47,"gold_loss":302}],"is_beta":false,"boss_relics":[{"not_picked":["Empty Cage","Fusion Hammer"],"picked":"Nuclear Battery"},{"not_picked":["Cursed Key","Pandora\u0027s Box"],"picked":"Philosopher\u0027s Stone"}],"items_purged_floors":[39],"is_endless":false,"potions_floor_spawned":[1,7,8,18,28,33,36],"killed_by":"Awakened One","ascension_level":1}}