{"host":"56ghxnzsglgdq727","time":1609651531,"event":{"mods":["AchievementEnabler","BaseMod","Downfall","Minty Spire (QoL Compilation)","StSLib"],"gold_per_floor":[99,99,119,131,147,159,159,191,116,26,39,39,57,57,73,73,73],"floor_reached":16,"playtime":515,"items_purged":["sneckomod:Defend"],"score":109,"play_id":"5771fb54-9280-40c5-9a85-b86324ee90ae","local_time":"20210103002531","is_ascension_mode":true,"campfire_choices":[{"data":"sneckomod:Unknown","floor":1,"key":"SMITH"},{"data":"sneckomod:UnknownRareAttack","floor":9,"key":"SMITH"},{"floor":12,"key":"REST"}],"circlet_count":0,"master_deck":["sneckomod:Strike","sneckomod:Defend","sneckomod:TailWhip","sneckomod:SnekBite","sneckomod:Unknown+1","sneckomod:Unknown","sneckomod:DiceBoulder","sneckomod:RainOfDice","sneckomod:UnknownVulnerable","sneckomod:ImprovisedAttack","sneckomod:UnknownUncommonSkill","sneckomod:UnknownRareAttack+1","sneckomod:Mudshield","sneckomod:Unknown1Cost","sneckomod:UnknownStrength"],"relics":["sneckomod:SneckoSoul","StrikeDummy","InkBottle","downfall:HeartBlessingGreen"],"acts_visited":["Exordium"],"potions_floor_usage":[6,16,16],"damage_taken":[{"damage":3,"enemies":"Small Slimes","floor":3,"turns":3},{"damage":0,"enemies":"Cultist","floor":4,"turns":2},{"damage":0,"enemies":"Jaw Worm","floor":5,"turns":1},{"damage":6,"enemies":"Large Slime","floor":6,"turns":2},{"damage":50,"enemies":"3 Sentries","floor":8,"turns":6},{"damage":0,"enemies":"downfall:FleeingMerchant","floor":10,"turns":4},{"damage":13,"enemies":"Blue Slaver","floor":11,"turns":2},{"damage":20,"enemies":"Exordium Thugs","floor":13,"turns":3},{"damage":23,"enemies":"Red Slaver","floor":15,"turns":3},{"damage":31,"enemies":"downfall:Ironclad","floor":16,"turns":3}],"seed_played":"-7841010172689810154","potions_obtained":[{"floor":5,"key":"AttackPotion"},{"floor":11,"key":"Strength Potion"},{"floor":13,"key":"FearPotion"}],"is_trial":false,"path_per_floor":["R","?","M","M","M","M","T","E","R","$","M","R","M","?","M","B"],"character_chosen":"THE_SNECKO","items_purchased":[],"campfire_rested":1,"item_purchase_floors":[],"current_hp_per_floor":[81,81,78,79,79,74,74,25,25,25,12,37,18,46,27,0,0],"gold":73,"neow_bonus":"REMOVE_TWO","is_daily":false,"chose_seed":false,"campfire_upgraded":2,"win_rate":0.0,"timestamp":1609651531,"path_taken":["R","?","M","?","M","M","T","E","R","$","M","R","M","?","M","BOSS"],"items_purchased_type":[],"build_version":"2020-12-22","purchased_purges":1,"victory":false,"max_hp_per_floor":[81,81,81,82,82,83,83,84,84,84,84,84,85,85,89,89,89],"card_choices":[{"not_picked":["sneckomod:DiceCrush","sneckomod:UnknownCommonSkill"],"picked":"sneckomod:RainOfDice","floor":3},{"not_picked":["sneckomod:UnknownCommonAttack","sneckomod:UnknownWeak"],"picked":"sneckomod:UnknownVulnerable","floor":4},{"not_picked":["sneckomod:DiceBlock","sneckomod:QuickBite"],"picked":"sneckomod:ImprovisedAttack","floor":5},{"not_picked":["sneckomod:UnknownVulnerable","sneckomod:SoulDraw"],"picked":"sneckomod:UnknownUncommonSkill","floor":6},{"not_picked":["sneckomod:UnknownClassBLUE","sneckomod:SoulDraw"],"picked":"sneckomod:UnknownRareAttack","floor":8},{"not_picked":["sneckomod:DefensiveFlair","sneckomod:UnknownStrike"],"picked":"sneckomod:Mudshield","floor":10},{"not_picked":["sneckomod:DiceBlock","sneckomod:UnknownUncommonAttack","sneckomod:UnknownClassRED"],"picked":"SKIP","floor":11},{"not_picked":["sneckomod:DiceCrush","sneckomod:QuickBite"],"picked":"sneckomod:Unknown1Cost","floor":13},{"not_picked":["sneckomod:IronFang","sneckomod:Unknown2Cost"],"picked":"sneckomod:UnknownStrength","floor":15}],"player_experience":96579,"relics_obtained":[{"floor":7,"key":"StrikeDummy"},{"floor":8,"key":"InkBottle"}],"event_choices":[{"damage_healed":0,"gold_gain":0,"cards_transformed":["sneckomod:Strike"],"player_choice":"Transformed","damage_taken":0,"max_hp_gain":0,"max_hp_loss":0,"event_name":"Transmorgrifier","floor":2,"gold_loss":0,"cards_obtained":["sneckomod:DiceBoulder"]},{"damage_healed":28,"gold_gain":0,"player_choice":"Banana","damage_taken":0,"max_hp_gain":0,"max_hp_loss":0,"event_name":"Big Fish","floor":14,"gold_loss":0}],"is_beta":false,"boss_relics":[],"items_purged_floors":[10],"is_endless":false,"potions_floor_spawned":[5,11,13],"killed_by":"downfall:Ironclad","ascension_level":1}}