{"host":"e4hse1vg61zltgzv","time":1609667625,"event":{"mods":["AchievementEnabler","BaseMod","Block Reminder","Colored Map","DeckTracker","GifTheSpireLib","Minty Spire (QoL Compilation)","Rare Cards Sparkle","StSLib","SuperFastMode","everything is the same but u backflip on backflip"],"gold_per_floor":[135,195,234,276,13,109,109,190,190,271,364,469,574,679,691,916,1078,1123,646,685,739,299,374,452,530,530,611,692,743,782,866,866,1103,1103,1142,1181,876,915,608,710,809,914,914,1001,1046,712,817,898,898,898,898,898,898,651,741,741],"floor_reached":57,"playtime":630,"items_purged":[],"score":4887,"play_id":"7dc67075-665a-4805-9eac-892781679b71","local_time":"20210103185345","daily_mods":["Flight","DeadlyEvents","Binary","Elite Swarm","Lethality","Midas","Night Terrors"],"is_ascension_mode":true,"campfire_choices":[{"floor":7,"key":"RECALL"},{"floor":15,"key":"DIG"},{"floor":32,"key":"DIG"},{"floor":49,"key":"DIG"},{"floor":53,"key":"DIG"}],"circlet_count":0,"master_deck":["Grand Finale+1"],"relics":["Ring of the Snake","TheAbacus","Unceasing Top","Black Star","Shovel","Letter Opener","StoneCalendar","Gremlin Horn","Du-Vu Doll","Matryoshka","Kunai","Mercury Hourglass","Regal Pillow","Incense Burner","Molten Egg 2","Mummified Hand","Gambling Chip","MawBank","Sundial","PreservedInsect","Bag of Marbles","Tiny House","ClockworkSouvenir","Blood Vial","Centennial Puzzle","Membership Card","Question Card","Toxic Egg 2","Ginger","Dream Catcher","Blue Candle","The Specimen","Akabeko","HornCleat","Eternal Feather","Turnip","Lizard Tail","War Paint","InkBottle","Whetstone","Ancient Tea Set","Singing Bowl","Busted Crown","Frozen Egg 2","Bronze Scales","TwistedFunnel","Girya","Darkstone Periapt","Meat on the Bone","Potion Belt","CeramicFish","Bottled Flame","Paper Crane","Nunchaku","Pen Nib","Pear","Shuriken","FossilizedHelix","PrismaticShard","MealTicket","Torii","Lantern","Tough Bandages","Toy Ornithopter","CaptainsWheel","Medical Kit","Vajra","Boot","Strawberry","Pantograph"],"acts_visited":["Exordium","TheCity","TheBeyond","TheEnding"],"potions_floor_usage":[56,56,56,56],"damage_taken":[{"damage":0,"enemies":"Small Slimes","floor":1,"turns":1},{"damage":0,"enemies":"Jaw Worm","floor":2,"turns":1},{"damage":0,"enemies":"Cultist","floor":3,"turns":1},{"damage":0,"enemies":"3 Louse","floor":4,"turns":1},{"damage":0,"enemies":"Gremlin Nob","floor":6,"turns":1},{"damage":0,"enemies":"3 Sentries","floor":8,"turns":1},{"damage":0,"enemies":"Lagavulin","floor":10,"turns":1},{"damage":0,"enemies":"Gremlin Nob","floor":11,"turns":1},{"damage":0,"enemies":"3 Sentries","floor":12,"turns":1},{"damage":0,"enemies":"Gremlin Nob","floor":13,"turns":1},{"damage":0,"enemies":"3 Sentries","floor":14,"turns":1},{"damage":0,"enemies":"Slime Boss","floor":16,"turns":1},{"damage":0,"enemies":"3 Byrds","floor":18,"turns":1},{"damage":0,"enemies":"Chosen","floor":20,"turns":1},{"damage":0,"enemies":"Shelled Parasite and Fungi","floor":21,"turns":1},{"damage":0,"enemies":"Gremlin Leader","floor":23,"turns":1},{"damage":0,"enemies":"Book of Stabbing","floor":24,"turns":1},{"damage":0,"enemies":"Slavers","floor":25,"turns":1},{"damage":0,"enemies":"Book of Stabbing","floor":27,"turns":1},{"damage":0,"enemies":"Slavers","floor":28,"turns":1},{"damage":0,"enemies":"Snake Plant","floor":29,"turns":1},{"damage":0,"enemies":"Cultist and Chosen","floor":30,"turns":1},{"damage":0,"enemies":"Gremlin Leader","floor":31,"turns":1},{"damage":0,"enemies":"Champ","floor":33,"turns":1},{"damage":2,"enemies":"3 Shapes","floor":35,"turns":1},{"damage":0,"enemies":"3 Darklings","floor":36,"turns":1},{"damage":0,"enemies":"Writhing Mass","floor":38,"turns":1},{"damage":0,"enemies":"Reptomancer","floor":40,"turns":1},{"damage":0,"enemies":"Giant Head","floor":41,"turns":1},{"damage":0,"enemies":"Nemesis","floor":42,"turns":1},{"damage":0,"enemies":"Giant Head","floor":44,"turns":1},{"damage":0,"enemies":"Sphere and 2 Shapes","floor":45,"turns":1},{"damage":0,"enemies":"Reptomancer","floor":47,"turns":1},{"damage":0,"enemies":"Giant Head","floor":48,"turns":1},{"damage":0,"enemies":"Time Eater","floor":50,"turns":1},{"damage":0,"enemies":"Awakened One","floor":51,"turns":2},{"damage":0,"enemies":"Shield and Spear","floor":55,"turns":1},{"damage":0,"enemies":"The Heart","floor":56,"turns":4}],"seed_played":"6874423586322579108","potions_obtained":[{"floor":4,"key":"Strength Potion"},{"floor":6,"key":"PowerPotion"},{"floor":40,"key":"EssenceOfSteel"},{"floor":42,"key":"Dexterity Potion"}],"is_trial":true,"path_per_floor":["M","M","M","M","$","E","R","E","T","E","E","E","E","E","R","B",null,"M","$","M","M","$","E","E","E","T","E","E","M","M","E","R","B",null,"M","M","$","M","$","E","E","E","T","E","M","$","E","E","R","B","B",null,"R","$","E","B",null],"character_chosen":"THE_SILENT","items_purchased":["Letter Opener","ClockworkSouvenir","Blood Vial","Centennial Puzzle","Membership Card","Question Card","Toxic Egg 2","Frozen Egg 2","Bronze Scales","TwistedFunnel","Girya","Darkstone Periapt","FossilizedHelix","PrismaticShard","MealTicket","Medical Kit","Vajra","Boot"],"campfire_rested":0,"item_purchase_floors":[5,19,19,19,22,22,22,37,37,37,39,39,46,46,46,54,54,54],"current_hp_per_floor":[61,63,65,67,67,69,69,71,71,73,75,77,79,81,81,83,95,97,97,101,103,103,105,107,109,109,111,113,115,117,119,119,121,121,121,125,125,127,127,129,131,133,133,145,147,147,149,151,151,151,151,151,151,151,160,160],"gold":741,"neow_bonus":"","is_daily":false,"chose_seed":false,"campfire_upgraded":0,"win_rate":0.0,"timestamp":1609667625,"path_taken":["M","M","M","M","$","E","R","E","T","E","E","E","E","E","R","BOSS","M","$","M","M","$","E","E","E","T","E","E","M","M","E","R","BOSS","M","M","$","M","$","E","E","E","T","E","M","$","E","E","R","BOSS","BOSS","R","$","E","BOSS"],"items_purchased_type":["Relic","Relic","Relic","Relic","Relic","Relic","Relic","Relic","Relic","Relic","Relic","Relic","Relic","Relic","Relic","Relic","Relic","Relic"],"build_version":"2020-12-22","purchased_purges":0,"victory":true,"max_hp_per_floor":[68,70,72,74,74,76,76,78,78,80,82,84,86,88,88,90,97,99,99,101,103,103,105,107,109,109,111,113,115,117,119,119,121,121,123,125,125,127,127,129,131,133,133,145,147,147,149,151,151,151,151,151,151,151,160,160],"card_choices":[{"not_picked":["PiercingWail","Deadly Poison"],"picked":"Singing Bowl","floor":1},{"not_picked":["Prepared","Cloak And Dagger"],"picked":"Singing Bowl","floor":2},{"not_picked":["Backflip","Deflect"],"picked":"Singing Bowl","floor":3},{"not_picked":["Doppelganger","Backflip"],"picked":"Singing Bowl","floor":4},{"not_picked":["Die Die Die","Envenom"],"picked":"Singing Bowl","floor":6},{"not_picked":["Unload","Night Terror"],"picked":"Singing Bowl","floor":8},{"not_picked":["Night Terror","Phantasmal Killer"],"picked":"Singing Bowl","floor":10},{"not_picked":["Die Die Die","A Thousand Cuts"],"picked":"Singing Bowl","floor":11},{"not_picked":["Wraith Form v2","Night Terror"],"picked":"Singing Bowl","floor":12},{"not_picked":["Storm of Steel","Envenom"],"picked":"Singing Bowl","floor":13},{"not_picked":["Glass Knife+1","Wraith Form v2"],"picked":"Singing Bowl","floor":14},{"not_picked":["Night Terror","Adrenaline"],"picked":"Singing Bowl","floor":16},{"not_picked":["Dagger Spray+1","Dodge and Roll"],"picked":"Singing Bowl","floor":17},{"not_picked":["Crippling Poison","Distraction"],"picked":"Singing Bowl","floor":18},{"not_picked":["Prepared+1","Dagger Throw+1"],"picked":"Singing Bowl","floor":20},{"not_picked":["Underhanded Strike+1","Well Laid Plans"],"picked":"Singing Bowl","floor":21},{"not_picked":["Storm of Steel+1","Night Terror+1","Burst+1"],"picked":"Singing Bowl","floor":23},{"not_picked":["Adrenaline+1","Venomology+1","After Image"],"picked":"Singing Bowl","floor":24},{"not_picked":["After Image","A Thousand Cuts","Night Terror+1"],"picked":"Singing Bowl","floor":25},{"not_picked":["Tools of the Trade","Doppelganger+1","Malaise+1"],"picked":"Singing Bowl","floor":27},{"not_picked":["Adrenaline+1","Corpse Explosion+1","Glass Knife+1"],"picked":"Singing Bowl","floor":28},{"not_picked":["Backstab+1","Cloak And Dagger+1","Underhanded Strike+1"],"picked":"Singing Bowl","floor":29},{"not_picked":["Leg Sweep+1","Escape Plan+1","Flying Knee+1"],"picked":"Singing Bowl","floor":30},{"not_picked":["Night Terror+1","Envenom","Wraith Form v2"],"picked":"Singing Bowl","floor":31},{"not_picked":["Doppelganger+1","Wraith Form v2","Grand Finale+1"],"picked":"Singing Bowl","floor":33},{"not_picked":["Underhanded Strike+1"],"picked":"Singing Bowl","floor":35},{"not_picked":["Dagger Spray+1"],"picked":"Singing Bowl","floor":36},{"not_picked":["Underhanded Strike+1"],"picked":"Singing Bowl","floor":38},{"not_picked":["Tools of the Trade+1"],"picked":"Singing Bowl","floor":40},{"not_picked":["Corpse Explosion+1"],"picked":"Singing Bowl","floor":41},{"not_picked":["Adrenaline+1"],"picked":"Singing Bowl","floor":42},{"not_picked":["Envenom+1"],"picked":"Singing Bowl","floor":44},{"not_picked":["Backflip+1"],"picked":"Singing Bowl","floor":45},{"not_picked":["Sadistic Nature+1"],"picked":"Singing Bowl","floor":47},{"not_picked":["Limit Break+1"],"picked":"Singing Bowl","floor":48},{"not_picked":["Panache+1"],"picked":"Singing Bowl","floor":55}],"player_experience":772925,"relics_obtained":[{"floor":6,"key":"StoneCalendar"},{"floor":6,"key":"Gremlin Horn"},{"floor":8,"key":"Du-Vu Doll"},{"floor":9,"key":"Matryoshka"},{"floor":10,"key":"Kunai"},{"floor":10,"key":"Mercury Hourglass"},{"floor":11,"key":"Regal Pillow"},{"floor":11,"key":"Incense Burner"},{"floor":12,"key":"Molten Egg 2"},{"floor":12,"key":"Mummified Hand"},{"floor":13,"key":"Gambling Chip"},{"floor":13,"key":"MawBank"},{"floor":14,"key":"Sundial"},{"floor":14,"key":"PreservedInsect"},{"floor":15,"key":"Bag of Marbles"},{"floor":23,"key":"Ginger"},{"floor":23,"key":"Dream Catcher"},{"floor":24,"key":"Blue Candle"},{"floor":24,"key":"The Specimen"},{"floor":25,"key":"Akabeko"},{"floor":25,"key":"HornCleat"},{"floor":26,"key":"Eternal Feather"},{"floor":27,"key":"Turnip"},{"floor":27,"key":"Lizard Tail"},{"floor":28,"key":"War Paint"},{"floor":28,"key":"InkBottle"},{"floor":31,"key":"Whetstone"},{"floor":31,"key":"Ancient Tea Set"},{"floor":32,"key":"Singing Bowl"},{"floor":40,"key":"Meat on the Bone"},{"floor":40,"key":"Potion Belt"},{"floor":41,"key":"CeramicFish"},{"floor":41,"key":"Bottled Flame"},{"floor":42,"key":"Unceasing Top"},{"floor":42,"key":"Paper Crane"},{"floor":43,"key":"Nunchaku"},{"floor":43,"key":"Pen Nib"},{"floor":44,"key":"Pear"},{"floor":44,"key":"Shuriken"},{"floor":47,"key":"Torii"},{"floor":47,"key":"Lantern"},{"floor":48,"key":"Tough Bandages"},{"floor":48,"key":"Toy Ornithopter"},{"floor":49,"key":"CaptainsWheel"},{"floor":55,"key":"Strawberry"},{"floor":55,"key":"Pantograph"}],"event_choices":[],"is_beta":false,"boss_relics":[{"not_picked":["Philosopher\u0027s Stone","SlaversCollar"],"picked":"Tiny House"},{"not_picked":["Cursed Key","Runic Dome"],"picked":"Busted Crown"}],"items_purged_floors":[],"is_endless":false,"potions_floor_spawned":[4,6,12,14,20,21,25,29,30,31,35,38,40,42],"ascension_level":20}}