{"host":"qwttrqaysb380yri","time":1609637543,"event":{"mods":["BaseMod","Custom Start","Minty Spire (QoL Compilation)","Permanent Neow","Puzzle Mod","Relic Stats","StSLib","The Hierophant"],"gold_per_floor":[118,130,205,217,217,245,245,76,76,76,86,112,123,136,136,210,210,229,154,173,191,191,4,34,46,46,46,71,106,121,139,139,211,211,231,85,85,85,85,85,110,110,110,129,160,175,201,251,251,251],"floor_reached":51,"playtime":1897,"items_purged":["Strike_G"],"score":1624,"play_id":"540707f9-7a3f-405b-8b12-5f377a46eca7","local_time":"20210103023223","is_ascension_mode":true,"campfire_choices":[{"data":"Neutralize","floor":7,"key":"SMITH"},{"data":"Acrobatics","floor":10,"key":"SMITH"},{"data":"1","floor":15,"key":"LIFT"},{"data":"Adrenaline","floor":27,"key":"SMITH"},{"data":"Burst","floor":32,"key":"SMITH"},{"data":"2","floor":40,"key":"LIFT"},{"data":"3","floor":42,"key":"LIFT"},{"data":"Blade Dance+1","floor":49,"key":"PURGE"}],"circlet_count":0,"master_deck":["AscendersBane","Strike_G","Strike_G","Strike_G","Strike_G","Defend_G","Defend_G","Defend_G","Defend_G","Survivor","Neutralize+1","Underhanded Strike","Quick Slash","All Out Attack","Acrobatics+1","Eviscerate","Slice","Terror","PiercingWail","Adrenaline+1","Phantasmal Killer","CurseOfTheBell","Outmaneuver+1","Dagger Throw","Escape Plan","Necronomicurse","Glass Knife+1","Burst+1","Prepared+1","Adrenaline+1","Trip","Apotheosis","Tactician","Dodge and Roll"],"relics":["Ring of the Snake","HornCleat","Darkstone Periapt","Lee\u0027s Waffle","Kunai","Girya","Calling Bell","Vajra","Meat on the Bone","Peace Pipe","Necronomicon","Mercury Hourglass","InkBottle","Molten Egg 2","Red Mask","Fusion Hammer","DollysMirror","Paper Crane","Pantograph","Juzu Bracelet"],"acts_visited":["Exordium","TheCity","TheBeyond"],"potions_floor_usage":[16,20,24,30,33,45],"damage_taken":[{"damage":2,"enemies":"Cultist","floor":1,"turns":4},{"damage":0,"enemies":"2 Louse","floor":2,"turns":3},{"damage":2,"enemies":"Jaw Worm","floor":4,"turns":3},{"damage":17,"enemies":"3 Sentries","floor":6,"turns":7},{"damage":0,"enemies":"Blue Slaver","floor":11,"turns":3},{"damage":19,"enemies":"Lagavulin","floor":12,"turns":7},{"damage":5,"enemies":"Looter","floor":13,"turns":2},{"damage":3,"enemies":"3 Louse","floor":14,"turns":4},{"damage":0,"enemies":"Slime Boss","floor":16,"turns":6},{"damage":19,"enemies":"3 Byrds","floor":18,"turns":5},{"damage":22,"enemies":"2 Thieves","floor":20,"turns":5},{"damage":18,"enemies":"Snecko","floor":21,"turns":4},{"damage":5,"enemies":"Book of Stabbing","floor":24,"turns":3},{"damage":10,"enemies":"Snake Plant","floor":25,"turns":3},{"damage":0,"enemies":"Slavers","floor":28,"turns":3},{"damage":0,"enemies":"Masked Bandits","floor":29,"turns":3},{"damage":0,"enemies":"Shelled Parasite and Fungi","floor":30,"turns":2},{"damage":5,"enemies":"Centurion and Healer","floor":31,"turns":4},{"damage":55,"enemies":"Automaton","floor":33,"turns":11},{"damage":0,"enemies":"3 Darklings","floor":35,"turns":2},{"damage":0,"enemies":"Giant Head","floor":41,"turns":2},{"damage":6,"enemies":"3 Shapes","floor":44,"turns":2},{"damage":3,"enemies":"Reptomancer","floor":45,"turns":4},{"damage":0,"enemies":"Transient","floor":46,"turns":5},{"damage":0,"enemies":"Nemesis","floor":47,"turns":3},{"damage":61,"enemies":"Time Eater","floor":50,"turns":4}],"seed_played":"1803895164199807661","potions_obtained":[{"floor":2,"key":"SpeedPotion"},{"floor":11,"key":"Regen Potion"},{"floor":13,"key":"CultistPotion"},{"floor":18,"key":"Ancient Potion"},{"floor":24,"key":"Fruit Juice"},{"floor":25,"key":"Energy Potion"},{"floor":30,"key":"FearPotion"},{"floor":35,"key":"FearPotion"},{"floor":41,"key":"PowerPotion"}],"is_trial":false,"path_per_floor":["M","M","?","M","?","E","R","$","T","R","M","E","M","M","R","B",null,"M","$","M","M","?","$","E","M","T","R","E","?","M","M","R","B",null,"M","$","?","?","?","R","E","R","T","M","E","M","E","?","R","B",null],"character_chosen":"THE_SILENT","items_purchased":["Lee\u0027s Waffle","Slice","Glass Knife","Fire Potion","DollysMirror"],"campfire_rested":0,"item_purchase_floors":[8,8,23,23,36],"current_hp_per_floor":[57,57,46,44,44,27,27,73,73,73,73,54,49,46,46,46,72,53,53,45,39,24,24,36,38,38,38,50,50,50,57,57,14,71,71,71,61,61,61,61,61,61,61,55,52,52,52,52,52,28],"gold":251,"neow_bonus":"THREE_CARDS","is_daily":false,"chose_seed":false,"campfire_upgraded":4,"win_rate":0.0,"timestamp":1609637543,"path_taken":["M","M","?","M","?","E","R","$","T","R","M","E","M","M","R","BOSS","M","$","M","M","?","$","E","M","T","R","E","?","M","M","R","BOSS","M","$","?","?","?","R","E","R","T","?","E","M","E","?","R","BOSS"],"items_purchased_type":["Relic","Card","Card","Potion","Relic"],"build_version":"2020-12-22","purchased_purges":1,"victory":true,"max_hp_per_floor":[66,66,66,66,66,66,66,73,73,73,73,73,73,73,73,73,79,79,79,79,79,85,85,90,90,90,90,90,90,90,90,90,90,90,90,90,90,90,90,90,90,90,90,90,90,90,90,90,90,90],"relic_stats":{"Darkstone Periapt":12,"Lee\u0027s Waffle":46,"counters":[26,104],"Juzu Bracelet":0,"Mercury Hourglass":[197],"Peace Pipe":1,"Pantograph":25,"Necronomicon":[22],"Kunai":[58],"obtain_stats":[{"Darkstone Periapt":6,"Girya":12,"Lee\u0027s Waffle":8,"Vajra":17,"Juzu Bracelet":47,"Paper Crane":43,"Mercury Hourglass":24,"Calling Bell":17,"Peace Pipe":17,"HornCleat":5,"DollysMirror":36,"Pantograph":45,"Molten Egg 2":28,"Fusion Hammer":34,"Necronomicon":22,"Red Mask":29,"Kunai":9,"InkBottle":26,"Ring of the Snake":0,"Meat on the Bone":17},{"Darkstone Periapt":4,"Girya":6,"Lee\u0027s Waffle":4,"Vajra":9,"Juzu Bracelet":25,"Paper Crane":21,"Mercury Hourglass":13,"Calling Bell":9,"Peace Pipe":9,"HornCleat":3,"DollysMirror":20,"Pantograph":23,"Molten Egg 2":15,"Fusion Hammer":19,"Necronomicon":12,"Red Mask":16,"Kunai":4,"InkBottle":14,"Ring of the Snake":0,"Meat on the Bone":9},{"Darkstone Periapt":17,"Girya":27,"Lee\u0027s Waffle":17,"Vajra":39,"Juzu Bracelet":100,"Paper Crane":86,"Mercury Hourglass":56,"Calling Bell":39,"Peace Pipe":39,"HornCleat":10,"DollysMirror":84,"Pantograph":92,"Molten Egg 2":62,"Fusion Hammer":82,"Necronomicon":53,"Red Mask":65,"Kunai":17,"InkBottle":59,"Ring of the Snake":0,"Meat on the Bone":39}],"InkBottle":[27],"Ring of the Snake":[52],"Meat on the Bone":84},"card_choices":[{"not_picked":["Escape Plan","Setup"],"picked":"Underhanded Strike","floor":0},{"not_picked":["PiercingWail","Sucker Punch"],"picked":"Quick Slash","floor":1},{"not_picked":["Underhanded Strike","Slice"],"picked":"All Out Attack","floor":2},{"not_picked":["Backflip","Prepared"],"picked":"Acrobatics","floor":4},{"not_picked":["Leg Sweep","Night Terror"],"picked":"Eviscerate","floor":6},{"not_picked":["Backflip","Flechettes","Bane"],"picked":"SKIP","floor":11},{"not_picked":["Choke","Deadly Poison"],"picked":"Terror","floor":12},{"not_picked":["Blur","Flechettes"],"picked":"PiercingWail","floor":13},{"not_picked":["Dodge and Roll","Deflect"],"picked":"Adrenaline","floor":14},{"not_picked":["Envenom","Wraith Form v2"],"picked":"Phantasmal Killer","floor":16},{"not_picked":["Blur","Backflip+1"],"picked":"Outmaneuver+1","floor":18},{"not_picked":["Deadly Poison","Riddle With Holes+1"],"picked":"Dagger Throw","floor":20},{"not_picked":["Flying Knee","Noxious Fumes"],"picked":"Escape Plan","floor":21},{"not_picked":["Acrobatics","Dagger Spray","Backflip"],"picked":"SKIP","floor":24},{"not_picked":["Poisoned Stab","Sucker Punch","Caltrops"],"picked":"SKIP","floor":25},{"not_picked":["Reflex","Acrobatics"],"picked":"Burst","floor":28},{"not_picked":["Bane+1","Catalyst"],"picked":"Prepared+1","floor":29},{"not_picked":["Eviscerate+1","Acrobatics"],"picked":"Blade Dance+1","floor":30},{"not_picked":["Prepared","Eviscerate+1","Underhanded Strike+1"],"picked":"SKIP","floor":31},{"not_picked":["Poisoned Stab+1","Backstab+1","Blade Dance"],"picked":"SKIP","floor":35},{"not_picked":["Thinking Ahead","Magnetism"],"picked":"Trip","floor":37},{"not_picked":["Discovery","Trip"],"picked":"Apotheosis","floor":37},{"not_picked":["Dagger Throw+1","Riddle With Holes+1","Eviscerate+1"],"picked":"SKIP","floor":41},{"not_picked":["Quick Slash+1","Cloak And Dagger","Sucker Punch+1"],"picked":"SKIP","floor":44},{"not_picked":["PiercingWail","Predator+1"],"picked":"Tactician","floor":45},{"not_picked":["Sucker Punch+1","Cloak And Dagger"],"picked":"Dodge and Roll","floor":46},{"not_picked":["Prepared","Predator+1","Backstab+1"],"picked":"SKIP","floor":47}],"player_experience":1980330,"relics_obtained":[{"floor":6,"key":"Darkstone Periapt"},{"floor":9,"key":"Kunai"},{"floor":12,"key":"Girya"},{"floor":17,"key":"Vajra"},{"floor":17,"key":"Meat on the Bone"},{"floor":17,"key":"Peace Pipe"},{"floor":22,"key":"Necronomicon"},{"floor":24,"key":"Mercury Hourglass"},{"floor":26,"key":"InkBottle"},{"floor":28,"key":"Molten Egg 2"},{"floor":29,"key":"Red Mask"},{"floor":43,"key":"Paper Crane"},{"floor":45,"key":"Pantograph"},{"floor":47,"key":"Juzu Bracelet"}],"event_choices":[{"damage_healed":0,"gold_gain":75,"player_choice":"Gather Gold","damage_taken":11,"max_hp_gain":0,"max_hp_loss":0,"event_name":"World of Goop","floor":3,"gold_loss":0},{"damage_healed":0,"gold_gain":0,"player_choice":"Gave Potion","damage_taken":0,"relics_obtained":["HornCleat"],"max_hp_gain":0,"max_hp_loss":0,"event_name":"WeMeetAgain","floor":5,"gold_loss":0},{"damage_healed":0,"gold_gain":0,"player_choice":"Obtained Book","damage_taken":21,"max_hp_gain":0,"max_hp_loss":0,"event_name":"Cursed Tome","floor":22,"gold_loss":0},{"damage_healed":0,"gold_gain":0,"player_choice":"Fought Bandits","damage_taken":0,"max_hp_gain":0,"max_hp_loss":0,"event_name":"Masked Bandits","floor":29,"gold_loss":0},{"damage_healed":0,"gold_gain":0,"player_choice":"Memory 3","damage_taken":10,"max_hp_gain":0,"max_hp_loss":0,"event_name":"SensoryStone","floor":37,"gold_loss":0},{"cards_removed":["Defend_G"],"damage_healed":0,"gold_gain":0,"player_choice":"Removed Skill","damage_taken":0,"max_hp_gain":0,"max_hp_loss":0,"event_name":"Falling","floor":38,"gold_loss":0},{"damage_healed":0,"gold_gain":0,"player_choice":"Upgraded","damage_taken":0,"max_hp_gain":0,"max_hp_loss":0,"event_name":"Upgrade Shrine","floor":39,"gold_loss":0,"cards_upgraded":["Glass Knife"]},{"damage_healed":0,"gold_gain":50,"player_choice":"Pray","damage_taken":0,"max_hp_gain":0,"max_hp_loss":0,"event_name":"Golden Shrine","floor":48,"gold_loss":0}],"is_beta":false,"boss_relics":[{"not_picked":["Ring of the Serpent","Empty Cage"],"picked":"Calling Bell"},{"not_picked":["Runic Dome","Tiny House"],"picked":"Fusion Hammer"}],"items_purged_floors":[19],"is_endless":false,"potions_floor_spawned":[2,11,13,14,18,24,25,28,30,35,41],"ascension_level":15}}