{"host":"bux1pdxjwq4dkad9","time":1609647431,"event":{"mods":["Arknights The Spire","BaseMod","Colored Map","Minty Spire (QoL Compilation)","Quick Restart","Spicy Shops","StSLib","SuperFastMode","°æ“≈ŒÔMod°øºÚµ•”Œœ∑"],"gold_per_floor":[119,119,119,134,145,145,145,170,194,212,247,247,277,277,277,373,373,385,385,400,417,432,459,472,499,499,534,534,547,572,585,585,680,680,690,710,246,256,267,296,296,329,329,359,359,359,376,409,409,409,409,409,0,33,33],"floor_reached":56,"playtime":2918,"items_purged":["ats:Defend","ats:Defend"],"score":2574,"play_id":"57414ede-047e-41e6-b90f-88a6966d9b96","local_time":"20210103121711","is_ascension_mode":true,"campfire_choices":[{"data":"ats:LN2 Cannon","floor":6,"key":"SMITH"},{"data":"ats:Shadow Assault","floor":15,"key":"SMITH"},{"data":"ats:Flexible Camouflage","floor":32,"key":"SMITH"},{"floor":41,"key":"RECALL"},{"data":"1","floor":46,"key":"LIFT"},{"data":"2","floor":49,"key":"LIFT"},{"data":"3","floor":52,"key":"LIFT"}],"circlet_count":0,"master_deck":["ats:Armor Crushing Shot+1","ats:Defend+1","ats:Emotion Absorption+1","ats:LN2 Cannon+1","ats:Shadow Assault+1","ats:Assault Order","ats:Flexible Camouflage+1","ats:Disruption Kick","ats:Shell Defense+1","ats:Encircling Forest+1","ats:Wolf Pack+1","ats:Steam Pump","Dramatic Entrance"],"relics":["ats:Sanity","ImprovedEquipment","Centennial Puzzle","ats:Originium","War Paint","ats:Berate","Vajra","Oddly Smooth Stone","Runic Dome","Gremlin Horn","Shovel","Orichalcum","MutagenicStrength","ats:Hidden Killer","Astrolabe","TheAbacus","ats:Bonebreaker","Happy Flower","Eternal Feather","Girya","Blue Candle","ats:Lavender","Lantern","ats:Arts","Du-Vu Doll"],"acts_visited":["Exordium","TheCity","TheBeyond","TheEnding"],"potions_floor_usage":[55],"damage_taken":[{"damage":0,"enemies":"2 Louse","floor":1,"turns":3},{"damage":0,"enemies":"Small Slimes","floor":4,"turns":3},{"damage":0,"enemies":"Cultist","floor":5,"turns":3},{"damage":0,"enemies":"3 Sentries","floor":8,"turns":2},{"damage":0,"enemies":"Looter","floor":10,"turns":2},{"damage":0,"enemies":"Lagavulin","floor":11,"turns":5},{"damage":0,"enemies":"Gremlin Nob","floor":13,"turns":3},{"damage":0,"enemies":"The Guardian","floor":16,"turns":5},{"damage":0,"enemies":"Shell Parasite","floor":18,"turns":3},{"damage":0,"enemies":"3 Byrds","floor":20,"turns":3},{"damage":0,"enemies":"Shelled Parasite and Fungi","floor":21,"turns":2},{"damage":0,"enemies":"3 Cultists","floor":22,"turns":2},{"damage":0,"enemies":"Slavers","floor":23,"turns":1},{"damage":0,"enemies":"Chosen and Byrds","floor":24,"turns":1},{"damage":0,"enemies":"Book of Stabbing","floor":25,"turns":2},{"damage":0,"enemies":"Gremlin Leader","floor":27,"turns":2},{"damage":0,"enemies":"Centurion and Healer","floor":29,"turns":2},{"damage":0,"enemies":"Slavers","floor":30,"turns":1},{"damage":0,"enemies":"Snake Plant","floor":31,"turns":2},{"damage":0,"enemies":"Champ","floor":33,"turns":2},{"damage":0,"enemies":"Orb Walker","floor":35,"turns":2},{"damage":0,"enemies":"3 Darklings","floor":36,"turns":2},{"damage":0,"enemies":"Sphere and 2 Shapes","floor":38,"turns":2},{"damage":0,"enemies":"Writhing Mass","floor":39,"turns":1},{"damage":0,"enemies":"Nemesis","floor":40,"turns":2},{"damage":0,"enemies":"Giant Head","floor":42,"turns":2},{"damage":0,"enemies":"Nemesis","floor":44,"turns":1},{"damage":0,"enemies":"Jaw Worm Horde","floor":47,"turns":1},{"damage":0,"enemies":"Giant Head","floor":48,"turns":2},{"damage":0,"enemies":"Awakened One","floor":50,"turns":4},{"damage":0,"enemies":"Shield and Spear","floor":54,"turns":2},{"damage":0,"enemies":"The Heart","floor":55,"turns":1}],"seed_played":"-2833316302104886993","potions_obtained":[{"floor":4,"key":"Block Potion"},{"floor":5,"key":"Explosive Potion"},{"floor":13,"key":"SpeedPotion"},{"floor":22,"key":"DistilledChaos"},{"floor":31,"key":"EntropicBrew"}],"is_trial":false,"path_per_floor":["M","?","?","M","M","R","?","E","T","M","E","?","E","?","R","B",null,"M","?","M","M","M","E","M","E","T","E","?","M","E","M","R","B",null,"M","M","$","M","M","E","R","E","T","E","?","R","M","E","R","B",null,"R","$","E","B",null],"character_chosen":"DOCTOR_CLASS","items_purchased":["TheAbacus","ats:Bonebreaker","Lantern","ats:Arts"],"campfire_rested":0,"item_purchase_floors":[37,37,53,53],"current_hp_per_floor":[65,70,67,67,67,67,67,67,67,67,67,67,67,60,60,60,73,73,73,73,73,73,73,73,73,73,73,73,73,73,73,73,73,76,76,76,76,76,76,76,76,76,76,76,76,77,77,77,77,77,77,77,77,77,77],"gold":33,"neow_bonus":"UPGRADE_CARD","is_daily":false,"chose_seed":false,"campfire_upgraded":3,"win_rate":0.0,"timestamp":1609647431,"path_taken":["M","?","?","M","M","R","?","E","T","?","E","?","E","?","R","BOSS","M","?","M","M","M","E","M","E","T","E","?","M","E","M","R","BOSS","M","M","$","M","M","E","R","E","T","E","?","R","M","E","R","BOSS","R","$","E","BOSS"],"items_purchased_type":["Relic","Relic","Relic","Relic"],"build_version":"2020-12-22","purchased_purges":2,"victory":true,"max_hp_per_floor":[72,77,77,77,77,77,77,77,77,77,77,77,77,77,77,77,77,77,77,77,77,77,77,77,77,77,77,77,77,77,77,77,77,77,77,77,77,77,77,77,77,77,77,77,77,77,77,77,77,77,77,77,77,77,77],"card_choices":[{"not_picked":["ats:Cat Scratch","ats:Revitalization","ats:Blood Oath"],"picked":"SKIP","floor":1},{"not_picked":["ats:Hammer On","ats:Powerful Strike"],"picked":"ats:LN2 Cannon","floor":4},{"not_picked":["ats:Shell Defense","ats:Childhood Dance","ats:Apocalypse"],"picked":"SKIP","floor":5},{"not_picked":["ats:Hammer On","ats:Explosion Area Strengthen","ats:Demon Strength"],"picked":"SKIP","floor":8},{"not_picked":["ats:Soul Absorption","ats:Rapid Magazine","ats:Revitalization"],"picked":"SKIP","floor":10},{"not_picked":["ats:Calcification","ats:Composite Medical Shells","ats:Closed Bolt Burst Fire"],"picked":"SKIP","floor":11},{"not_picked":["ats:Durian","ats:Powerful Strike","ats:Defend Order"],"picked":"SKIP","floor":13},{"not_picked":["ats:Durian","ats:Powerful Strike","ats:Defend Order"],"picked":"SKIP","floor":13},{"not_picked":["ats:Cat Scratch","ats:Magnetic Hammer+1","ats:Blood Oath"],"picked":"SKIP","floor":18},{"not_picked":["ats:Flexible Camouflage","ats:Defend Order"],"picked":"ats:Assault Order","floor":20},{"not_picked":["ats:Hammer On","ats:Rapid Magazine+1","ats:Shell Defense"],"picked":"SKIP","floor":21},{"not_picked":["ats:Childhood Dance","ats:Cat Scratch+1","ats:Song Of Battle+1"],"picked":"SKIP","floor":22},{"not_picked":["ats:Spore Proliferation","ats:Ignite+1","ats:Poison Spread"],"picked":"SKIP","floor":23},{"not_picked":["ats:LN2 Cannon","ats:Magnetic Hammer"],"picked":"ats:Flexible Camouflage","floor":24},{"not_picked":["ats:Defend Order","ats:Childhood Dance+1","ats:Dogmatic Field"],"picked":"SKIP","floor":25},{"not_picked":["ats:Revitalization","ats:Automatic Cover","ats:Powerful Strike"],"picked":"SKIP","floor":27},{"not_picked":["ats:Hammer On+1","ats:Guardian Obelisk+1","ats:Leaping Hammer"],"picked":"SKIP","floor":29},{"not_picked":["ats:Ambush","ats:Part Time Job","ats:Revitalization"],"picked":"SKIP","floor":30},{"not_picked":["ats:Cat Scratch","ats:Hammer On","ats:Neurotoxin+1"],"picked":"SKIP","floor":31},{"not_picked":["ats:Fractured Body","ats:Shadow Assault"],"picked":"ats:Disruption Kick","floor":33},{"not_picked":["ats:Sunburst+1","ats:Automatic Cover+1","ats:Defend Order"],"picked":"SKIP","floor":35},{"not_picked":["ats:Rapid Magazine","ats:Powerful Strike+1","ats:Explosion Area Strengthen+1"],"picked":"SKIP","floor":36},{"not_picked":["ats:Steam Pump+1","ats:Healing Drone+1","ats:Consecutive Shot Auto"],"picked":"SKIP","floor":38},{"not_picked":["ats:Soul Absorption+1","ats:Flexible Camouflage+1","ats:Flame Of Heaven"],"picked":"SKIP","floor":39},{"not_picked":["ats:Curse Doll+1","ats:Defend Order","ats:Consecutive Shot Auto"],"picked":"SKIP","floor":40},{"not_picked":["ats:Shadow Assault","ats:True Silver Slash","ats:Thermite Blade"],"picked":"SKIP","floor":42},{"not_picked":["ats:Demon Strength","ats:Support Order+1","ats:Steam Pump+1"],"picked":"SKIP","floor":44},{"not_picked":["ats:Healing Strengthening","ats:Red Shift+1","ats:Hammer On"],"picked":"SKIP","floor":47},{"not_picked":["ats:Assault Order","ats:Thermite Blade+1","ats:Poison Spread+1"],"picked":"SKIP","floor":48},{"not_picked":["ats:Assault Order+1","ats:Revitalization","ats:Childhood Dance"],"picked":"SKIP","floor":54}],"player_experience":2345813,"relics_obtained":[{"floor":8,"key":"ats:Originium"},{"floor":8,"key":"War Paint"},{"floor":9,"key":"ats:Berate"},{"floor":11,"key":"ats:Originium"},{"floor":11,"key":"Vajra"},{"floor":13,"key":"ats:Originium"},{"floor":13,"key":"Oddly Smooth Stone"},{"floor":23,"key":"Gremlin Horn"},{"floor":25,"key":"Shovel"},{"floor":27,"key":"Orichalcum"},{"floor":30,"key":"ats:Hidden Killer"},{"floor":40,"key":"Happy Flower"},{"floor":42,"key":"Eternal Feather"},{"floor":43,"key":"Girya"},{"floor":44,"key":"Blue Candle"},{"floor":48,"key":"ats:Lavender"},{"floor":54,"key":"Du-Vu Doll"}],"event_choices":[{"damage_healed":0,"gold_gain":0,"player_choice":"Donut","damage_taken":0,"max_hp_gain":5,"max_hp_loss":0,"event_name":"Big Fish","floor":2,"gold_loss":0},{"damage_healed":0,"gold_gain":0,"player_choice":"Success","damage_taken":3,"relics_obtained":["Centennial Puzzle"],"max_hp_gain":0,"max_hp_loss":0,"event_name":"Scrap Ooze","floor":3,"gold_loss":0},{"damage_healed":0,"gold_gain":0,"player_choice":"Upgraded","damage_taken":0,"max_hp_gain":0,"max_hp_loss":0,"event_name":"Upgrade Shrine","floor":7,"gold_loss":0,"cards_upgraded":["ats:Armor Crushing Shot"]},{"damage_healed":0,"gold_gain":0,"cards_transformed":["ats:Strike S"],"player_choice":"Change","damage_taken":0,"max_hp_gain":0,"max_hp_loss":0,"event_name":"Living Wall","floor":12,"gold_loss":0,"cards_obtained":["ats:Shadow Assault"]},{"cards_removed":["ats:Strike G"],"damage_healed":0,"gold_gain":0,"player_choice":"Card Removal","damage_taken":7,"max_hp_gain":0,"max_hp_loss":0,"event_name":"Golden Wing","floor":14,"gold_loss":0},{"damage_healed":0,"gold_gain":0,"player_choice":"Ignored","damage_taken":0,"max_hp_gain":0,"max_hp_loss":0,"event_name":"Ghosts","floor":19,"gold_loss":0},{"damage_healed":0,"gold_gain":0,"player_choice":"Inject Mutagens","damage_taken":0,"relics_obtained":["MutagenicStrength"],"max_hp_gain":0,"max_hp_loss":0,"event_name":"Drug Dealer","floor":28,"gold_loss":0},{"damage_healed":0,"gold_gain":0,"player_choice":"2 cards matched","damage_taken":0,"max_hp_gain":0,"max_hp_loss":0,"event_name":"Match and Keep!","floor":45,"gold_loss":0,"cards_obtained":["ats:Steam Pump","Dramatic Entrance"]}],"is_beta":false,"boss_relics":[{"not_picked":["Velvet Choker","Runic Pyramid"],"picked":"Runic Dome"},{"not_picked":["Pandora\u0027s Box","Busted Crown"],"picked":"Astrolabe"}],"items_purged_floors":[37,53],"is_endless":false,"potions_floor_spawned":[4,5,13,22,23,24,27,31,33,35,38,40,47,54],"ascension_level":7}}