{"host":"3popq6h3e9zwx3f8","time":1609646973,"event":{"mods":["BaseMod","Colored Map","Minty Spire (QoL Compilation)","Replay The Spire","StSLib","The Cursed","The IronCluck","The Marked","everything is the same but u backflip on backflip"],"gold_per_floor":[119,120,120,120,295,295,306,340,340,350,350,300,300,318,318,418,418,428,343,445,471,471,502,601,601,601],"floor_reached":25,"playtime":980,"items_purged":["CommonCold"],"score":305,"play_id":"43705cc0-abc9-4c1a-bf2b-61964b08bebe","local_time":"20210102200933","is_ascension_mode":true,"campfire_choices":[{"data":"Static Discharge","floor":6,"key":"SMITH"},{"data":"BasicCrystalCard","floor":11,"key":"SMITH"},{"data":"Eruption","floor":15,"key":"SMITH"}],"circlet_count":0,"master_deck":["Strike_B","Strike_B","Strike_B","Strike_B","Defend_B","Defend_B","Defend_B","Defend_B","Static Discharge+1","Storm+1","Vigilance","Eruption+1","BasicCrystalCard+1","Regret","Leap","Reboot","Panic Button","White Noise","Fission","Rebound","Consume"],"relics":["Cracked Core","NeowsBlessing","ReplayTheSpireMod:CursedCoin","Art of War","Mercury Hourglass","Replay:Antivirus Software","Honey Jar","Eternal Feather","Boot","Bag of Marbles"],"acts_visited":["Exordium","TheCity"],"potions_floor_usage":[23,23],"damage_taken":[{"damage":0,"enemies":"Small Slimes","floor":1,"turns":1},{"damage":0,"enemies":"2 Louse","floor":7,"turns":1},{"damage":0,"enemies":"Gremlin Nob","floor":8,"turns":1},{"damage":1,"enemies":"Jaw Worm","floor":10,"turns":3},{"damage":9,"enemies":"Blue Slaver","floor":14,"turns":3},{"damage":4,"enemies":"Slime Boss","floor":16,"turns":7},{"damage":19,"enemies":"Spheric Guardian","floor":18,"turns":3},{"damage":23,"enemies":"Gremlin Leader","floor":23,"turns":4},{"damage":3,"enemies":"3 Byrds","floor":25,"turns":1}],"seed_played":"-5075809803000050417","potions_obtained":[{"floor":1,"key":"Toxic Potion"},{"floor":7,"key":"Languid Potion"},{"floor":10,"key":"DistilledChaos"},{"floor":14,"key":"FocusPotion"}],"is_trial":false,"path_per_floor":["M","$","?","?","?","R","M","E","T","M","R","?","?","M","R","B",null,"M","?","?","T","?","E","?","M"],"character_chosen":"DEFECT","items_purchased":["ReplayTheSpireMod:CursedCoin","Storm"],"campfire_rested":0,"item_purchase_floors":[2,2],"current_hp_per_floor":[75,75,75,75,75,75,75,75,75,74,74,74,74,65,65,61,75,56,56,26,26,26,3,3,0,0],"gold":601,"neow_bonus":"THREE_ENEMY_KILL","is_daily":false,"chose_seed":false,"campfire_upgraded":3,"win_rate":0.0,"timestamp":1609646973,"path_taken":["M","$","?","?","?","R","M","E","T","?","R","?","?","M","R","BOSS","M","?","?","?","?","E","?","M"],"items_purchased_type":["Relic","Card"],"build_version":"2020-12-22","purchased_purges":1,"victory":false,"max_hp_per_floor":[75,75,75,75,75,75,75,75,75,75,75,75,75,75,75,75,75,75,75,75,75,75,75,75,75,75],"card_choices":[{"not_picked":["ReplayTheSpireMod:Calculation Training","Beam Cell"],"picked":"Static Discharge","floor":1},{"not_picked":["Go for the Eyes","Hologram","Turbo"],"picked":"SKIP","floor":7},{"not_picked":["Sunder","Glacier","Stack"],"picked":"SKIP","floor":8},{"not_picked":["Conserve Battery","Chaos"],"picked":"BasicCrystalCard","floor":10},{"not_picked":["Coolheaded","Chaos"],"picked":"Leap","floor":14},{"not_picked":["Hyperbeam","Meteor Strike"],"picked":"Reboot","floor":16},{"not_picked":["Go for the Eyes+1","Leap","Streamline"],"picked":"Panic Button","floor":18},{"not_picked":["Rebound","Sweeping Beam+1","Steam Power"],"picked":"White Noise","floor":20},{"not_picked":["Sweeping Beam","Hologram","Lockon"],"picked":"Fission","floor":20},{"not_picked":["Stack","Panic Button","Darkness"],"picked":"Rebound","floor":20},{"not_picked":["Redo","ReplayTheSpireMod:GoodbyeWorld","ReplayGash"],"picked":"Consume","floor":23}],"player_experience":374680,"relics_obtained":[{"floor":8,"key":"Art of War"},{"floor":9,"key":"Mercury Hourglass"},{"floor":21,"key":"Boot"},{"floor":23,"key":"Bag of Marbles"}],"event_choices":[{"damage_healed":0,"gold_gain":0,"player_choice":"Grow","damage_taken":0,"max_hp_gain":0,"max_hp_loss":0,"event_name":"Living Wall","floor":3,"gold_loss":0,"cards_upgraded":["Storm"]},{"damage_healed":0,"gold_gain":175,"player_choice":"AGREE","damage_taken":0,"max_hp_gain":0,"max_hp_loss":0,"event_name":"Liars Game","floor":5,"gold_loss":0,"cards_obtained":["Doubt"]},{"cards_removed":["Doubt"],"damage_healed":0,"gold_gain":0,"player_choice":"Card Removal","damage_taken":0,"max_hp_gain":0,"max_hp_loss":0,"event_name":"The Cleric","floor":12,"gold_loss":50},{"damage_healed":0,"gold_gain":0,"player_choice":"Box","damage_taken":0,"relics_obtained":["Replay:Antivirus Software"],"max_hp_gain":0,"max_hp_loss":0,"event_name":"Big Fish","floor":13,"gold_loss":0,"cards_obtained":["Regret"]},{"damage_healed":0,"gold_gain":0,"player_choice":"Obtained Relic","damage_taken":0,"relics_obtained":["Eternal Feather"],"max_hp_gain":0,"max_hp_loss":0,"event_name":"Addict","floor":19,"gold_loss":85},{"damage_healed":0,"gold_gain":99,"player_choice":"Stole From Cult","damage_taken":0,"max_hp_gain":0,"max_hp_loss":0,"event_name":"Nest","floor":24,"gold_loss":0}],"is_beta":false,"boss_relics":[{"not_picked":["Runic Pyramid","SacredBark"],"picked":"Honey Jar"}],"items_purged_floors":[2],"is_endless":false,"potions_floor_spawned":[1,7,10,14],"killed_by":"3 Byrds","ascension_level":1}}