{"host":"y89x8uui45kcjy42","time":1609685390,"event":{"mods":["2.2 Compatiblity","BaseMod","CapriCore","Colored Map","Colored Powertips","Custom Start","Friendly Minions","Keyboard Shortcuts","Minty Spire (QoL Compilation)","Relic Stats","Slay the Relics Exporter","StSLib","SuperFastMode"],"gold_per_floor":[368,21,40,50,50,78,97,130,130,130,145,145,178,190,190,268,268,284,302,319,319,319],"floor_reached":21,"playtime":563,"items_purged":["Strike_P"],"score":506,"play_id":"426b53b0-0460-4549-84d3-34bd7798cd9a","local_time":"20210103234950","is_ascension_mode":true,"campfire_choices":[{"data":"Eruption","floor":12,"key":"SMITH"},{"data":"Adaptation","floor":15,"key":"SMITH"}],"circlet_count":0,"master_deck":["AscendersBane","Strike_P","Strike_P","Defend_P","Defend_P+1","Eruption+1","Vigilance","Vengeance+1","CrushJoints","Consecrate","Ragnarok","TalkToTheHand","EmptyFist","MentalFortress","Adaptation+1","Tantrum+1","Pray+1","LikeWater+1"],"relics":["PureWater","Membership Card","Bag of Marbles","Unceasing Top","War Paint","Pear","Astrolabe"],"acts_visited":["Exordium","TheCity"],"potions_floor_usage":[6,13,16,16,19,21],"damage_taken":[{"damage":0,"enemies":"2 Louse","floor":1,"turns":3},{"damage":0,"enemies":"Small Slimes","floor":3,"turns":2},{"damage":0,"enemies":"Cultist","floor":4,"turns":2},{"damage":0,"enemies":"Lagavulin","floor":6,"turns":3},{"damage":4,"enemies":"Looter","floor":7,"turns":3},{"damage":7,"enemies":"Gremlin Nob","floor":8,"turns":3},{"damage":9,"enemies":"Red Slaver","floor":11,"turns":2},{"damage":0,"enemies":"3 Sentries","floor":13,"turns":2},{"damage":0,"enemies":"Large Slime","floor":14,"turns":3},{"damage":24,"enemies":"The Guardian","floor":16,"turns":9},{"damage":4,"enemies":"Chosen","floor":18,"turns":3},{"damage":30,"enemies":"3 Byrds","floor":19,"turns":4},{"damage":24,"enemies":"Centurion and Healer","floor":20,"turns":4},{"damage":22,"enemies":"Chosen and Byrds","floor":21,"turns":2}],"seed_played":"7789808315581507261","potions_obtained":[{"floor":3,"key":"FearPotion"},{"floor":6,"key":"SpeedPotion"},{"floor":7,"key":"AttackPotion"},{"floor":14,"key":"CultistPotion"},{"floor":18,"key":"DuplicationPotion"},{"floor":20,"key":"PowerPotion"}],"is_trial":false,"path_per_floor":["M","$","M","M","?","E","M","E","T","?","M","R","E","M","R","B",null,"M","M","M","M"],"character_chosen":"WATCHER","items_purchased":["Membership Card","Bag of Marbles","Vengeance","CrushJoints"],"campfire_rested":0,"item_purchase_floors":[2,2,2,2],"current_hp_per_floor":[43,43,43,43,48,48,44,37,37,37,28,28,38,38,38,14,66,62,32,8,0,0],"gold":319,"neow_bonus":"TWO_FIFTY_GOLD","is_daily":false,"chose_seed":false,"campfire_upgraded":2,"win_rate":0.0,"timestamp":1609685390,"path_taken":["M","$","M","M","?","E","M","E","T","?","M","R","E","M","R","BOSS","M","M","M","M"],"items_purchased_type":["Relic","Relic","Card","Card"],"build_version":"2020-12-22","purchased_purges":1,"victory":false,"max_hp_per_floor":[68,68,68,68,73,73,73,73,73,73,73,73,83,83,83,83,83,83,83,83,83,83],"relic_stats":{"counters":[14,45],"Astrolabe":["Tantrum","Pray","LikeWater"],"War Paint":["Vengeance","Defend_P"],"obtain_stats":[{"Pear":13,"Astrolabe":17,"Bag of Marbles":2,"Membership Card":2,"PureWater":0,"War Paint":8,"Unceasing Top":6},{"Pear":8,"Astrolabe":10,"Bag of Marbles":1,"Membership Card":1,"PureWater":0,"War Paint":6,"Unceasing Top":4},{"Pear":20,"Astrolabe":32,"Bag of Marbles":3,"Membership Card":3,"PureWater":0,"War Paint":16,"Unceasing Top":10}],"Unceasing Top":[1]},"card_choices":[{"not_picked":["SashWhip","Perseverance","BowlingBash"],"picked":"SKIP","floor":1},{"not_picked":["WaveOfTheHand","ClearTheMind"],"picked":"Consecrate","floor":3},{"not_picked":["JustLucky","EmptyMind"],"picked":"Ragnarok","floor":4},{"not_picked":["Blasphemy","Protect"],"picked":"TalkToTheHand","floor":6},{"not_picked":["Swivel","ForeignInfluence"],"picked":"EmptyFist","floor":7},{"not_picked":["Collect","EmptyMind"],"picked":"MentalFortress","floor":8},{"not_picked":["Wallop","BowlingBash","SandsOfTime"],"picked":"SKIP","floor":11},{"not_picked":["Protect","WreathOfFlame"],"picked":"Adaptation","floor":13},{"not_picked":["BattleHymn","Prostrate","JustLucky"],"picked":"SKIP","floor":14},{"not_picked":["SashWhip","WaveOfTheHand","FollowUp"],"picked":"SKIP","floor":18},{"not_picked":["JustLucky","Evaluate","Vengeance"],"picked":"SKIP","floor":19},{"not_picked":["FlurryOfBlows","Protect","Crescendo"],"picked":"SKIP","floor":20}],"player_experience":552539,"relics_obtained":[{"floor":6,"key":"Unceasing Top"},{"floor":8,"key":"War Paint"},{"floor":13,"key":"Pear"}],"event_choices":[{"damage_healed":0,"gold_gain":0,"player_choice":"Donut","damage_taken":0,"max_hp_gain":5,"max_hp_loss":0,"event_name":"Big Fish","floor":5,"gold_loss":0},{"damage_healed":0,"gold_gain":0,"player_choice":"Ignored","damage_taken":0,"max_hp_gain":0,"max_hp_loss":0,"event_name":"Liars Game","floor":10,"gold_loss":0}],"is_beta":false,"boss_relics":[{"not_picked":["Fusion Hammer","HolyWater"],"picked":"Astrolabe"}],"items_purged_floors":[2],"is_endless":false,"potions_floor_spawned":[3,6,7,14,18,20],"killed_by":"Chosen and Byrds","ascension_level":20}}