{"host":"nqsrckqog5ia9mbo","time":1609683933,"event":{"mods":["AchievementEnabler","BaseMod","Colored Map","Highlight Path","Minty Spire (QoL Compilation)"],"gold_per_floor":[109,109,121,137,64,92,92,42,67,80,108,27,3,28,40,153,165,160,18,28,28,46,46,77,95,95,95,194,194,194,209,209,309,309,326,326,326],"floor_reached":36,"playtime":1747,"items_purged":[],"score":553,"play_id":"06ae83cc-e55b-4943-98bb-bee4465046e2","local_time":"20210103152533","is_ascension_mode":true,"campfire_choices":[{"data":"Demon Form","floor":7.0,"key":"SMITH"},{"floor":15.0,"key":"REST"},{"data":"Barricade","floor":23.0,"key":"SMITH"},{"data":"Armaments","floor":27,"key":"SMITH"},{"data":"Flex","floor":30,"key":"SMITH"},{"floor":32,"key":"REST"}],"circlet_count":0,"master_deck":["Strike_R","Strike_R","Strike_R","Strike_R","Defend_R","Defend_R","Defend_R","Bash","Metallicize","Demon Form+1","Clash","Armaments+1","Rage","Ghostly Armor","Headbutt","Pommel Strike","Whirlwind","Double Tap","Barricade+1","Flex+1","Ghostly Armor+1"],"relics":["Burning Blood","NeowsBlessing","Orichalcum","Toy Ornithopter","Strawberry","MawBank","Busted Crown","Vajra","Nunchaku","Centennial Puzzle","Meat on the Bone","Black Star"],"acts_visited":["Exordium","TheCity","TheBeyond"],"potions_floor_usage":[33],"damage_taken":[{"damage":0.0,"enemies":"Jaw Worm","floor":1.0,"turns":1.0},{"damage":0.0,"enemies":"Cultist","floor":3.0,"turns":1.0},{"damage":0.0,"enemies":"2 Louse","floor":4.0,"turns":1.0},{"damage":39.0,"enemies":"Gremlin Nob","floor":6.0,"turns":5.0},{"damage":0.0,"enemies":"Looter","floor":10.0,"turns":4.0},{"damage":22.0,"enemies":"Lagavulin","floor":11.0,"turns":9.0},{"damage":21.0,"enemies":"Gremlin Nob","floor":14.0,"turns":5.0},{"damage":12.0,"enemies":"The Guardian","floor":16.0,"turns":8.0},{"damage":20.0,"enemies":"2 Thieves","floor":18.0,"turns":4.0},{"damage":17.0,"enemies":"Spheric Guardian","floor":20.0,"turns":5.0},{"damage":13.0,"enemies":"Chosen and Byrds","floor":22.0,"turns":8.0},{"damage":0.0,"enemies":"Slavers","floor":24.0,"turns":1.0},{"damage":26,"enemies":"Sentry and Sphere","floor":25,"turns":6},{"damage":11,"enemies":"Centurion and Healer","floor":31,"turns":4},{"damage":55,"enemies":"Automaton","floor":33,"turns":8},{"damage":44,"enemies":"3 Shapes","floor":35,"turns":1},{"damage":54,"enemies":"2 Orb Walkers","floor":36,"turns":3}],"seed_played":"9204216566928841979","potions_obtained":[{"floor":3.0,"key":"PowerPotion"},{"floor":4.0,"key":"BloodPotion"},{"floor":6.0,"key":"DuplicationPotion"},{"floor":11.0,"key":"DistilledChaos"},{"floor":18.0,"key":"SpeedPotion"},{"floor":25,"key":"DistilledChaos"},{"floor":33,"key":"GamblersBrew"}],"is_trial":false,"path_per_floor":["M","?","M","M","$","E","R","?","T","M","E","$","?","E","R","B",null,"M","$","M","$","M","R","E","M","T","R","?","?","R","M","R","B",null,"M","?"],"character_chosen":"IRONCLAD","items_purchased":["Rage","Whirlwind","Vajra"],"campfire_rested":2,"item_purchase_floors":[5,12,19],"current_hp_per_floor":[78,78,80,80,80,47,47,47,47,53,44,44,44,29,55,54,79,65,65,54,54,47,47,58,38,38,38,38,38,38,45,71,56,79,53,0,0],"gold":326,"neow_bonus":"THREE_ENEMY_KILL","is_daily":false,"chose_seed":false,"campfire_upgraded":4,"win_rate":0.0,"timestamp":1609683933,"path_taken":["M","?","?","M","$","E","R","?","T","M","E","$","?","E","R","BOSS","M","$","M","$","M","R","E","M","T","R","?","?","R","M","R","BOSS","M","?"],"items_purchased_type":["Card","Card","Relic"],"build_version":"2020-12-22","purchased_purges":0,"victory":false,"max_hp_per_floor":[80,80,80,80,80,80,80,80,80,80,87,87,87,87,87,87,87,87,87,87,87,87,87,87,87,87,87,87,87,87,87,87,87,87,87,87,87],"card_choices":[{"not_picked":["Headbutt","Anger"],"picked":"Metallicize","floor":1.0},{"not_picked":["Combust","Second Wind"],"picked":"Clash","floor":3.0},{"not_picked":["Headbutt","Dual Wield"],"picked":"Armaments","floor":4.0},{"not_picked":["Demon Form","Power Through"],"picked":"Ghostly Armor","floor":6.0},{"not_picked":["Twin Strike","Rupture"],"picked":"Headbutt","floor":10.0},{"not_picked":["Anger","Armaments"],"picked":"Pommel Strike","floor":11.0},{"not_picked":["Twin Strike","Clothesline"],"picked":"Double Tap","floor":14.0},{"not_picked":["Exhume","Double Tap"],"picked":"Barricade","floor":16.0},{"not_picked":["Wild Strike"],"picked":"SKIP","floor":18.0},{"not_picked":["True Grit"],"picked":"SKIP","floor":20.0},{"not_picked":[],"picked":"Flex","floor":22.0},{"not_picked":["Clash"],"picked":"SKIP","floor":24.0},{"not_picked":["Pommel Strike"],"picked":"SKIP","floor":25},{"not_picked":["Iron Wave"],"picked":"SKIP","floor":31},{"not_picked":[],"picked":"Ghostly Armor+1","floor":35}],"player_experience":106475,"relics_obtained":[{"floor":6.0,"key":"Orichalcum"},{"floor":9.0,"key":"Toy Ornithopter"},{"floor":11.0,"key":"Strawberry"},{"floor":14.0,"key":"MawBank"},{"floor":24.0,"key":"Nunchaku"},{"floor":26,"key":"Centennial Puzzle"}],"event_choices":[{"damage_healed":0.0,"max_hp_gain":0.0,"max_hp_loss":0.0,"gold_gain":0.0,"cards_transformed":["Strike_R"],"event_name":"Transmorgrifier","player_choice":"Transformed","floor":2.0,"gold_loss":0.0,"damage_taken":0.0,"cards_obtained":["Demon Form"]},{"cards_removed":["Defend_R"],"damage_healed":0.0,"max_hp_gain":0.0,"max_hp_loss":0.0,"gold_gain":0.0,"event_name":"The Cleric","player_choice":"Card Removal","floor":8.0,"gold_loss":50.0,"damage_taken":0.0},{"damage_healed":0.0,"max_hp_gain":0.0,"max_hp_loss":0.0,"gold_gain":0.0,"event_name":"World of Goop","player_choice":"Left Gold","floor":13.0,"gold_loss":24.0,"damage_taken":0.0},{"damage_healed":0,"gold_gain":99,"player_choice":"Stole From Cult","damage_taken":0,"max_hp_gain":0,"max_hp_loss":0,"event_name":"Nest","floor":28,"gold_loss":0},{"damage_healed":0,"gold_gain":0,"player_choice":"Opened","damage_taken":0,"relics_obtained":["Meat on the Bone"],"max_hp_gain":0,"max_hp_loss":0,"event_name":"The Mausoleum","floor":29,"gold_loss":0},{"damage_healed":0,"gold_gain":0,"player_choice":"Fight","damage_taken":0,"max_hp_gain":0,"max_hp_loss":0,"event_name":"Mysterious Sphere","floor":36,"gold_loss":0}],"is_beta":false,"boss_relics":[{"not_picked":["Fusion Hammer","Cursed Key"],"picked":"Busted Crown"},{"not_picked":["Astrolabe","Black Blood"],"picked":"Black Star"}],"items_purged_floors":[],"is_endless":false,"potions_floor_spawned":[3,4,6,11,18,25,33],"killed_by":"2 Orb Walkers","ascension_level":6}}