{"host":"a2lvm7nbw6nkrc91","time":1609659867,"event":{"mods":["BaseMod","Friendly Minions","Hermit","Kiyohime£¨?ýï£©","Koishi","Marisa£¨Ùöéë¡¡Øª×âÞÞ£©","Minty Spire (QoL Compilation)","Prisma Mod","Replay The Spire","StSLib","Td1madao Mod","The Bug Knight","The Dragon Tamer"],"gold_per_floor":[114,126,49,60,72,87,106,134,134,24,24,24,44,56,56,157,157,175,175,189,206,71,71,90,90,140,140,140,140],"floor_reached":28,"playtime":996,"items_purged":["hermit:Defend_Hermit"],"score":224,"play_id":"a71c6f70-4f0f-4f9a-b991-2a34cd4996e6","local_time":"20210103164427","is_ascension_mode":false,"campfire_choices":[{"floor":11,"key":"REST"},{"floor":15,"key":"REST"},{"floor":23,"key":"REST"},{"data":"hermit:Maintenance","floor":25,"key":"SMITH"}],"circlet_count":0,"master_deck":["hermit:Strike_Hermit","hermit:Strike_Hermit","hermit:Strike_Hermit","hermit:Defend_Hermit","hermit:Defend_Hermit","hermit:Defend_Hermit","hermit:Snapshot","hermit:Covet","Clumsy","hermit:HighNoon","hermit:SprayPray","hermit:Manifest","hermit:Grudge","hermit:Quickdraw","hermit:GoldenBullet","hermit:Headshot","hermit:Showdown","hermit:Determination","hermit:CursedWeapon","hermit:Maintenance+1","hermit:Dissolve","hermit:ShadowCloak","hermit:Showdown","hermit:Malice","hermit:Gambit","hermit:Roulette+1","Madness"],"relics":["hermit:Momento","Du-Vu Doll","Garlic","Replay:Bronze Core","Replay:Baseball"],"acts_visited":["Exordium","TheCity"],"potions_floor_usage":[7,8,16,28],"damage_taken":[{"damage":3.0,"enemies":"Cultist","floor":1.0,"turns":5.0},{"damage":4.0,"enemies":"2 Louse","floor":2.0,"turns":3.0},{"damage":2.0,"enemies":"Jaw Worm","floor":4.0,"turns":3.0},{"damage":31.0,"enemies":"Exordium Thugs","floor":5.0,"turns":6.0},{"damage":10.0,"enemies":"3 Louse","floor":6.0,"turns":4.0},{"damage":0,"enemies":"Red Slaver","floor":7,"turns":1},{"damage":16,"enemies":"Gremlin Nob","floor":8,"turns":4},{"damage":8,"enemies":"Gremlin Gang","floor":13,"turns":3},{"damage":0,"enemies":"3 Louse","floor":14,"turns":1},{"damage":30,"enemies":"Fading Forest","floor":16,"turns":11},{"damage":2,"enemies":"Chosen","floor":18,"turns":3},{"damage":32,"enemies":"Cultist and Chosen","floor":20,"turns":6},{"damage":20,"enemies":"Snecko","floor":21,"turns":5},{"damage":12,"enemies":"Chosen and Byrds","floor":24,"turns":6},{"damage":13,"enemies":"Cultist and Chosen","floor":28,"turns":3}],"seed_played":"-1581839696322300296","potions_obtained":[{"floor":1.0,"key":"Energy Potion"},{"floor":7,"key":"ColorlessPotion"},{"floor":13,"key":"LiquidMemories"},{"floor":14,"key":"Energy Potion"},{"floor":21,"key":"Strength Potion"}],"is_trial":false,"path_per_floor":["M","M","$","M","M","M","M","E","T","$","R","?","M","M","R","B",null,"M","?","M","M","$","R","M","R","T","?","M"],"character_chosen":"HERMIT","items_purchased":["hermit:Grudge","hermit:Determination","hermit:Gambit"],"campfire_rested":3,"item_purchase_floors":[3,10,22],"current_hp_per_floor":[72,68,68,66,35,25,25,9,9,9,31,31,23,23,45,25,75,73,66,34,14,14,36,24,24,24,12,0,0],"gold":140,"neow_bonus":"THREE_RARE_CARDS","is_daily":false,"chose_seed":false,"campfire_upgraded":1,"win_rate":0.0,"timestamp":1609659867,"path_taken":["M","?","$","M","M","M","M","E","T","$","R","?","M","?","R","BOSS","M","?","M","M","?","R","?","R","T","?","?"],"items_purchased_type":["Card","Card","Card"],"build_version":"2020-12-22","purchased_purges":1,"victory":false,"max_hp_per_floor":[75,75,75,75,75,75,75,75,75,75,75,75,75,75,75,75,75,75,75,75,75,75,75,75,75,75,75,75,75],"card_choices":[{"not_picked":["hermit:EternalForm","hermit:Purgatory"],"picked":"hermit:HighNoon","floor":0.0},{"not_picked":["hermit:Misfire","hermit:Coalescence"],"picked":"hermit:SprayPray","floor":1.0},{"not_picked":["hermit:Glare","hermit:Feint"],"picked":"hermit:Manifest","floor":2.0},{"not_picked":["hermit:Gestalt","hermit:ItchyTrigger","hermit:CalledShot"],"picked":"SKIP","floor":4.0},{"not_picked":["hermit:BodyArmor","hermit:Feint"],"picked":"hermit:Quickdraw","floor":5.0},{"not_picked":["hermit:Brawl","hermit:Enervate"],"picked":"hermit:GoldenBullet","floor":6.0},{"not_picked":["hermit:DeadMansHand","hermit:FullyLoaded"],"picked":"hermit:Headshot","floor":7},{"not_picked":["hermit:Manifest","hermit:Dissolve"],"picked":"hermit:Showdown","floor":8},{"not_picked":["hermit:BodyArmor","hermit:FullyLoaded"],"picked":"hermit:CursedWeapon","floor":13},{"not_picked":["hermit:WideOpen","hermit:Quickdraw"],"picked":"hermit:Maintenance","floor":14},{"not_picked":["hermit:EternalForm","hermit:DeadOrAlive"],"picked":"hermit:Dissolve","floor":16},{"not_picked":["hermit:Headshot","hermit:Grudge"],"picked":"hermit:ShadowCloak","floor":18},{"not_picked":["hermit:TrackingShot","hermit:Headshot"],"picked":"hermit:Showdown","floor":20},{"not_picked":["hermit:Spite+1","hermit:Coalescence"],"picked":"hermit:Malice","floor":21},{"not_picked":["hermit:ItchyTrigger","hermit:BigShot"],"picked":"hermit:Roulette+1","floor":24}],"player_experience":519985,"relics_obtained":[{"floor":8,"key":"Du-Vu Doll"},{"floor":9,"key":"Garlic"},{"floor":26,"key":"Replay:Baseball"}],"event_choices":[{"cards_removed":["hermit:Strike_Hermit"],"damage_healed":0,"gold_gain":0,"player_choice":"Offered Basic","damage_taken":0,"max_hp_gain":0,"max_hp_loss":0,"event_name":"Bonfire Elementals","floor":12,"gold_loss":0},{"damage_healed":0,"gold_gain":0,"player_choice":"Damaged","damage_taken":7,"max_hp_gain":0,"max_hp_loss":0,"event_name":"Wheel of Change","floor":19,"gold_loss":0},{"damage_healed":0,"gold_gain":0,"player_choice":"CARD ","damage_taken":12,"max_hp_gain":0,"max_hp_loss":0,"event_name":"Knowing Skull","floor":27,"potions_obtained":[],"gold_loss":0,"cards_obtained":["Madness"]}],"is_beta":false,"boss_relics":[{"not_picked":["Cursed Key","Velvet Choker"],"picked":"Replay:Bronze Core"}],"items_purged_floors":[10],"is_endless":false,"potions_floor_spawned":[1,7,13,14,21],"killed_by":"Cultist and Chosen","ascension_level":0}}