{"host":"jq407lwglpuhdg18","time":1609703639,"event":{"mods":["Act Like it!","Arknights The Spire","Aspiration","BaseMod","Bestiary","Better Altar","Better Match","Better Note","Better Sensory Stone","Better Skull","Better Vampires","BetterRewards","Dota2Spire","Downfall","Energized Spire","Evolution","Friendly Minions","GifTheSpireLib","GungeonMod","Hallownest","Hermit","Highlight Path","Hubris","Infinite Spire","Menagerie","Minty Spire (QoL Compilation)","Permanent Neow","Relic Stats","Replay The Spire","Robot Space Explorer","Shade Mod","Shop Mod","StSLib","Stuff the Spire","The Blackbeard","The Bug Knight","The Caster","The Death Knight","The Factory","The Forsaken","The Hierophant","The Judge","The Marked","The Necromancer","TheWitcher","Wandering Minibosses"],"gold_per_floor":[116,116,116,128,74,101,111,140,140,167,210,210,228,288,288,422,422,347,347],"floor_reached":18,"playtime":2772,"items_purged":[],"score":215,"play_id":"ca012923-f197-46ea-8d60-5342c72cb4e2","local_time":"20210103135359","daily_mods":["Heirloom","DeadlyEvents","Elite Swarm"],"is_ascension_mode":false,"campfire_choices":[{"data":"Shade:LichForm","floor":12,"key":"SMITH"},{"data":"Shade:OpenGraves","floor":15,"key":"SMITH"}],"circlet_count":0,"master_deck":["Shade:Strike_Shade","Shade:Strike_Shade","Shade:Strike_Shade","Shade:Strike_Shade","Shade:Defend_Shade","Shade:Defend_Shade","Shade:Defend_Shade","Shade:Defend_Shade","Shade:AnimateDead","Shade:CarefulCut","Shade:FleshToFlesh+1","Shade:Trample","Shade:FingerOfDeath","Shade:LichForm+1","Shade:FuneraryJewels","Shade:LichForm","Shade:LichForm","Shade:Bite_Shade","Shade:OpenGraves+1","Shade:Coordination","Shade:Putrefaction"],"relics":["Shade:YorickSkull","EVO:Axolotl","Mango","Replay:Accelerometer","hubris:BottledRain","DemoMod:GundromedaStrain","Potion Belt","Dota2Spire:HandOfMidas","hubris:64BitClover"],"acts_visited":["Exordium","TheCity"],"potions_floor_usage":[10,10],"damage_taken":[{"damage":4,"enemies":"Cultist","floor":1,"turns":4},{"damage":0,"enemies":"Small Slimes","floor":4,"turns":3},{"damage":19,"enemies":"Lagavulin","floor":6,"turns":9},{"damage":0,"enemies":"2 Louse","floor":7,"turns":2},{"damage":0,"enemies":"Replay:BlueRogue","floor":8,"turns":5},{"damage":3,"enemies":"3 Sentries","floor":10,"turns":5},{"damage":2,"enemies":"Exordium Thugs","floor":11,"turns":3},{"damage":0,"enemies":"2 Fungi Beasts","floor":13,"turns":2},{"damage":3,"enemies":"HollowMod:MossKnight","floor":14,"turns":6},{"damage":4,"enemies":"Fading Forest","floor":16,"turns":10},{"damage":9,"enemies":"2 Thieves","floor":18,"turns":5}],"seed_played":"-596223508703850812","potions_obtained":[{"floor":4,"key":"Energy Potion"},{"floor":8,"key":"Reflective Coating"},{"floor":10,"key":"Dexterity Potion"},{"floor":14,"key":"Toxic Potion"},{"floor":16,"key":"SteroidPotion"}],"is_trial":true,"path_per_floor":["M","T","?","M","$","E","M","E","T","E","M","R","M","E","R","B",null,"M"],"character_chosen":"SHADE","items_purchased":["Shade:FingerOfDeath"],"campfire_rested":0,"item_purchase_floors":[5],"current_hp_per_floor":[75,75,75,75,75,56,56,56,56,53,51,51,53,52,52,64,79,71,71],"gold":347,"neow_bonus":"","is_daily":false,"chose_seed":false,"campfire_upgraded":2,"win_rate":0.0,"timestamp":1609703639,"path_taken":["M","?","?","M","$","E","M","E","T","E","M","R","M","E","R","BOSS","M"],"items_purchased_type":["Card"],"build_version":"2020-12-22","purchased_purges":0,"victory":false,"max_hp_per_floor":[79,79,79,79,79,79,79,79,79,79,79,79,79,79,79,79,79,79,79],"relic_stats":{"counters":[11,54],"obtain_stats":[{"Potion Belt":9,"Replay:Accelerometer":2,"Dota2Spire:HandOfMidas":10,"DemoMod:GundromedaStrain":8,"Shade:YorickSkull":0,"hubris:64BitClover":14,"Mango":0,"DemoMod:GlassGuonStoneRelic":6,"EVO:Axolotl":0,"hubris:BottledRain":6},{"Potion Belt":5,"Replay:Accelerometer":1,"Dota2Spire:HandOfMidas":6,"DemoMod:GundromedaStrain":5,"Shade:YorickSkull":0,"hubris:64BitClover":9,"Mango":0,"DemoMod:GlassGuonStoneRelic":3,"EVO:Axolotl":0,"hubris:BottledRain":3},{"Potion Belt":23,"Replay:Accelerometer":4,"Dota2Spire:HandOfMidas":28,"DemoMod:GundromedaStrain":23,"Shade:YorickSkull":0,"hubris:64BitClover":39,"Mango":0,"DemoMod:GlassGuonStoneRelic":16,"EVO:Axolotl":0,"hubris:BottledRain":16}]},"card_choices":[{"not_picked":["Shade:Haruspicy","Shade:GreyBargain"],"picked":"Shade:FleshToFlesh","floor":1},{"not_picked":["Shade:Brains","Shade:GreyBargain"],"picked":"Shade:Trample","floor":4},{"not_picked":["Shade:SelfBurial","Shade:DarkOfNight"],"picked":"Shade:LichForm","floor":6},{"not_picked":["Shade:PoundOfFlesh","Shade:Asphyxiate"],"picked":"Shade:FuneraryJewels","floor":7},{"not_picked":["Shade:OminousRitual","Shade:DarkOfNight"],"picked":"Shade:LichForm","floor":8},{"not_picked":["Shade:OminousRitual","Shade:Consume"],"picked":"Shade:LichForm","floor":10},{"not_picked":["Shade:CommandSoldier","Shade:GraveStillness"],"picked":"Shade:Bite_Shade","floor":11},{"not_picked":["Shade:Trample","Shade:Excise"],"picked":"Shade:OpenGraves","floor":13},{"not_picked":["Shade:LastGasp","Shade:OneIsEnough"],"picked":"Shade:Coordination","floor":14},{"not_picked":["Shade:LoseControl","Shade:Consume"],"picked":"Shade:Putrefaction","floor":16}],"player_experience":24014,"relics_obtained":[{"floor":2,"key":"Replay:Accelerometer"},{"floor":6,"key":"hubris:BottledRain"},{"floor":8,"key":"DemoMod:GundromedaStrain"},{"floor":9,"key":"Potion Belt"},{"floor":10,"key":"Dota2Spire:HandOfMidas"},{"floor":14,"key":"hubris:64BitClover"}],"event_choices":[],"is_beta":false,"boss_relics":[{"not_picked":["hubris:VirtuousBlindfold","Astrolabe","energizedSpire:StickyHand"]}],"items_purged_floors":[],"is_endless":false,"potions_floor_spawned":[4,8,10,14,16],"killed_by":"2 Thieves","ascension_level":0}}