{"host":"w3q5ijqu8eoknil3","time":1609654018,"event":{"mods":["AchievementEnabler","BaseMod","Block Reminder","Colored Powertips","Minty Spire (QoL Compilation)","Quick Restart","Relic Stats","ojb\u0027s Better Paths Mod","ojb\u0027s Info Mod","slay the spire mod where everything is the same but ironclad has a cowboy hat"],"gold_per_floor":[119,139,155,29,29,29,61,72,98,125,50,125,139,150,150,226,226,240,80,107,123,48,112,112,112,112,139,39,39,70,92,92,92,92],"floor_reached":33,"playtime":1128,"items_purged":["Strike_R","Strike_R"],"score":640,"play_id":"2c5f11b9-9a5a-451d-85b5-843fdbec69eb","local_time":"20210103060658","is_ascension_mode":true,"campfire_choices":[{"data":"Whirlwind","floor":6,"key":"SMITH"},{"data":"Disarm","floor":15,"key":"SMITH"},{"data":"Armaments","floor":29,"key":"SMITH"},{"data":"Metallicize","floor":32,"key":"SMITH"}],"circlet_count":0,"master_deck":["AscendersBane","Defend_R","Defend_R","Defend_R","Defend_R","Bash","Disarm","Shockwave","Carnage","Metallicize+1","Whirlwind+1","True Grit","Pommel Strike","Hemokinesis","Iron Wave","Rampage","Carnage","Armaments+1","Disarm+1","Feel No Pain","Power Through","Berserk","Battle Trance+1","Intimidate","Havoc","Double Tap","Metallicize","Headbutt"],"relics":["Burning Blood","Prayer Wheel","Strawberry","Orichalcum","Blood Vial","Coffee Dripper","Happy Flower","Red Mask","CeramicFish","Champion Belt","Regal Pillow"],"acts_visited":["Exordium","TheCity"],"potions_floor_usage":[7,8,13,23,30,30],"damage_taken":[{"damage":7,"enemies":"Cultist","floor":1,"turns":4},{"damage":18,"enemies":"Small Slimes","floor":2,"turns":4},{"damage":5,"enemies":"Jaw Worm","floor":3,"turns":4},{"damage":28,"enemies":"3 Sentries","floor":7,"turns":7},{"damage":5,"enemies":"Looter","floor":8,"turns":2},{"damage":2,"enemies":"Gremlin Nob","floor":10,"turns":3},{"damage":1,"enemies":"Blue Slaver","floor":13,"turns":3},{"damage":0,"enemies":"3 Louse","floor":14,"turns":1},{"damage":6,"enemies":"Hexaghost","floor":16,"turns":13},{"damage":14,"enemies":"Shell Parasite","floor":18,"turns":5},{"damage":17,"enemies":"Masked Bandits","floor":20,"turns":5},{"damage":9,"enemies":"3 Byrds","floor":21,"turns":5},{"damage":18,"enemies":"Gremlin Leader","floor":23,"turns":7},{"damage":3,"enemies":"Cultist and Chosen","floor":27,"turns":7},{"damage":15,"enemies":"Slavers","floor":30,"turns":3},{"damage":15,"enemies":"Shelled Parasite and Fungi","floor":31,"turns":7},{"damage":14,"enemies":"Automaton","floor":33,"turns":2}],"seed_played":"-4220601384782215374","potions_obtained":[{"floor":3,"key":"Fire Potion"},{"floor":7,"key":"BlessingOfTheForge"},{"floor":10,"key":"EssenceOfSteel"},{"floor":14,"key":"ColorlessPotion"},{"floor":21,"key":"ColorlessPotion"},{"floor":27,"key":"LiquidMemories"}],"is_trial":false,"path_per_floor":["M","M","M","$","?","R","E","M","T","E","?","?","M","M","R","B",null,"M","$","?","M","?","E","?","?","T","M","$","R","E","M","R","B"],"character_chosen":"IRONCLAD","items_purchased":["Pommel Strike","Happy Flower"],"campfire_rested":0,"item_purchase_floors":[4,19],"current_hp_per_floor":[49,37,38,38,38,38,23,24,24,28,28,17,24,32,32,34,70,64,64,55,54,54,44,44,20,20,25,25,25,18,11,11,0,0],"gold":92,"neow_bonus":"ONE_RARE_RELIC","is_daily":false,"chose_seed":false,"campfire_upgraded":4,"win_rate":0.0,"timestamp":1609654018,"path_taken":["M","M","M","?","?","R","E","?","T","E","?","?","M","M","R","BOSS","M","$","?","M","?","E","?","?","T","M","?","R","E","?","R","BOSS"],"items_purchased_type":["Card","Relic"],"build_version":"2020-12-22","purchased_purges":2,"victory":false,"max_hp_per_floor":[75,75,75,75,75,75,82,82,82,82,82,82,82,82,82,82,82,82,82,82,82,82,82,82,87,87,87,87,87,87,87,87,87,87],"relic_stats":{"Blood Vial":22,"Regal Pillow":0,"Happy Flower":[12],"counters":[17,82],"CeramicFish":27,"Prayer Wheel":10,"Champion Belt":[4],"Orichalcum":[138],"obtain_stats":[{"Blood Vial":10,"Regal Pillow":30,"Happy Flower":19,"Strawberry":7,"CeramicFish":23,"Prayer Wheel":0,"Coffee Dripper":17,"Red Mask":20,"Champion Belt":26,"Orichalcum":9,"Burning Blood":0},{"Blood Vial":6,"Regal Pillow":15,"Happy Flower":10,"Strawberry":4,"CeramicFish":13,"Prayer Wheel":0,"Coffee Dripper":9,"Red Mask":11,"Champion Belt":13,"Orichalcum":5,"Burning Blood":0},{"Blood Vial":24,"Regal Pillow":73,"Happy Flower":46,"Strawberry":19,"CeramicFish":63,"Prayer Wheel":0,"Coffee Dripper":41,"Red Mask":51,"Champion Belt":63,"Orichalcum":21,"Burning Blood":0}],"Burning Blood":96},"card_choices":[{"not_picked":["Anger","Iron Wave"],"picked":"Disarm","floor":1},{"not_picked":["Thunderclap","Flex"],"picked":"Shockwave","floor":1},{"not_picked":["Hemokinesis","Shrug It Off"],"picked":"Carnage","floor":2},{"not_picked":["Warcry","Dual Wield"],"picked":"Metallicize","floor":2},{"not_picked":["Sword Boomerang","Pommel Strike"],"picked":"Whirlwind","floor":3},{"not_picked":["Thunderclap","Entrench"],"picked":"True Grit","floor":3},{"not_picked":["Perfected Strike","Infernal Blade"],"picked":"Hemokinesis","floor":7},{"not_picked":["Bloodletting","Heavy Blade"],"picked":"Iron Wave","floor":8},{"not_picked":["Havoc","Seeing Red"],"picked":"Rampage","floor":8},{"not_picked":["Shockwave","Sentinel"],"picked":"Carnage","floor":10},{"not_picked":["Hemokinesis","Thunderclap"],"picked":"Armaments","floor":13},{"not_picked":["Havoc","Perfected Strike"],"picked":"Disarm","floor":13},{"not_picked":["Shrug It Off","Perfected Strike"],"picked":"Feel No Pain","floor":14},{"not_picked":["Headbutt","Exhume"],"picked":"Power Through","floor":14},{"not_picked":["Immolate","Brutality"],"picked":"Berserk","floor":16},{"not_picked":["Anger","Sentinel"],"picked":"Battle Trance+1","floor":18},{"not_picked":["Perfected Strike","Pummel"],"picked":"Intimidate","floor":18},{"not_picked":["Fire Breathing","Warcry"],"picked":"Havoc","floor":20},{"not_picked":["Iron Wave","Burning Pact","Heavy Blade+1"],"picked":"SKIP","floor":21},{"not_picked":["Twin Strike","Body Slam","Clothesline"],"picked":"SKIP","floor":21},{"not_picked":["Seeing Red","Clothesline"],"picked":"Double Tap","floor":23},{"not_picked":["Wild Strike","Body Slam"],"picked":"Metallicize","floor":27},{"not_picked":["Pommel Strike","Pummel","Twin Strike"],"picked":"SKIP","floor":27},{"not_picked":["Fire Breathing","Body Slam","Anger"],"picked":"SKIP","floor":30},{"not_picked":["Pummel","True Grit"],"picked":"Headbutt","floor":31},{"not_picked":["Limit Break","Pommel Strike","Warcry"],"picked":"SKIP","floor":31}],"player_experience":979592,"relics_obtained":[{"floor":7,"key":"Strawberry"},{"floor":9,"key":"Orichalcum"},{"floor":10,"key":"Blood Vial"},{"floor":20,"key":"Red Mask"},{"floor":23,"key":"CeramicFish"},{"floor":26,"key":"Champion Belt"},{"floor":30,"key":"Regal Pillow"}],"event_choices":[{"cards_removed":["Strike_R"],"damage_healed":0,"gold_gain":0,"player_choice":"Offered Basic","damage_taken":0,"max_hp_gain":0,"max_hp_loss":0,"event_name":"Bonfire Elementals","floor":5,"gold_loss":0},{"cards_removed":["Strike_R"],"damage_healed":0,"gold_gain":0,"player_choice":"Card Removal","damage_taken":0,"max_hp_gain":0,"max_hp_loss":0,"event_name":"The Cleric","floor":11,"gold_loss":75},{"damage_healed":0,"gold_gain":75,"player_choice":"Gather Gold","damage_taken":11,"max_hp_gain":0,"max_hp_loss":0,"event_name":"World of Goop","floor":12,"gold_loss":0},{"damage_healed":0,"gold_gain":0,"player_choice":"Fought Bandits","damage_taken":0,"max_hp_gain":0,"max_hp_loss":0,"event_name":"Masked Bandits","floor":20,"gold_loss":0},{"cards_removed":["Strike_R"],"damage_healed":0,"gold_gain":0,"player_choice":"Gave Gold","damage_taken":0,"max_hp_gain":0,"max_hp_loss":0,"event_name":"Beggar","floor":22,"gold_loss":75},{"damage_healed":0,"gold_gain":0,"player_choice":"Ignored","damage_taken":0,"max_hp_gain":0,"max_hp_loss":0,"event_name":"Vampires","floor":24,"gold_loss":0},{"damage_healed":0,"gold_gain":0,"player_choice":"Shed Blood","damage_taken":29,"max_hp_gain":5,"max_hp_loss":0,"event_name":"Forgotten Altar","floor":25,"gold_loss":0}],"is_beta":false,"boss_relics":[{"not_picked":["Runic Dome","Empty Cage"],"picked":"Coffee Dripper"}],"items_purged_floors":[4,28],"is_endless":false,"potions_floor_spawned":[3,7,10,14,21,27],"killed_by":"Automaton","ascension_level":20}}