{"host":"7trwizmysqu3yl6m","time":1609713724,"event":{"mods":["Act Like it!","BaseMod","Hallownest","Minty Spire (QoL Compilation)","StSLib","The Animator","The Bug Knight","The Kombatant"],"gold_per_floor":[116,116,127,139,151,179,0,0,0,0,19,19,19,32,32,137,187,204,204,221,221,221],"floor_reached":21,"playtime":1882,"items_purged":[],"score":206,"play_id":"9da913ff-db96-4154-b062-1d826fb071d1","local_time":"20210103234204","is_ascension_mode":false,"campfire_choices":[{"data":"HollowMod:SoulSplash","floor":8,"key":"SMITH"},{"data":"HollowMod:SoulEater","floor":15,"key":"SMITH"}],"circlet_count":0,"master_deck":["HollowMod:NailStrikeStart","HollowMod:NailStrikeStart","HollowMod:NailStrikeStart","HollowMod:FocusHealStart","HollowMod:PogoStrike","HollowMod:SoulEater+1","HollowMod:NewLittleFool","HollowMod:QuirrelsAssistance","HollowMod:SoulSplash+1","HollowMod:SoulVessel+1","HollowMod:BaldurShell","Hallownest:skillLeafShield","Hallownest:skillLeafShield","Hallownest:skillLeafShield","Hallownest:skillLeafShield","Hallownest:skillLeafShield","HollowMod:GoodIntentions","HollowMod:theNailsmith","HollowMod:MantisMark","HollowMod:VengefulSpirit","HollowMod:SoulStrike+1"],"relics":["HollowMod:VesselMask","NeowsBlessing","Mummified Hand","Toy Ornithopter","Kunai","Hallownest:DreamNailRelic","Tiny House"],"acts_visited":["Exordium","Hallownest:Greenpath"],"potions_floor_usage":[16,18,21,21],"damage_taken":[{"damage":3,"enemies":"Hallownest:2_Tiktiks_and_1_Crawlid","floor":1,"turns":1},{"damage":0,"enemies":"2_ Uuma","floor":3,"turns":1},{"damage":0,"enemies":"Hallownest:2_MossCreeps","floor":4,"turns":1},{"damage":43,"enemies":"Hallownest:Guard_and_Warrior","floor":5,"turns":9},{"damage":23,"enemies":"Hallownest:eliteMossKnight","floor":6,"turns":6},{"damage":0,"enemies":"Hallownest:monsterMossCharger","floor":11,"turns":7},{"damage":1,"enemies":"Hallownest:Wandering_and_Horned","floor":14,"turns":6},{"damage":40,"enemies":"Hallownest:BossBrokenVessel","floor":16,"turns":13},{"damage":47,"enemies":"Hallownest:3_Youths","floor":18,"turns":9},{"damage":38,"enemies":"Hallownest:Guard_and_Sentry","floor":20,"turns":8},{"damage":64,"enemies":"Hallownest:2_Flukemon","floor":21,"turns":8}],"seed_played":"-1577678310184200479","potions_obtained":[{"floor":1,"key":"LiquidMemories"},{"floor":6,"key":"PowerPotion"},{"floor":17,"key":"SpeedPotion"},{"floor":20,"key":"Regen Potion"}],"is_trial":false,"path_per_floor":["M","?","M","M","M","E","?","R","T","T","M","?","?","M","R","B",null,"M","?","M","M"],"character_chosen":"THE_BUGKNIGHT","items_purchased":[],"campfire_rested":0,"item_purchase_floors":[],"current_hp_per_floor":[72,62,62,62,31,18,18,18,18,18,24,24,24,33,33,10,80,50,50,24,0,0],"gold":221,"neow_bonus":"THREE_ENEMY_KILL","is_daily":false,"chose_seed":false,"campfire_upgraded":2,"win_rate":0.0,"timestamp":1609713724,"path_taken":["M","?","?","M","M","E","?","R","T","?","?","?","?","M","R","BOSS","M","?","?","M"],"items_purchased_type":[],"build_version":"2020-12-22","purchased_purges":0,"victory":false,"max_hp_per_floor":[75,75,75,75,75,75,75,75,75,75,75,75,75,75,75,75,80,80,80,80,80,80],"card_choices":[{"not_picked":["HollowMod:MantisMark","HollowMod:NewJinnsSoul"],"picked":"HollowMod:SoulEater","floor":1},{"not_picked":["HollowMod:MothsMistake","HollowMod:SiblingsShadow"],"picked":"HollowMod:NewLittleFool","floor":3},{"not_picked":["HollowMod:NewGlowingWomb","HollowMod:BaldurShell"],"picked":"HollowMod:QuirrelsAssistance","floor":4},{"not_picked":["HollowMod:MothsMistake","HollowMod:AbyssShriek"],"picked":"HollowMod:SoulSplash","floor":5},{"not_picked":["HollowMod:theNailsmith","HollowMod:ChannelNail"],"picked":"HollowMod:SoulVessel","floor":6},{"not_picked":["HollowMod:SoulStrike","HollowMod:Grubsong"],"picked":"HollowMod:BaldurShell","floor":11},{"not_picked":["HollowMod:MonarchWings","HollowMod:DescendingDark"],"picked":"HollowMod:GoodIntentions","floor":14},{"not_picked":["HollowMod:ElderbugsWisdom","HollowMod:ZotesMagnificence"],"picked":"HollowMod:theNailsmith","floor":16},{"not_picked":["HollowMod:InfectedAttack","HollowMod:SoulEater"],"picked":"HollowMod:MantisMark","floor":17},{"not_picked":["HollowMod:FastStrike","HollowMod:MawleksShell"],"picked":"HollowMod:VengefulSpirit","floor":18},{"not_picked":["HollowMod:NewJinnsSoul","HollowMod:DescendingDark"],"picked":"HollowMod:SoulStrike+1","floor":20}],"player_experience":379626,"relics_obtained":[{"floor":6,"key":"Mummified Hand"},{"floor":9,"key":"Kunai"}],"event_choices":[],"is_beta":false,"boss_relics":[{"not_picked":["Fusion Hammer","Calling Bell"],"picked":"Tiny House"}],"items_purged_floors":[],"is_endless":false,"potions_floor_spawned":[1,6,20],"killed_by":"Hallownest:2_Flukemon","ascension_level":0}}