{"host":"na09lpbrez4gbfiz","time":1609705048,"event":{"mods":["Act Like it!","BaseMod","BetterRewards","Colored Map","Colored Powertips","DeckTracker","Googly Eyes","Highlight Path","Minty Spire (QoL Compilation)","Quick Restart","Spicy Shops","StSLib","SuperFastMode","Synergy Search"],"gold_per_floor":[366,366,384,397,137,137,162,162,216,216,235,135,135,172,184,316,328,356,368,380,410,422,434,446,446],"floor_reached":24,"playtime":492,"items_purged":["Doubt","Injury"],"score":283,"play_id":"b2abbf23-149f-4666-bf9f-82a047959406","local_time":"20210103211728","is_ascension_mode":true,"campfire_choices":[{"data":"True Grit","floor":6,"key":"SMITH"},{"data":"Inflame","floor":8,"key":"SMITH"},{"data":"Hemokinesis","floor":10,"key":"SMITH"},{"floor":15,"key":"REST"},{"data":"Demon Form","floor":23,"key":"SMITH"}],"circlet_count":0,"master_deck":["Strike_R","Strike_R","Strike_R","Strike_R","Defend_R","Defend_R","Defend_R","Defend_R","Bash","Uppercut","True Grit+1","Hemokinesis+1","Inflame+1","Bloodletting","Regret","Demon Form+1","CurseOfTheBell","Metallicize","Inflame"],"relics":["Burning Blood","Bloody Idol","Turnip","Bag of Marbles","MawBank","Calling Bell","Red Skull","Gremlin Horn","WingedGreaves"],"acts_visited":["Exordium","TheCity"],"potions_floor_usage":[16,24],"damage_taken":[{"damage":3,"enemies":"Small Slimes","floor":1,"turns":5},{"damage":2,"enemies":"2 Louse","floor":3,"turns":4},{"damage":3,"enemies":"Jaw Worm","floor":4,"turns":4},{"damage":14,"enemies":"Red Slaver","floor":7,"turns":3},{"damage":13,"enemies":"Looter","floor":11,"turns":2},{"damage":9,"enemies":"2 Fungi Beasts","floor":14,"turns":4},{"damage":8,"enemies":"Slime Boss","floor":16,"turns":6},{"damage":32,"enemies":"2 Thieves","floor":18,"turns":4},{"damage":13,"enemies":"Chosen","floor":21,"turns":3},{"damage":65,"enemies":"Slavers","floor":24,"turns":3}],"seed_played":"7646969708564101744","potions_obtained":[{"floor":3,"key":"Weak Potion"},{"floor":11,"key":"DistilledChaos"}],"is_trial":false,"path_per_floor":["M","?","M","M","$","R","M","R","T","R","M","$","?","M","R","B",null,"M","?","?","M","?","R","E"],"character_chosen":"IRONCLAD","items_purchased":["Turnip","Inflame"],"campfire_rested":1,"item_purchase_floors":[5,5],"current_hp_per_floor":[59,59,63,66,66,66,58,58,58,58,51,51,51,48,72,70,80,54,54,54,47,47,52,0,0],"gold":446,"neow_bonus":"TWO_FIFTY_GOLD","is_daily":false,"chose_seed":false,"campfire_upgraded":4,"win_rate":0.0,"timestamp":1609705048,"path_taken":["M","?","M","M","$","R","M","R","T","R","M","$","?","M","R","BOSS","M","?","?","?","?","R","E"],"items_purchased_type":["Relic","Card"],"build_version":"2020-12-22","purchased_purges":2,"victory":false,"max_hp_per_floor":[80,80,80,80,80,80,80,80,80,80,80,80,80,80,80,80,80,80,80,80,80,80,80,80,80],"card_choices":[{"not_picked":["Perfected Strike","Heavy Blade"],"picked":"Uppercut","floor":1},{"not_picked":["Iron Wave","Infernal Blade"],"picked":"True Grit","floor":3},{"not_picked":["Clash","Bloodletting"],"picked":"Hemokinesis","floor":4},{"not_picked":["Heavy Blade","Wild Strike"],"picked":"Bloodletting","floor":7},{"not_picked":["Feed","Clothesline","Intimidate"],"picked":"SKIP","floor":11},{"not_picked":["Clothesline","Pommel Strike","Bloodletting"],"picked":"SKIP","floor":14},{"not_picked":["Exhume","Immolate"],"picked":"Demon Form","floor":16},{"not_picked":["Perfected Strike","Body Slam"],"picked":"Metallicize","floor":18},{"not_picked":["Warcry","Body Slam","Iron Wave"],"picked":"SKIP","floor":21}],"player_experience":146686,"relics_obtained":[{"floor":9,"key":"Bag of Marbles"},{"floor":17,"key":"Red Skull"},{"floor":17,"key":"Gremlin Horn"},{"floor":17,"key":"WingedGreaves"}],"event_choices":[{"damage_healed":0,"gold_gain":0,"player_choice":"Take Wound","damage_taken":0,"relics_obtained":["Golden Idol"],"max_hp_gain":0,"max_hp_loss":0,"event_name":"Golden Idol","floor":2,"gold_loss":0,"cards_obtained":["Injury"]},{"damage_healed":0,"gold_gain":0,"player_choice":"Box","damage_taken":0,"relics_obtained":["MawBank"],"max_hp_gain":0,"max_hp_loss":0,"event_name":"Big Fish","floor":13,"gold_loss":0,"cards_obtained":["Regret"]},{"damage_healed":0,"gold_gain":0,"player_choice":"Ignored","damage_taken":0,"max_hp_gain":0,"max_hp_loss":0,"event_name":"Ghosts","floor":19,"gold_loss":0},{"damage_healed":0,"gold_gain":0,"cards_transformed":["Strike_R"],"player_choice":"Transformed","damage_taken":0,"max_hp_gain":0,"max_hp_loss":0,"event_name":"Transmorgrifier","floor":20,"gold_loss":0,"cards_obtained":["Inflame"]},{"damage_healed":0,"gold_gain":0,"player_choice":"Gave Idol","damage_taken":0,"relics_obtained":["Bloody Idol"],"max_hp_gain":0,"max_hp_loss":0,"event_name":"Forgotten Altar","floor":22,"relics_lost":["Golden Idol"],"gold_loss":0}],"is_beta":false,"boss_relics":[{"not_picked":["Cursed Key","Black Star"],"picked":"Calling Bell"}],"items_purged_floors":[5,12],"is_endless":false,"potions_floor_spawned":[3,11],"killed_by":"Slavers","ascension_level":4}}