{"host":"gzrx8rm2nhta4pjr","time":1609663316,"event":{"mods":["2.2 Compatiblity","Act Like it!","AlwaysNeverKeys","BaseMod","Better Altar","Better Sensory Stone","Better Silent Start","Block Reminder","Curses Come First","Defuse TimeMaze Blight","Disable Question Mark Monsters","Emptier Cage","GifTheSpireLib","Infinite Spire","Marked Mod","Minty Spire (QoL Compilation)","Potionbrewer","Rare Cards Sparkle","Remove Card Discount Mod","Reorder Act Four","SCP261 Mod","Shop Mod","StSLib","Stuff the Spire","Swap Starting Deck Mod","The Bug Knight","The Senshi","The Servant 0.9.4","Transform Curses"],"gold_per_floor":[115,126,126,126,126,153,163,191,240,259,276,311,39,39,39,140,140,160,160,175,14,31,62,62,87,87,102,112,387,401,419,419,521,521,533,533,543,561,575,604,604,624,624,624,674,699,699,750,750,851,851,861,936,943,958,234,259,259,17,92,114,123,128,46,75,75,164,164,175,175,188,188,198,198,198,214,214,214,226,237,237,249,249,333,333,345,345,345,360,49,65,65,83,161,205,210,226,272,277,277,350,350,359,359,377,395,172,172,201,219,219,227,227,227,227,236,236,326,326,344,356,66,66,66,90,90,97,97,101,101,108,108,129,129,208,208,211,211,1210,1206,1206,1206,1248,825,848,871,880,880,904,902,902,947,947,557,557,573,632],"floor_reached":158,"playtime":6866,"items_purged":["Regret","Normality"],"score":4710,"play_id":"23b0e856-62ed-401d-a157-27193fdc26a5","local_time":"20210103034156","is_ascension_mode":true,"campfire_choices":[{"floor":15.0,"key":"REST"},{"data":"infinitespire:Execution","floor":24.0,"key":"SMITH"},{"floor":32.0,"key":"REST"},{"data":"StuffTheSpire:BrainWave","floor":41,"key":"SMITH"},{"floor":44,"key":"REST"},{"floor":49,"key":"REST"},{"data":"infinitespire:Oblivion","floor":58,"key":"SMITH"},{"data":"infinitespire:OneForAll","floor":66,"key":"SMITH"},{"data":"StuffTheSpire:Ambrosia","floor":74,"key":"SMITH"},{"data":"Berserk","floor":83,"key":"SMITH"},{"data":"StuffTheSpire:CopiaOfFamine","floor":92,"key":"SMITH"},{"data":"infinitespire:FutureSight","floor":100,"key":"SMITH"},{"data":"Apotheosis","floor":108,"key":"SMITH"},{"data":"StuffTheSpire:FreeRealEstate","floor":114,"key":"SMITH"},{"data":"StuffTheSpire:Resist","floor":117,"key":"SMITH"},{"data":"Searing Blow","floor":126,"key":"SMITH"},{"data":"Searing Blow+1","floor":132,"key":"SMITH"},{"data":"Searing Blow+2","floor":134,"key":"SMITH"},{"data":"Searing Blow+3","floor":142,"key":"SMITH"},{"data":"Searing Blow+4","floor":148,"key":"SMITH"},{"data":"Searing Blow+5","floor":151,"key":"SMITH"},{"data":"Searing Blow+6","floor":155,"key":"SMITH"}],"circlet_count":0,"master_deck":["Bash","Searing Blow+7","Thunderclap","Spot Weakness","Hemokinesis","infinitespire:OneForAll+1","Twin Strike","Pummel","Berserk+1","Trip","Bludgeon","Immolate","True Grit","True Grit","Metallicize","Armaments","Reaper","Intimidate","Armaments+1","Heavy Blade","Second Wind","infinitespire:Execution+1","Sword Boomerang","StuffTheSpire:Incineration","Body Slam","Rage","Twin Strike","Demon Form","Entrench","StuffTheSpire:Incineration+1","Exhume","Twin Strike","StuffTheSpire:BrainWave+1","StuffTheSpire:Pyroclast+1","Whirlwind","Fire Breathing","StuffTheSpire:Incineration+1","Sword Boomerang+1","Fiend Fire","Immolate","infinitespire:Oblivion+1","StuffTheSpire:Resist+1","Corruption","CurseOfTheBell","Clothesline","StuffTheSpire:Incineration","Intimidate","Offering","Impervious","StuffTheSpire:Resist","Iron Wave","Rage","Metallicize","StuffTheSpire:FreeRealEstate+1","Feel No Pain","Shrug It Off","Reaper","StuffTheSpire:Ambrosia+1","Bite","Bite","Bite","Bite","Bite","Spot Weakness","StuffTheSpire:CopiaOfFamine+1","Entrench+1","infinitespire:FutureSight+1","StuffTheSpire:Incineration","Double Tap","infinitespire:Menacing","True Grit","Madness","Madness","infinitespire:OneForAll+1","Spot Weakness+1","Dual Wield+1","True Grit+1","Second Wind+1","Flame Barrier+1","Impervious","Battle Trance","Good Instincts","Hemokinesis","Apotheosis+1","Iron Wave","Offering+1","Reaper","Intimidate","Infernal Blade","Seeing Red+1","Iron Wave","StuffTheSpire:TitanForm","Thunderclap+1","infinitespire:SealOfDarkness+","infinitespire:UltimateForm","Twin Strike","Magnetism","Panacea","Thunderclap+1","StuffTheSpire:Resist","Barricade","Whirlwind+1","Exhume","Juggernaut","Whirlwind","StuffTheSpire:PlasmaPulse","Immolate"],"relics":["Burning Blood","NeowsBlessing","StuffTheSpire:CocoNut","StuffTheSpire:Gunfinga","MerchantsRug","potionbrewer:Keyblade","Eternal Feather","Toy Ornithopter","infinitespire:Lucky Rock","Meat on the Bone","SlaversCollar","infinitespire:Golems Mask","Ginger","potionbrewer:AlchemistFlask","Bag of Marbles","PreservedInsect","Pantograph","Busted Crown","Charon\u0027s Ashes","Kunai","Self Forming Clay","Black Blood","infinitespire:Burning Sword","StuffTheSpire:BottledEssence","Blue Candle","Darkstone Periapt","StuffTheSpire:Tea","Gambling Chip","StuffTheSpire:Wildfire","infinitespire:Joker Card","potionbrewer:BhaskarasWheel","StuffTheSpire:DarkSteelAnvil","potionbrewer:ToyAutogyro","StuffTheSpire:BottledHeartBeat","Chemical X","Ancient Tea Set","Bag of Preparation","infinitespire:CheckeredPen","StuffTheSpire:OldFever","Runic Pyramid","StuffTheSpire:NeowsTribute","Red Skull","Calipers","War Paint","Ice Cream","StuffTheSpire:Experiment12","Coffee Dripper","Oddly Smooth Stone","Potion Belt"],"acts_visited":["Exordium","TheCity","TheBeyond","Exordium","TheCity","TheBeyond","Exordium","TheCity","TheBeyond","TheEnding"],"potions_floor_usage":[40,40,45,46,46,50,67,84,97,97,131,152,157],"damage_taken":[{"damage":0.0,"enemies":"Small Slimes","floor":1.0,"turns":1.0},{"damage":0.0,"enemies":"Cultist","floor":2.0,"turns":1.0},{"damage":0.0,"enemies":"3 Sentries","floor":6.0,"turns":1.0},{"damage":9.0,"enemies":"Jaw Worm","floor":7.0,"turns":4.0},{"damage":38.0,"enemies":"Lagavulin","floor":8.0,"turns":5.0},{"damage":23.0,"enemies":"Exordium Thugs","floor":10.0,"turns":4.0},{"damage":5.0,"enemies":"Looter","floor":11.0,"turns":3.0},{"damage":10.0,"enemies":"Gremlin Nob","floor":12.0,"turns":4.0},{"damage":56.0,"enemies":"Hexaghost","floor":16.0,"turns":7.0},{"damage":19.0,"enemies":"Shell Parasite","floor":18.0,"turns":4.0},{"damage":5.0,"enemies":"3 Byrds","floor":20.0,"turns":5.0},{"damage":0.0,"enemies":"Snecko","floor":22.0,"turns":2.0},{"damage":25.0,"enemies":"Book of Stabbing","floor":23.0,"turns":3.0},{"damage":28.0,"enemies":"Slavers","floor":25.0,"turns":4.0},{"damage":23.0,"enemies":"Centurion and Healer","floor":27.0,"turns":2.0},{"damage":28.0,"enemies":"Shelled Parasite and Fungi","floor":28.0,"turns":3.0},{"damage":22.0,"enemies":"Cultist and Chosen","floor":30.0,"turns":4.0},{"damage":27.0,"enemies":"Snake Plant","floor":31.0,"turns":2.0},{"damage":2.0,"enemies":"Champ","floor":33.0,"turns":5.0},{"damage":23.0,"enemies":"Orb Walker","floor":35.0,"turns":3.0},{"damage":39.0,"enemies":"3 Shapes","floor":37.0,"turns":3.0},{"damage":0.0,"enemies":"Jaw Worm Horde","floor":38.0,"turns":1.0},{"damage":14.0,"enemies":"4 Shapes","floor":39.0,"turns":4.0},{"damage":6,"enemies":"Reptomancer","floor":40,"turns":5},{"damage":74,"enemies":"Writhing Mass","floor":42,"turns":4},{"damage":18,"enemies":"Mind Bloom Boss Battle","floor":45,"turns":5},{"damage":68,"enemies":"Nightmare","floor":46,"turns":5},{"damage":57,"enemies":"2 Orb Walkers","floor":48,"turns":4},{"damage":82,"enemies":"Time Eater","floor":50,"turns":6},{"damage":0,"enemies":"2 Louse","floor":52,"turns":2},{"damage":15,"enemies":"Jaw Worm","floor":54,"turns":2},{"damage":0,"enemies":"Small Slimes","floor":55,"turns":2},{"damage":0,"enemies":"Gremlin Nob","floor":57,"turns":2},{"damage":0,"enemies":"Lagavulin","floor":61,"turns":2},{"damage":32,"enemies":"Blue Slaver","floor":62,"turns":2},{"damage":23,"enemies":"Lots of Slimes","floor":63,"turns":2},{"damage":0,"enemies":"Gremlin Nob","floor":65,"turns":2},{"damage":39,"enemies":"The Guardian","floor":67,"turns":4},{"damage":44,"enemies":"2 Thieves","floor":69,"turns":3},{"damage":0,"enemies":"3 Byrds","floor":71,"turns":2},{"damage":24,"enemies":"Snecko","floor":73,"turns":2},{"damage":16,"enemies":"Book of Stabbing","floor":76,"turns":3},{"damage":20,"enemies":"Snake Plant","floor":79,"turns":2},{"damage":12,"enemies":"3 Cultists","floor":80,"turns":3},{"damage":6,"enemies":"Chosen and Byrds","floor":82,"turns":1},{"damage":34,"enemies":"Collector","floor":84,"turns":5},{"damage":31,"enemies":"Orb Walker","floor":86,"turns":3},{"damage":4,"enemies":"3 Shapes","floor":89,"turns":1},{"damage":0,"enemies":"3 Darklings","floor":91,"turns":1},{"damage":34,"enemies":"Giant Head","floor":93,"turns":4},{"damage":2,"enemies":"Mind Bloom Boss Battle","floor":95,"turns":2},{"damage":78,"enemies":"Writhing Mass","floor":96,"turns":3},{"damage":136,"enemies":"Reptomancer","floor":97,"turns":4},{"damage":0,"enemies":"2 Orb Walkers","floor":98,"turns":2},{"damage":2,"enemies":"Sphere and 2 Shapes","floor":99,"turns":2},{"damage":99,"enemies":"infinitespire:MassOfShapes","floor":101,"turns":6},{"damage":0,"enemies":"2 Louse","floor":103,"turns":1},{"damage":0,"enemies":"Small Slimes","floor":105,"turns":1},{"damage":6,"enemies":"Jaw Worm","floor":106,"turns":1},{"damage":0,"enemies":"Gremlin Nob","floor":109,"turns":1},{"damage":6,"enemies":"Blue Slaver","floor":110,"turns":1},{"damage":0,"enemies":"3 Louse","floor":112,"turns":1},{"damage":6,"enemies":"Large Slime","floor":116,"turns":1},{"damage":39,"enemies":"Slime Boss","floor":118,"turns":5},{"damage":0,"enemies":"Shell Parasite","floor":120,"turns":1},{"damage":27,"enemies":"2 Thieves","floor":121,"turns":2},{"damage":0,"enemies":"Book of Stabbing","floor":125,"turns":2},{"damage":0,"enemies":"Centurion and Healer","floor":127,"turns":2},{"damage":0,"enemies":"Snecko","floor":129,"turns":1},{"damage":6,"enemies":"Cultist and Chosen","floor":131,"turns":3},{"damage":2,"enemies":"Slavers","floor":133,"turns":1},{"damage":8,"enemies":"Automaton","floor":135,"turns":3},{"damage":0,"enemies":"Orb Walker","floor":137,"turns":1},{"damage":22,"enemies":"3 Darklings","floor":140,"turns":3},{"damage":55,"enemies":"2 Orb Walkers","floor":143,"turns":3},{"damage":22,"enemies":"Nemesis","floor":146,"turns":3},{"damage":6,"enemies":"Sphere and 2 Shapes","floor":147,"turns":2},{"damage":8,"enemies":"Reptomancer","floor":149,"turns":2},{"damage":19,"enemies":"Jaw Worm Horde","floor":150,"turns":3},{"damage":99,"enemies":"infinitespire:LordOfFortification","floor":152,"turns":8},{"damage":0,"enemies":"Shield and Spear","floor":156,"turns":3},{"damage":94,"enemies":"The Heart","floor":157,"turns":6}],"seed_played":"-8644207587928308217","potions_obtained":[{"floor":2.0,"key":"LiquidBronze"},{"floor":6.0,"key":"SpeedPotion"},{"floor":8.0,"key":"Block Potion"},{"floor":12.0,"key":"potionbrewer:CleansingPotion"},{"floor":20.0,"key":"potionbrewer:InfectionPotion"},{"floor":22.0,"key":"potionbrewer:CleansingPotion"},{"floor":23.0,"key":"BlessingOfTheForge"},{"floor":30.0,"key":"SCP261:DietGhostPotion"},{"floor":31.0,"key":"LiquidMemories"},{"floor":35.0,"key":"FearPotion"},{"floor":37.0,"key":"Dexterity Potion"},{"floor":42,"key":"Weak Potion"},{"floor":45,"key":"Ancient Potion"},{"floor":46,"key":"BlessingOfTheForge"},{"floor":57,"key":"EssenceOfSteel"},{"floor":63,"key":"potionbrewer:BoundlessPotion"},{"floor":69,"key":"potionbrewer:DiscountPotion"},{"floor":73,"key":"GamblersBrew"},{"floor":79,"key":"Block Potion"},{"floor":80,"key":"BloodPotion"},{"floor":84,"key":"DuplicationPotion"},{"floor":91,"key":"SkillPotion"},{"floor":93,"key":"Dexterity Potion"},{"floor":95,"key":"Fire Potion"},{"floor":103,"key":"PowerPotion"},{"floor":105,"key":"Strength Potion"},{"floor":127,"key":"SCP261:AppleJuicePotion"},{"floor":133,"key":"Dexterity Potion"},{"floor":135,"key":"infinitespire:BlackPotion"}],"is_trial":false,"path_per_floor":["M","M","?","?","?","E","M","E","T","M","M","E","$","?","R","B",null,"M","AVR","M","$","M","E","R","E","T","M","M","?","M","M","R","B",null,"M","?","M","M","M","E","R","M","T","R","?","NM","?","?","R","B",null,"M","?","M","M","$","E","R","$","T","E","M","M","$","E","R","B",null,"M","?","M","?","M","R","?","E","T","T","M","M","AVR","M","R","B",null,"M","?","?","M","$","M","R","E","T","?","M","E","?","M","R","B",null,"M","?","M","M","$","R","E","M","T","M","?","R","?","M","R","B",null,"M","M","$","?","?","E","R","M","T","M","?","M","R","E","R","B",null,"M","AVR","?","M","?","R","?","$","T","E","M","R","E","M","R","B",null,"$","R","E","B",null],"character_chosen":"IRONCLAD","items_purchased":["MerchantsRug","AttackPotion","AttackPotion","Trip","potionbrewer:Keyblade","Eternal Feather","potionbrewer:AlchemistFlask","Offering","Impervious","potionbrewer:ToxicPotion","LiquidMemories","Bag of Marbles","PreservedInsect","Lee\u0027s Waffle","Omamori","StuffTheSpire:FreeRealEstate","Feel No Pain","StuffTheSpire:BottledEssence","Blue Candle","Apotheosis","BloodPotion","StuffTheSpire:BottledHeartBeat","Chemical X","BloodPotion","StuffTheSpire:Resist","Red Skull","Calipers","Oddly Smooth Stone","Whirlwind","StuffTheSpire:PlasmaPulse","potionbrewer:EndurancePotion"],"campfire_rested":4,"item_purchase_floors":[13,13,13,13,21,21,56,56,56,56,56,56,59,59,59,64,64,90,90,107,107,122,122,122,144,144,144,154,154,154,154],"current_hp_per_floor":[80,80,80,80,80,80,77,54,54,39,42,40,40,45,72,24,92,79,79,83,83,91,73,88,70,70,55,63,63,61,54,92,92,92,75,75,54,62,56,68,83,27,27,72,74,83,64,27,75,59,83,83,72,65,73,73,81,83,90,90,90,64,61,61,69,90,57,90,52,52,61,61,63,99,79,71,71,71,61,102,102,108,108,98,110,101,101,87,103,114,116,116,102,102,120,112,50,98,116,128,65,130,132,132,134,136,136,136,138,141,141,144,144,144,144,147,147,129,150,153,156,156,156,156,159,159,162,162,165,165,159,178,181,181,186,186,189,189,195,194,194,198,176,176,176,175,190,207,210,213,213,147,218,218,218,221,198],"gold":632,"neow_bonus":"THREE_ENEMY_KILL","is_daily":false,"chose_seed":false,"campfire_upgraded":18,"win_rate":0.0,"timestamp":1609663316,"path_taken":["M","M","?","?","?","E","M","E","T","M","M","E","?","?","R","BOSS","M","AVR","M","$","M","E","R","E","T","M","M","?","M","?","R","BOSS","M","?","M","M","M","E","R","M","T","R","?","NM","?","?","R","BOSS","M","?","M","M","$","E","R","$","T","E","M","M","?","E","R","BOSS","M","?","M","?","M","R","?","E","T","?","M","?","AVR","M","R","BOSS","M","?","?","M","$","M","R","E","T","?","M","E","?","M","R","BOSS","M","?","M","?","$","R","E","M","T","?","?","R","?","M","R","BOSS","M","M","$","?","?","E","R","M","T","M","?","?","R","E","R","BOSS","M","AVR","?","M","?","R","?","$","T","E","M","R","E","M","R","BOSS","$","R","E","BOSS"],"items_purchased_type":["Relic","Potion","Potion","Card","Relic","Relic","Relic","Card","Card","Potion","Potion","Relic","Relic","Relic","Relic","Card","Card","Relic","Relic","Card","Potion","Relic","Relic","Potion","Card","Relic","Relic","Relic","Card","Card","Potion"],"build_version":"2020-12-22","purchased_purges":2,"victory":true,"max_hp_per_floor":[80,80,80,80,80,80,80,87,87,87,87,87,87,92,92,92,92,92,92,92,92,92,92,92,92,92,92,92,92,92,92,92,92,92,92,83,83,83,83,83,83,83,83,83,83,83,83,83,83,83,83,83,83,83,83,83,83,83,90,90,90,90,90,90,90,90,90,90,90,90,91,91,100,100,100,102,102,102,104,106,106,108,108,110,110,112,112,112,114,114,116,116,118,118,120,122,124,126,128,128,130,130,132,132,134,136,136,136,138,141,141,144,144,144,144,147,147,150,150,153,156,156,156,156,159,159,162,162,165,165,178,178,181,181,186,186,189,189,195,198,198,198,201,201,201,204,207,207,210,213,213,218,218,218,218,221,224],"card_choices":[{"not_picked":["Sword Boomerang","Headbutt"],"picked":"Searing Blow","floor":1.0},{"not_picked":["Burning Pact","StuffTheSpire:RagingBull"],"picked":"Thunderclap","floor":2.0},{"not_picked":["Battle Trance","StuffTheSpire:Resist","Armaments"],"picked":"Spot Weakness","floor":6.0},{"not_picked":["Wild Strike","Thunderclap","Anger"],"picked":"Hemokinesis","floor":7.0},{"not_picked":["Armaments","Thunderclap","Combust"],"picked":"infinitespire:OneForAll","floor":8.0},{"not_picked":["Havoc","Combust","Heavy Blade"],"picked":"Twin Strike","floor":10.0},{"not_picked":["Wild Strike","Cleave","StuffTheSpire:RockThrow"],"picked":"Pummel","floor":11.0},{"not_picked":["Bloodletting","Flex","Corruption"],"picked":"Berserk","floor":12.0},{"not_picked":["Brutality","Exhume"],"picked":"Bludgeon","floor":16.0},{"not_picked":["Reckless Charge","Clash"],"picked":"Second Wind","floor":18.0},{"not_picked":["Headbutt","Havoc"],"picked":"Sword Boomerang","floor":20.0},{"not_picked":["StuffTheSpire:RockThrow","Clash"],"picked":"StuffTheSpire:Incineration","floor":22.0},{"not_picked":["Hemokinesis","infinitespire:OneForAll"],"picked":"Body Slam","floor":23.0},{"not_picked":["StuffTheSpire:RagingBull","StuffTheSpire:RockThrow"],"picked":"Rage","floor":25.0},{"not_picked":["StuffTheSpire:Slingshot","Havoc"],"picked":"Twin Strike","floor":27.0},{"not_picked":["Flex+1","Whirlwind"],"picked":"Demon Form","floor":28.0},{"not_picked":["Clash+1","StuffTheSpire:Slingshot"],"picked":"Entrench","floor":30.0},{"not_picked":["Wild Strike","Iron Wave"],"picked":"StuffTheSpire:Incineration+1","floor":31.0},{"not_picked":["Corruption","Immolate"],"picked":"Exhume","floor":33.0},{"not_picked":["Carnage","Second Wind"],"picked":"Twin Strike","floor":35.0},{"not_picked":["Dual Wield","Sever Soul"],"picked":"StuffTheSpire:Pyroclast+1","floor":37.0},{"not_picked":["Dropkick","Inflame"],"picked":"Whirlwind","floor":38.0},{"not_picked":["Dual Wield","Inflame+1"],"picked":"Fire Breathing","floor":39.0},{"not_picked":["Pommel Strike+1","Dropkick+1"],"picked":"StuffTheSpire:Incineration+1","floor":40},{"not_picked":["StuffTheSpire:Slingshot+1","Second Wind"],"picked":"Sword Boomerang+1","floor":42},{"not_picked":["Rupture+1","Shrug It Off+1"],"picked":"Fiend Fire","floor":45},{"not_picked":["Thunderclap+1","StuffTheSpire:RagingBull+1"],"picked":"Immolate","floor":46},{"not_picked":["infinitespire:Starlight","infinitespire:NeuralNetwork"],"picked":"infinitespire:Oblivion","floor":47},{"not_picked":["Armaments+1","Warcry"],"picked":"StuffTheSpire:Resist","floor":48},{"not_picked":["Fiend Fire","Berserk"],"picked":"Corruption","floor":50},{"not_picked":["Clash","Anger"],"picked":"Clothesline","floor":52},{"not_picked":["Demon Form","Pommel Strike"],"picked":"StuffTheSpire:Incineration","floor":54},{"not_picked":["Armaments","Reckless Charge"],"picked":"Intimidate","floor":55},{"not_picked":["Heavy Blade","Iron Wave"],"picked":"StuffTheSpire:Resist","floor":57},{"not_picked":["Headbutt","Cleave"],"picked":"Iron Wave","floor":61},{"not_picked":["Cleave","Clash"],"picked":"Rage","floor":62},{"not_picked":["Sword Boomerang","Power Through"],"picked":"Metallicize","floor":63},{"not_picked":["Perfected Strike","Armaments"],"picked":"Shrug It Off","floor":65},{"not_picked":["StuffTheSpire:TitanForm","Corruption"],"picked":"Reaper","floor":67},{"not_picked":["StuffTheSpire:RagingBull+1"],"picked":"SKIP","floor":69},{"not_picked":["StuffTheSpire:Rapture","StuffTheSpire:Brawn"],"picked":"StuffTheSpire:Ambrosia","floor":70},{"not_picked":["Anger"],"picked":"SKIP","floor":71},{"not_picked":[],"picked":"Spot Weakness","floor":73},{"not_picked":[],"picked":"Entrench+1","floor":76},{"not_picked":["StuffTheSpire:RockThrow"],"picked":"SKIP","floor":79},{"not_picked":["Flex"],"picked":"SKIP","floor":80},{"not_picked":[],"picked":"StuffTheSpire:Incineration","floor":82},{"not_picked":[],"picked":"Double Tap","floor":84},{"not_picked":["infinitespire:SevenWalls","infinitespire:FinalStrike"],"picked":"infinitespire:Menacing","floor":85},{"not_picked":[],"picked":"True Grit","floor":86},{"not_picked":["Carnage+1"],"picked":"SKIP","floor":89},{"not_picked":["Wild Strike+1"],"picked":"SKIP","floor":91},{"not_picked":[],"picked":"infinitespire:OneForAll+1","floor":93},{"not_picked":[],"picked":"Spot Weakness+1","floor":95},{"not_picked":[],"picked":"Dual Wield+1","floor":96},{"not_picked":[],"picked":"True Grit+1","floor":97},{"not_picked":[],"picked":"Second Wind+1","floor":98},{"not_picked":[],"picked":"Flame Barrier+1","floor":99},{"not_picked":[],"picked":"Impervious","floor":101},{"not_picked":[],"picked":"Battle Trance","floor":103},{"not_picked":[],"picked":"Hemokinesis","floor":105},{"not_picked":["Havoc"],"picked":"SKIP","floor":106},{"not_picked":["Headbutt"],"picked":"SKIP","floor":109},{"not_picked":["Flex"],"picked":"SKIP","floor":110},{"not_picked":[],"picked":"Iron Wave","floor":112},{"not_picked":[],"picked":"Offering","floor":116},{"not_picked":[],"picked":"Reaper","floor":118},{"not_picked":[],"picked":"Intimidate","floor":120},{"not_picked":[],"picked":"Infernal Blade","floor":121},{"not_picked":[],"picked":"Seeing Red+1","floor":125},{"not_picked":["Wild Strike"],"picked":"SKIP","floor":127},{"not_picked":["Combust"],"picked":"SKIP","floor":129},{"not_picked":["Twin Strike"],"picked":"SKIP","floor":131},{"not_picked":[],"picked":"Iron Wave","floor":133},{"not_picked":[],"picked":"StuffTheSpire:TitanForm","floor":135},{"not_picked":[],"picked":"Thunderclap+1","floor":137},{"not_picked":[],"picked":"Twin Strike","floor":140},{"not_picked":[],"picked":"Magnetism","floor":141},{"not_picked":[],"picked":"Panacea","floor":141},{"not_picked":[],"picked":"Thunderclap+1","floor":143},{"not_picked":[],"picked":"Barricade","floor":146},{"not_picked":[],"picked":"Whirlwind+1","floor":147},{"not_picked":[],"picked":"Exhume","floor":149},{"not_picked":["Combust+1"],"picked":"SKIP","floor":150},{"not_picked":[],"picked":"Juggernaut","floor":152},{"not_picked":["Havoc"],"picked":"SKIP","floor":156},{"not_picked":[],"picked":"Immolate","floor":157}],"player_experience":1370714,"relics_obtained":[{"floor":6.0,"key":"Blood Vial"},{"floor":8.0,"key":"StuffTheSpire:CocoNut"},{"floor":9.0,"key":"StuffTheSpire:HeavyRock"},{"floor":12.0,"key":"StuffTheSpire:Gunfinga"},{"floor":23.0,"key":"Toy Ornithopter"},{"floor":25.0,"key":"infinitespire:Lucky Rock"},{"floor":26.0,"key":"Meat on the Bone"},{"floor":40,"key":"Vajra"},{"floor":43,"key":"Lizard Tail"},{"floor":45,"key":"infinitespire:Golems Mask"},{"floor":46,"key":"StrikeDummy"},{"floor":48,"key":"Ginger"},{"floor":51,"key":"StuffTheSpire:GrapeVine"},{"floor":51,"key":"Sundial"},{"floor":51,"key":"CaptainsWheel"},{"floor":57,"key":"Dream Catcher"},{"floor":60,"key":"Pantograph"},{"floor":61,"key":"StuffTheSpire:OldFever"},{"floor":65,"key":"MealTicket"},{"floor":76,"key":"Charon\u0027s Ashes"},{"floor":77,"key":"Kunai"},{"floor":78,"key":"Self Forming Clay"},{"floor":93,"key":"Darkstone Periapt"},{"floor":94,"key":"StuffTheSpire:Tea"},{"floor":95,"key":"Gambling Chip"},{"floor":97,"key":"StuffTheSpire:Wildfire"},{"floor":98,"key":"infinitespire:Joker Card"},{"floor":109,"key":"StuffTheSpire:DarkSteelAnvil"},{"floor":111,"key":"infinitespire:FocusingShard"},{"floor":113,"key":"potionbrewer:ToyAutogyro"},{"floor":125,"key":"Bag of Preparation"},{"floor":128,"key":"infinitespire:CheckeredPen"},{"floor":133,"key":"StuffTheSpire:OldFever"},{"floor":143,"key":"StuffTheSpire:NeowsTribute"},{"floor":145,"key":"War Paint"},{"floor":146,"key":"Ice Cream"},{"floor":149,"key":"StuffTheSpire:Experiment12"},{"floor":156,"key":"Potion Belt"}],"event_choices":[{"damage_healed":0.0,"max_hp_gain":0.0,"max_hp_loss":0.0,"gold_gain":0.0,"event_name":"WeMeetAgain","player_choice":"Gave Potion","floor":3.0,"gold_loss":0.0,"damage_taken":0.0,"relics_obtained":["Question Card"]},{"damage_healed":0.0,"max_hp_gain":0.0,"max_hp_loss":0.0,"gold_gain":0.0,"event_name":"The Cleric","player_choice":"Leave","floor":4.0,"gold_loss":0.0,"damage_taken":0.0},{"damage_healed":0.0,"max_hp_gain":0.0,"max_hp_loss":0.0,"gold_gain":0.0,"event_name":"Purifier","player_choice":"Ignored","floor":5.0,"gold_loss":0.0,"damage_taken":0.0},{"damage_healed":0.0,"max_hp_gain":5.0,"max_hp_loss":0.0,"gold_gain":0.0,"event_name":"Big Fish","player_choice":"Donut","floor":14.0,"gold_loss":0.0,"damage_taken":0.0},{"damage_healed":0.0,"max_hp_gain":0.0,"max_hp_loss":0.0,"gold_gain":275.0,"event_name":"Golden Shrine","player_choice":"Desecrate","floor":29.0,"gold_loss":0.0,"damage_taken":0.0,"cards_obtained":["Regret"]},{"damage_healed":0,"gold_gain":0,"player_choice":"Fight","damage_taken":0,"max_hp_gain":0,"max_hp_loss":0,"event_name":"MindBloom","floor":45,"gold_loss":0},{"damage_healed":0,"gold_gain":0,"player_choice":"Fight","damage_taken":0,"max_hp_gain":0,"max_hp_loss":0,"event_name":"Mysterious Sphere","floor":48,"gold_loss":0},{"damage_healed":0,"gold_gain":75,"player_choice":"Gather Gold","damage_taken":11,"max_hp_gain":0,"max_hp_loss":0,"event_name":"World of Goop","floor":53,"gold_loss":0},{"damage_healed":0,"gold_gain":0,"player_choice":"Became a vampire (Vial)","damage_taken":0,"max_hp_gain":0,"max_hp_loss":0,"event_name":"Vampires","floor":72,"relics_lost":["Blood Vial"],"gold_loss":0,"cards_obtained":["Bite","Bite","Bite","Bite","Bite"]},{"damage_healed":0,"gold_gain":0,"player_choice":"Embrace Madness","damage_taken":14,"max_hp_gain":0,"max_hp_loss":0,"event_name":"Winding Halls","floor":88,"gold_loss":0,"cards_obtained":["Madness","Madness"]},{"damage_healed":0,"gold_gain":0,"player_choice":"Fight","damage_taken":0,"max_hp_gain":0,"max_hp_loss":0,"event_name":"MindBloom","floor":95,"gold_loss":0},{"damage_healed":0,"gold_gain":0,"player_choice":"Fight","damage_taken":0,"max_hp_gain":0,"max_hp_loss":0,"event_name":"Mysterious Sphere","floor":98,"gold_loss":0},{"damage_healed":0,"gold_gain":0,"player_choice":"1 cards matched","damage_taken":0,"max_hp_gain":0,"max_hp_loss":0,"event_name":"Match and Keep!","floor":104,"gold_loss":0,"cards_obtained":["Good Instincts"]},{"damage_healed":0,"gold_gain":0,"player_choice":"Leave","damage_taken":0,"max_hp_gain":0,"max_hp_loss":0,"event_name":"The Cleric","floor":115,"gold_loss":0},{"damage_healed":0,"gold_gain":0,"player_choice":"Opened","damage_taken":0,"relics_obtained":["Smiling Mask"],"max_hp_gain":0,"max_hp_loss":0,"event_name":"The Mausoleum","floor":123,"gold_loss":0},{"damage_healed":0,"gold_gain":0,"player_choice":"Stole Relic","damage_taken":0,"relics_obtained":["Ancient Tea Set"],"max_hp_gain":0,"max_hp_loss":0,"event_name":"Addict","floor":124,"gold_loss":0,"cards_obtained":["Shame"]},{"damage_healed":0,"gold_gain":0,"player_choice":"Ignored","damage_taken":0,"max_hp_gain":0,"max_hp_loss":0,"event_name":"Vampires","floor":130,"gold_loss":0},{"damage_healed":0,"gold_gain":999,"player_choice":"Gold","damage_taken":0,"max_hp_gain":0,"max_hp_loss":0,"event_name":"MindBloom","floor":139,"gold_loss":0,"cards_obtained":["Normality","Normality"]},{"damage_healed":0,"gold_gain":9,"player_choice":"1","damage_taken":0,"max_hp_gain":0,"max_hp_loss":0,"event_name":"betterStone:BetterStone","floor":141,"gold_loss":0},{"damage_healed":0,"gold_gain":0,"player_choice":"Fight","damage_taken":0,"max_hp_gain":0,"max_hp_loss":0,"event_name":"Mysterious Sphere","floor":143,"gold_loss":0}],"is_beta":false,"boss_relics":[{"not_picked":["Philosopher\u0027s Stone","Empty Cage"],"picked":"Pandora\u0027s Box"},{"not_picked":["StuffTheSpire:Kangaroo","Sozu"],"picked":"SlaversCollar"},{"not_picked":["Velvet Choker","Runic Pyramid"],"picked":"Calling Bell"},{"not_picked":["Fusion Hammer","Pandora\u0027s Box"],"picked":"Busted Crown"},{"not_picked":["Snecko Eye","SacredBark"],"picked":"infinitespire:Burning Sword"},{"not_picked":["Sozu","StuffTheSpire:ModemDavis"],"picked":"potionbrewer:BhaskarasWheel"},{"not_picked":["Velvet Choker","StuffTheSpire:ModemDavis"],"picked":"StuffTheSpire:RunicHypercube"},{"not_picked":["Fusion Hammer","Empty Cage"],"picked":"Runic Pyramid"},{"not_picked":["Pandora\u0027s Box","Runic Cube"],"picked":"Coffee Dripper"}],"items_purged_floors":[56,144],"is_endless":true,"potions_floor_spawned":[2,6,8,12,20,22,23,30,31,35,37,42,45,46,57,61,63,65,69,73,79,80,84,91,93,95,96,103,105,112,127,133,135,140,143,146],"ascension_level":2}}