{"host":"98ajcw3do3zsggh8","time":1609680409,"event":{"mods":["BaseMod","Minty Spire (QoL Compilation)","Replay The Spire","StSLib"],"gold_per_floor":[114,131,131,145,0,30,30,55,80,80,80,355,355,355],"floor_reached":13,"playtime":4490,"items_purged":[],"score":100,"play_id":"9b932646-cd71-4388-8d76-f2f3f5b29c8d","local_time":"20210103142649","is_ascension_mode":true,"campfire_choices":[{"data":"Limit Break","floor":11,"key":"SMITH"}],"circlet_count":0,"master_deck":["Strike_R","Strike_R","Strike_R","Strike_R","Strike_R","Defend_R","Defend_R","Defend_R","Bash","Spot Weakness","Bloodletting","Rupture","Limit Break+1","Seeing Red","Regret"],"relics":["Burning Blood","NeowsBlessing","Lantern","Akabeko","Happy Flower","Replay:Towering Pillar of Hats","Replay:Baseball"],"acts_visited":["Exordium"],"potions_floor_usage":[8,8,13],"damage_taken":[{"damage":0,"enemies":"Small Slimes","floor":1,"turns":1},{"damage":0,"enemies":"Cultist","floor":2,"turns":1},{"damage":0,"enemies":"Jaw Worm","floor":4,"turns":1},{"damage":40,"enemies":"Lagavulin","floor":6,"turns":6},{"damage":21,"enemies":"Gremlin Nob","floor":8,"turns":3},{"damage":30,"enemies":"Lagavulin","floor":13,"turns":3}],"seed_played":"7183853818657048949","potions_obtained":[{"floor":2,"key":"Toxic Potion"},{"floor":6,"key":"BlessingOfTheForge"},{"floor":8,"key":"ColorlessPotion"}],"is_trial":false,"path_per_floor":["M","M","?","M","$","E","?","E","T","?","R","?","E"],"character_chosen":"IRONCLAD","items_purchased":["Lantern"],"campfire_rested":0,"item_purchase_floors":[5],"current_hp_per_floor":[80,80,80,80,80,46,39,24,24,24,24,24,0,0],"gold":355,"neow_bonus":"THREE_ENEMY_KILL","is_daily":false,"chose_seed":false,"campfire_upgraded":1,"win_rate":0.0,"timestamp":1609680409,"path_taken":["M","M","?","M","?","E","?","E","T","?","R","?","E"],"items_purchased_type":["Relic"],"build_version":"2020-12-22","purchased_purges":0,"victory":false,"max_hp_per_floor":[80,80,80,80,80,80,80,80,80,80,80,80,80,80],"card_choices":[{"not_picked":["Body Slam","Perfected Strike"],"picked":"Spot Weakness","floor":1},{"not_picked":["Warcry","Flex"],"picked":"Bloodletting","floor":2},{"not_picked":["Body Slam","Rage"],"picked":"Rupture","floor":4},{"not_picked":["Anger","Shrug It Off"],"picked":"Limit Break","floor":6},{"not_picked":["Blood for Blood","ReplayReversal"],"picked":"Seeing Red","floor":8}],"player_experience":297642,"relics_obtained":[{"floor":6,"key":"Akabeko"},{"floor":8,"key":"Replay:Towering Pillar of Hats"},{"floor":9,"key":"Replay:Baseball"}],"event_choices":[{"cards_removed":["Defend_R"],"damage_healed":0,"gold_gain":0,"player_choice":"Purged","damage_taken":0,"max_hp_gain":0,"max_hp_loss":0,"event_name":"Purifier","floor":3,"gold_loss":0},{"damage_healed":0,"gold_gain":0,"player_choice":"Success","damage_taken":7,"relics_obtained":["Happy Flower"],"max_hp_gain":0,"max_hp_loss":0,"event_name":"Scrap Ooze","floor":7,"gold_loss":0},{"damage_healed":0,"gold_gain":275,"player_choice":"Desecrate","damage_taken":0,"max_hp_gain":0,"max_hp_loss":0,"event_name":"Golden Shrine","floor":12,"gold_loss":0,"cards_obtained":["Regret"]}],"is_beta":false,"boss_relics":[],"items_purged_floors":[],"is_endless":false,"potions_floor_spawned":[2,6,8],"killed_by":"Lagavulin","ascension_level":2}}