{"host":"tr12w2fixbnujl15","time":1609697070,"event":{"mods":["2.2 Compatiblity","BaseMod","Better Skull","BetterRewards","Colored Powertips","Evolution","Hubris","Infinite Spire","Minty Spire (QoL Compilation)","Quick Restart","Replay The Spire","Shop Mod","StSLib","SuperFastMode","The Necromancer","The Sage","The Senshi","The Servant 0.9.4","The Spell Scribe","TheFirefly","WarShipGirlsR/????R mod"],"gold_per_floor":[112,112,122,122,197,197,230,250,274,293,293,310,133,153,153,258,258,271,281,158,176,136,147,13,25,50,50,50],"floor_reached":27,"playtime":933,"items_purged":[],"score":292,"play_id":"652fe3f5-860f-4be7-b6cf-305da4ab562b","local_time":"20210103130430","is_ascension_mode":false,"campfire_choices":[{"floor":6,"key":"REST"},{"floor":15,"key":"REST"}],"circlet_count":0,"master_deck":["Strike_B","Strike_B","Strike_B","Strike_B","Defend_B","Defend_B","Defend_B","Zap","Dualcast","Replay:Dark Deal","Replay:BasicMightCard","Magnetism","Coolheaded","ReplayTheSpireMod:Black Plague+1","Chaos","Sweeping Beam","Ball Lightning","Conserve Battery","Force Field","Capacitor","Go for the Eyes","Meteor Strike","Doom and Gloom","Tempest","Self Repair","Gash","Heatsinks","Barrage","Apotheosis","ReplaySort"],"relics":["Cracked Core","EVO:Axolotl","hubris:OldNail","Bronze Scales","Replay:Multitool","infinitespire:Lychee Nut","theSenshi:SailorFukuRelic","MerchantsRug","Black Star","Replay:Wax Seal"],"acts_visited":["Exordium","TheCity"],"potions_floor_usage":[16,16,16,16,21,21,21,21,21],"damage_taken":[{"damage":2,"enemies":"2 Louse","floor":1,"turns":3},{"damage":2,"enemies":"Cultist","floor":3,"turns":3},{"damage":22,"enemies":"Gremlin Nob","floor":7,"turns":4},{"damage":10,"enemies":"Small Slimes","floor":8,"turns":3},{"damage":16,"enemies":"Red Slaver","floor":10,"turns":2},{"damage":0,"enemies":"Blue Slaver","floor":12,"turns":3},{"damage":0,"enemies":"Looter","floor":14,"turns":1},{"damage":0,"enemies":"Fading Forest","floor":16,"turns":11},{"damage":13,"enemies":"3 Byrds","floor":18,"turns":3},{"damage":28,"enemies":"Spheric Guardian","floor":19,"turns":6},{"damage":16,"enemies":"Shelled Parasite and Fungi","floor":21,"turns":5},{"damage":17,"enemies":"Snecko","floor":23,"turns":4},{"damage":4,"enemies":"Snake Plant","floor":25,"turns":3},{"damage":43,"enemies":"3 Cultists","floor":27,"turns":4}],"seed_played":"8189455430873468030","potions_obtained":[{"floor":7,"key":"EntropicBrew"},{"floor":8,"key":"SpeedPotion"},{"floor":10,"key":"Cursed Concoction"},{"floor":16,"key":"FearPotion"},{"floor":19,"key":"EntropicBrew"}],"is_trial":false,"path_per_floor":["M","?","M","?","?","R","E","M","T","M","?","M","$","M","R","B",null,"M","M","$","M","?","M","$","M","T","M"],"character_chosen":"DEFECT","items_purchased":["ReplayTheSpireMod:ShopPack","hubris:OldNail","Bronze Scales","Capacitor","MerchantsRug","Self Repair","Gash","Apotheosis"],"campfire_rested":2,"item_purchase_floors":[0,0,0,13,13,20,20,24],"current_hp_per_floor":[73,55,53,58,47,71,49,44,44,33,33,39,39,39,57,60,60,47,25,25,42,42,31,31,32,32,0,0],"gold":50,"neow_bonus":"","is_daily":false,"chose_seed":false,"campfire_upgraded":0,"win_rate":0.0,"timestamp":1609697070,"path_taken":["M","?","M","?","?","R","E","M","T","M","?","M","$","?","R","BOSS","M","M","$","M","?","M","$","M","T","M"],"items_purchased_type":["Relic","Relic","Relic","Card","Relic","Card","Card","Card"],"build_version":"2020-12-22","purchased_purges":0,"victory":false,"max_hp_per_floor":[75,75,75,80,80,80,60,60,60,60,60,60,60,60,60,60,60,60,60,60,60,60,60,60,60,60,60,60],"card_choices":[{"not_picked":["ReplayTheSpireMod:Necrogeddon","HandOfGreed"],"picked":"Replay:Dark Deal","floor":0},{"not_picked":["ReplayTheSpireMod:Private Reserves","Impatience"],"picked":"Replay:BasicMightCard","floor":0},{"not_picked":["hubris:Insight","Deep Breath"],"picked":"Magnetism","floor":0},{"not_picked":["ReplayTheSpireMod:System Scan","Turbo"],"picked":"Coolheaded","floor":1},{"not_picked":["infinitespire:NeuralNetwork","hubris:Rewind"],"picked":"ReplayTheSpireMod:Black Plague","floor":2},{"not_picked":["Hologram","Redo"],"picked":"Chaos","floor":3},{"not_picked":["Aggregate","Loop"],"picked":"Sweeping Beam","floor":7},{"not_picked":["Steam","Seek"],"picked":"Ball Lightning","floor":8},{"not_picked":["Go for the Eyes","Hologram"],"picked":"Conserve Battery","floor":10},{"not_picked":["Barrage","Go for the Eyes"],"picked":"Force Field","floor":12},{"not_picked":["Ball Lightning","Doom and Gloom"],"picked":"Go for the Eyes","floor":14},{"not_picked":["Biased Cognition","ReplayTheSpireMod:Omega Cannon"],"picked":"Meteor Strike","floor":16},{"not_picked":["ReplayTheSpireMod:Reroute Power","Stack+1"],"picked":"Doom and Gloom","floor":18},{"not_picked":["Blizzard","Ball Lightning+1"],"picked":"Tempest","floor":19},{"not_picked":["Rebound","Turbo"],"picked":"Heatsinks","floor":21},{"not_picked":["Leap","Coolheaded"],"picked":"Barrage","floor":23},{"not_picked":["Sunder","Cold Snap"],"picked":"ReplaySort","floor":25}],"player_experience":23695,"relics_obtained":[{"floor":7,"key":"infinitespire:Lychee Nut"},{"floor":9,"key":"theSenshi:SailorFukuRelic"},{"floor":26,"key":"Replay:Wax Seal"}],"event_choices":[{"damage_healed":0,"gold_gain":0,"player_choice":"Donut","damage_taken":0,"max_hp_gain":5,"max_hp_loss":0,"event_name":"Big Fish","floor":4,"gold_loss":0},{"damage_healed":0,"gold_gain":75,"player_choice":"Gather Gold","damage_taken":11,"max_hp_gain":0,"max_hp_loss":0,"event_name":"World of Goop","floor":5,"gold_loss":0},{"cards_removed":["Defend_B"],"damage_healed":0,"gold_gain":0,"player_choice":"Card Removal","damage_taken":0,"max_hp_gain":0,"max_hp_loss":0,"event_name":"Wheel of Change","floor":11,"gold_loss":0},{"damage_healed":0,"gold_gain":0,"player_choice":"Upgrade","damage_taken":0,"max_hp_gain":0,"max_hp_loss":0,"event_name":"Designer","floor":22,"gold_loss":40,"cards_upgraded":["ReplayTheSpireMod:Black Plague"]}],"is_beta":false,"boss_relics":[{"not_picked":["Empty Cage","hubris:Stopwatch"],"picked":"Black Star"}],"items_purged_floors":[],"is_endless":false,"potions_floor_spawned":[7,8,10,16,19],"killed_by":"3 Cultists","ascension_level":0}}