{"host":"982s3gyyw86tgeig","time":1609674840,"event":{"mods":["AchievementEnabler","Act Like it!","Aspiration","BaseMod","Colored Powertips","Downfall","Evolution","GifTheSpireLib","Hermit","Hubris","Minty Spire (QoL Compilation)","Pale of the Ancients","Rare Cards Sparkle","Relic Stats","Replay The Spire","StSLib","Stuff the Spire","The Cursed","The Disciple","The IronCluck","The Saiyan","vexMod"],"gold_per_floor":[99,99,20,20,20,32,113,38,38,55,82,82,82,82,99,195,195,120,132,152,165,165,246,246,246,257,4,20,20,20,33,53,151,151,151,151,161,161,177,177,177,177,177,177,177],"floor_reached":43,"playtime":3111,"items_purged":[],"score":574,"play_id":"4cff9dfd-71f5-4ca8-b913-f2f904da4899","local_time":"20210103035400","is_ascension_mode":false,"campfire_choices":[{"floor":1,"key":"RECALL"},{"data":"champ:Execute","floor":8,"key":"SMITH"},{"floor":13,"key":"REST"},{"floor":18,"key":"DIG"},{"floor":25,"key":"REST"},{"floor":30,"key":"REST"},{"floor":35,"key":"DIG"},{"data":"Metallicize","floor":40,"key":"SMITH"}],"circlet_count":0,"master_deck":["champ:Strike","champ:Strike","champ:Strike","champ:Defend","champ:Defend","champ:Defend","champ:Defend","champ:Execute+1","champ:Taunt+1","champ:FanOfKnives+1","champ:CalledShot","champ:DefensiveShout","champ:RecklessLeap+1","champ:ArenaPreparation","Regret","champ:DefensiveStyle+1","champ:GladiatorsShout","champ:EnGarde+1","champ:ShieldWall+1","champ:MurderStrike+1","champ:Shatter","champ:FalseCounter","champ:TornadoPunch","Shame","champ:BringItOn","champ:ShieldSlam","champ:DefensiveStyle","champ:Riposte+1","champ:StanceDance","champ:PerfectForm","Metallicize+1","champ:TornadoPunch"],"relics":["champ:ChampionCrown","EVO:Axolotl","downfall:HeartsMalice","HornCleat","downfall:HeartBlessingRed","StuffTheSpire:RedRose","Boot","vexMod:ImprovementManual","downfall:HeartBlessingBlue","Nunchaku","TungstenRod","Gremlin Horn","aspiration:SeaSaltIceCream","aspiration:Nostalgia","Slimebound:AbsorbEndCombat","Anchor","aspiration:IroncladSkillbook","Replay:Bottled Steam","hubris:Towel","hubris:Icosahedron","hubris:CrystalStatue"],"acts_visited":["Exordium","TheCity","TheBeyond"],"potions_floor_usage":[16,33,33],"damage_taken":[{"damage":0,"enemies":"downfall:FleeingMerchant","floor":3,"turns":1},{"damage":0,"enemies":"Jaw Worm","floor":4,"turns":1},{"damage":0,"enemies":"Cultist","floor":5,"turns":1},{"damage":17,"enemies":"Small Slimes","floor":6,"turns":3},{"damage":23,"enemies":"2 Fungi Beasts","floor":10,"turns":2},{"damage":44,"enemies":"3 Sentries","floor":11,"turns":4},{"damage":39,"enemies":"Exordium Thugs","floor":15,"turns":3},{"damage":62,"enemies":"downfall:Watcher","floor":16,"turns":6},{"damage":12,"enemies":"Shell Parasite","floor":19,"turns":4},{"damage":19,"enemies":"3 Byrds","floor":20,"turns":4},{"damage":29,"enemies":"Snake Plant","floor":21,"turns":4},{"damage":27,"enemies":"Shelled Parasite and Fungi","floor":26,"turns":5},{"damage":2,"enemies":"downfall:FleeingMerchant","floor":27,"turns":4},{"damage":20,"enemies":"Snecko","floor":28,"turns":4},{"damage":28,"enemies":"Centurion and Healer","floor":31,"turns":6},{"damage":37,"enemies":"Sentry and Sphere","floor":32,"turns":5},{"damage":32,"enemies":"downfall:Silent","floor":33,"turns":7},{"damage":8,"enemies":"3 Shapes","floor":37,"turns":2},{"damage":26,"enemies":"3 Darklings","floor":39,"turns":5},{"damage":87,"enemies":"Transient","floor":43,"turns":4}],"seed_played":"-3899690028821797907","potions_obtained":[{"floor":6,"key":"champ:OpenerPotion"},{"floor":15,"key":"Energy Potion"},{"floor":20,"key":"Fire Potion"},{"floor":21,"key":"sneckomod:MuddlingPotion"},{"floor":29,"key":"CultistPotion"},{"floor":31,"key":"champ:TechniquePotion"},{"floor":37,"key":"champ:OpenerPotion"}],"is_trial":false,"path_per_floor":["R","?","$","M","M","M","T","R","?","M","E","?","R","T","M","B",null,"R","M","M","M","?","T","T","R","M","$","M","?","R","M","M","B",null,"R","?","M","?","M","R","T","?","M"],"character_chosen":"THE_CHAMP","items_purchased":["champ:CalledShot","Anchor","champ:DefensiveStyle"],"campfire_rested":3,"item_purchase_floors":[3,27,27],"current_hp_per_floor":[90,90,90,90,90,81,81,81,81,81,72,72,90,90,76,39,90,100,93,74,45,45,45,45,75,53,51,51,51,81,58,44,12,100,100,100,100,100,83,83,83,83,0,0,0],"gold":177,"neow_bonus":"THREE_ENEMY_KILL","is_daily":false,"chose_seed":false,"campfire_upgraded":2,"win_rate":0.0,"timestamp":1609674840,"path_taken":["R","?","$","M","M","?","T","R","?","M","E","?","R","?","M","BOSS","R","M","M","M","?","?","T","R","M","?","M","?","R","?","M","BOSS","R","?","M","?","M","R","T","?","M"],"items_purchased_type":["Card","Relic","Card"],"build_version":"2020-12-22","purchased_purges":0,"victory":false,"max_hp_per_floor":[90,90,90,90,90,90,90,90,90,90,90,90,90,90,90,90,90,100,100,100,100,100,100,100,100,100,100,100,100,100,100,100,100,100,100,100,100,100,100,100,100,100,100,100,100],"relic_stats":{"Nunchaku":[3],"Gremlin Horn":[7,7],"counters":[20,72],"Boot":[4],"obtain_stats":[{"hubris:CrystalStatue":41,"downfall:HeartBlessingRed":8,"Gremlin Horn":23,"aspiration:Nostalgia":24,"champ:ChampionCrown":0,"downfall:HeartsMalice":0,"EVO:Axolotl":0,"aspiration:SeaSaltIceCream":24,"hubris:Towel":36,"Boot":11,"aspiration:IroncladSkillbook":34,"Nunchaku":18,"Anchor":27,"HornCleat":7,"hubris:Icosahedron":38,"downfall:HeartBlessingBlue":18,"Slimebound:AbsorbEndCombat":24,"StuffTheSpire:RedRose":9,"vexMod:ImprovementManual":17,"TungstenRod":22,"Replay:Bottled Steam":35},{"hubris:CrystalStatue":19,"downfall:HeartBlessingRed":4,"Gremlin Horn":11,"aspiration:Nostalgia":11,"champ:ChampionCrown":0,"downfall:HeartsMalice":0,"EVO:Axolotl":0,"aspiration:SeaSaltIceCream":11,"hubris:Towel":17,"Boot":6,"aspiration:IroncladSkillbook":17,"Nunchaku":8,"Anchor":13,"HornCleat":4,"hubris:Icosahedron":18,"downfall:HeartBlessingBlue":8,"Slimebound:AbsorbEndCombat":11,"StuffTheSpire:RedRose":4,"vexMod:ImprovementManual":8,"TungstenRod":11,"Replay:Bottled Steam":17},{"hubris:CrystalStatue":68,"downfall:HeartBlessingRed":3,"Gremlin Horn":30,"aspiration:Nostalgia":30,"champ:ChampionCrown":0,"downfall:HeartsMalice":0,"EVO:Axolotl":0,"aspiration:SeaSaltIceCream":30,"hubris:Towel":61,"Boot":9,"aspiration:IroncladSkillbook":61,"Nunchaku":18,"Anchor":39,"HornCleat":3,"hubris:Icosahedron":63,"downfall:HeartBlessingBlue":18,"Slimebound:AbsorbEndCombat":30,"StuffTheSpire:RedRose":3,"vexMod:ImprovementManual":18,"TungstenRod":30,"Replay:Bottled Steam":61}],"TungstenRod":60},"card_choices":[{"not_picked":["champ:Shatter","champ:GladiatorsShout"],"picked":"champ:FanOfKnives","floor":3},{"not_picked":["champ:BladeFlurry","champ:PerfectedStrike"],"picked":"champ:DefensiveShout","floor":4},{"not_picked":["champ:FocusedGladiator","champ:RisingSlash"],"picked":"champ:RecklessLeap","floor":5},{"not_picked":["champ:TornadoPunch","champ:BladeFlurry"],"picked":"champ:ArenaPreparation","floor":6},{"not_picked":["champ:CheapShot","champ:BerserkersShout"],"picked":"champ:DefensiveStyle","floor":10},{"not_picked":["champ:FaceSlap","champ:FocusedGladiator"],"picked":"champ:GladiatorsShout","floor":11},{"not_picked":["champ:CrookedStrike","champ:BringItOn"],"picked":"champ:ShieldWall","floor":15},{"not_picked":["champ:CrownThrow","champ:HeavySlash"],"picked":"champ:MurderStrike","floor":16},{"not_picked":["champ:GutPunch","champ:BerserkerStyle"],"picked":"champ:Shatter","floor":19},{"not_picked":["champ:FocusedGladiator","champ:DefensiveShout"],"picked":"champ:FalseCounter","floor":20},{"not_picked":["champ:Circumvent","champ:GladiatorStyle"],"picked":"champ:TornadoPunch","floor":21},{"not_picked":["champ:CrookedStrike","champ:DefensiveShout+1"],"picked":"champ:BringItOn","floor":26},{"not_picked":["champ:BladeFlurry","champ:AdrenalArmor"],"picked":"champ:ShieldSlam","floor":27},{"not_picked":["champ:AdrenalArmor","champ:FlashCut"],"picked":"champ:Riposte+1","floor":28},{"not_picked":["champ:AdrenalArmor+1","champ:PerfectedStrike"],"picked":"champ:StanceDance","floor":31},{"not_picked":["champ:GladiatorsShout","champ:ArenaPreparation","champ:AdrenalArmor+1"],"picked":"SKIP","floor":32},{"not_picked":["champ:SwordThrow","champ:VampiricStrike"],"picked":"champ:PerfectForm","floor":33},{"not_picked":["Wild Strike","champ:BladeFlurry","champ:CalledShot+1"],"picked":"Metallicize","floor":37},{"not_picked":["Wild Strike+1","champ:Riposte","Limit Break"],"picked":"champ:TornadoPunch","floor":39}],"player_experience":67179,"relics_obtained":[{"floor":7,"key":"HornCleat"},{"floor":11,"key":"Boot"},{"floor":18,"key":"Nunchaku"},{"floor":23,"key":"Gremlin Horn"},{"floor":24,"key":"aspiration:SeaSaltIceCream"},{"floor":35,"key":"Replay:Bottled Steam"},{"floor":41,"key":"hubris:CrystalStatue"}],"event_choices":[{"damage_healed":0,"gold_gain":0,"player_choice":"Upgraded","damage_taken":0,"max_hp_gain":0,"max_hp_loss":0,"event_name":"Upgrade Shrine","floor":2,"gold_loss":0,"cards_upgraded":["champ:Taunt"]},{"damage_healed":0,"gold_gain":0,"player_choice":"Stole Relic","damage_taken":0,"relics_obtained":["TungstenRod"],"max_hp_gain":0,"max_hp_loss":0,"event_name":"Addict","floor":22,"gold_loss":0,"cards_obtained":["Shame"]}],"is_beta":false,"boss_relics":[{"not_picked":["hubris:Backtick","vexMod:DeviousBotling"],"picked":"vexMod:ImprovementManual"},{"not_picked":["Runic Dome","hubris:CrackedHourglass"],"picked":"aspiration:IroncladSkillbook"}],"items_purged_floors":[],"is_endless":false,"potions_floor_spawned":[6,15,20,21,28,31,37],"killed_by":"Transient","ascension_level":0}}