{"host":"uyp13icwa33nzjib","time":1609682063,"event":{"mods":["AchievementEnabler","BaseMod","BetterRewards","Colored Map","Colored Powertips","Defuse TimeMaze Blight","Infinite Spire","Mimic Mod","Minty Spire (QoL Compilation)","Quick Restart","Relic Stats","Replay The Spire","StSLib","UnlockEverythingMod"],"gold_per_floor":[116,116,116,139,153,153,196,196,196,231,12,50,65,85,85,214,214,228,228,248,267,357,388,388,426,470,470,508,508,508],"floor_reached":29,"playtime":952,"items_purged":["Defend_R"],"score":351,"play_id":"37aed2e5-1057-4f6d-b0f9-3033a7070935","local_time":"20210103085423","daily_mods":["Red Cards","Green Cards","Blue Cards","Purple Cards","Heirloom","DeadlyEvents","Elite Swarm","Lethality","Uncertain Future"],"is_ascension_mode":false,"campfire_choices":[{"data":"Bash","floor":6.0,"key":"SMITH"},{"data":"Offering","floor":8.0,"key":"SMITH"},{"data":"Replay:ManipulateFuture","floor":15.0,"key":"SMITH"},{"floor":24,"key":"REST"},{"data":"ReplayTheSpireMod:Limb From Limb","floor":27,"key":"SMITH"}],"circlet_count":0,"master_deck":["Strike_R","Strike_R","Strike_R","Strike_R","Defend_R","Defend_R","Defend_R","Bash+1","Ball Lightning","FlyingSleeves","Outmaneuver","Offering+1","Reboot","Meteor Strike","Burning Pact","Replay:ManipulateFuture+1","Ragnarok","Tactician+1","Amnesia","Streamline+1","ReplayTheSpireMod:Limb From Limb+1","After Image","Machine Learning","Perseverance","infinitespire:SevenWalls+1","Phantasmal Killer"],"relics":["Burning Blood","Pondfish Scales","Golden Idol","Mango","Torii","infinitespire:PuzzleCube","Lee\u0027s Waffle","Paper Frog","infinitespire:Burning Sword","infinitespire:WardingShard","infinitespire:Broken Mirror","Onion Ring","Molten Egg 2","Eternal Feather"],"acts_visited":["Exordium","TheCity"],"potions_floor_usage":[20,23],"damage_taken":[{"damage":0.0,"enemies":"2 Louse","floor":1.0,"turns":2.0},{"damage":0.0,"enemies":"Jaw Worm","floor":4.0,"turns":3.0},{"damage":0.0,"enemies":"Cultist","floor":5.0,"turns":2.0},{"damage":40.0,"enemies":"Lagavulin","floor":7.0,"turns":4.0},{"damage":24.0,"enemies":"3 Sentries","floor":10.0,"turns":6.0},{"damage":17.0,"enemies":"Gremlin Nob","floor":12.0,"turns":3.0},{"damage":16.0,"enemies":"Exordium Thugs","floor":13.0,"turns":2.0},{"damage":13.0,"enemies":"Looter","floor":14.0,"turns":2.0},{"damage":15.0,"enemies":"Slime Boss","floor":16.0,"turns":5.0},{"damage":15,"enemies":"2 Thieves","floor":18,"turns":2},{"damage":18,"enemies":"3 Byrds","floor":20,"turns":3},{"damage":45,"enemies":"Centurion and Healer","floor":21,"turns":3},{"damage":6,"enemies":"Gremlin Leader","floor":23,"turns":4},{"damage":16,"enemies":"Book of Stabbing","floor":25,"turns":2},{"damage":1,"enemies":"Snake Plant","floor":26,"turns":3},{"damage":40,"enemies":"Nightmare","floor":28,"turns":4}],"seed_played":"-6072308464653172545","potions_obtained":[{"floor":1.0,"key":"BlessingOfTheForge"},{"floor":7.0,"key":"BloodPotion"},{"floor":12.0,"key":"Block Potion"},{"floor":16.0,"key":"Adrenaline Potion"},{"floor":20,"key":"Strength Potion"},{"floor":21,"key":"Toxic Potion"},{"floor":23,"key":"ColorlessPotion"}],"is_trial":true,"path_per_floor":["M","?","?","M","M","R","E","R","T","E","$","E","M","M","R","B",null,"M","?","M","M","?","E","R","E","MIM","R","NM","AVR"],"character_chosen":"IRONCLAD","items_purchased":["Lee\u0027s Waffle"],"campfire_rested":1,"item_purchase_floors":[11],"current_hp_per_floor":[80,60,60,66,72,72,52,52,52,52,101,90,80,73,73,64,101,92,92,80,41,29,29,59,49,54,54,20,20,20],"gold":508,"neow_bonus":"","is_daily":false,"chose_seed":false,"campfire_upgraded":4,"win_rate":0.0,"timestamp":1609682063,"path_taken":["M","?","?","M","?","R","E","R","T","E","$","E","M","M","R","BOSS","M","?","M","M","?","E","R","E","MIM","R","NM","AVR"],"items_purchased_type":["Relic"],"build_version":"2020-12-22","purchased_purges":1,"victory":false,"max_hp_per_floor":[80,80,80,80,80,80,94,94,94,94,101,101,101,101,101,101,101,101,101,101,101,101,101,101,101,101,101,101,101,101],"relic_stats":{"Lee\u0027s Waffle":49,"Torii":49,"counters":[16,50],"Golden Idol":107,"Eternal Feather":0,"obtain_stats":[{"Lee\u0027s Waffle":11,"Torii":9,"Golden Idol":2,"Mango":7,"Eternal Feather":28,"Burning Blood":0,"Pondfish Scales":0,"infinitespire:WardingShard":19,"infinitespire:Broken Mirror":23,"Onion Ring":25,"Molten Egg 2":26,"infinitespire:Burning Sword":17,"infinitespire:PuzzleCube":10,"Paper Frog":12},{"Lee\u0027s Waffle":5,"Torii":4,"Golden Idol":1,"Mango":4,"Eternal Feather":16,"Burning Blood":0,"Pondfish Scales":0,"infinitespire:WardingShard":10,"infinitespire:Broken Mirror":13,"Onion Ring":14,"Molten Egg 2":15,"infinitespire:Burning Sword":9,"infinitespire:PuzzleCube":5,"Paper Frog":6},{"Lee\u0027s Waffle":17,"Torii":11,"Golden Idol":2,"Mango":11,"Eternal Feather":50,"Burning Blood":0,"Pondfish Scales":0,"infinitespire:WardingShard":31,"infinitespire:Broken Mirror":41,"Onion Ring":43,"Molten Egg 2":46,"infinitespire:Burning Sword":29,"infinitespire:PuzzleCube":17,"Paper Frog":20}],"Burning Blood":90},"card_choices":[{"not_picked":["Halt","FearNoEvil"],"picked":"Ball Lightning","floor":1.0},{"not_picked":["Indignation","Capacitor"],"picked":"FlyingSleeves","floor":4.0},{"not_picked":["Blade Dance","Cold Snap"],"picked":"Outmaneuver","floor":5.0},{"not_picked":["Establishment","Replay:LoomingThreat"],"picked":"Offering","floor":7.0},{"not_picked":["ReplayTheSpireMod:Necrosis","Unload"],"picked":"Reboot","floor":10.0},{"not_picked":["Reboot","ReplayTheSpireMod:From All Sides"],"picked":"Meteor Strike","floor":12.0},{"not_picked":["Chaos","Ball Lightning"],"picked":"Burning Pact","floor":13.0},{"not_picked":["Glacier","Vengeance"],"picked":"Replay:ManipulateFuture","floor":14.0},{"not_picked":["Berserk","Creative AI"],"picked":"Ragnarok","floor":16.0},{"not_picked":["Deadly Poison","Wild Strike"],"picked":"Tactician+1","floor":18},{"not_picked":["Wireheading","Prostrate"],"picked":"Streamline+1","floor":20},{"not_picked":["Bouncing Flask","ThirdEye"],"picked":"ReplayTheSpireMod:Limb From Limb","floor":21},{"not_picked":["Glass Knife","Establishment"],"picked":"After Image","floor":23},{"not_picked":["Bludgeon","Omniscience"],"picked":"Machine Learning","floor":25},{"not_picked":["Lockon+1","Calculated Gamble"],"picked":"Perseverance","floor":26},{"not_picked":["infinitespire:TheBestDefense","ReplayTheSpireMod:Black Plague"],"picked":"infinitespire:SevenWalls","floor":28},{"not_picked":["Machine Learning","Fission"],"picked":"Phantasmal Killer","floor":28}],"player_experience":315483,"relics_obtained":[{"floor":7.0,"key":"Mango"},{"floor":9.0,"key":"Torii"},{"floor":10.0,"key":"infinitespire:PuzzleCube"},{"floor":12.0,"key":"Paper Frog"},{"floor":23,"key":"infinitespire:Broken Mirror"},{"floor":25,"key":"Onion Ring"},{"floor":26,"key":"Molten Egg 2"},{"floor":28,"key":"Eternal Feather"}],"event_choices":[{"damage_healed":0.0,"max_hp_gain":0.0,"max_hp_loss":0.0,"gold_gain":0.0,"event_name":"Golden Idol","player_choice":"Take Damage","floor":2.0,"gold_loss":0.0,"damage_taken":20.0,"relics_obtained":["Golden Idol"]},{"cards_removed":["Strike_R"],"damage_healed":0.0,"max_hp_gain":0.0,"max_hp_loss":0.0,"gold_gain":0.0,"event_name":"Purifier","player_choice":"Purged","floor":3.0,"gold_loss":0.0,"damage_taken":0.0},{"damage_healed":0,"gold_gain":90,"player_choice":"GOLD ","damage_taken":12,"max_hp_gain":0,"max_hp_loss":0,"event_name":"Knowing Skull","floor":22,"potions_obtained":[],"gold_loss":0,"cards_obtained":[]}],"is_beta":false,"boss_relics":[{"not_picked":["Pandora\u0027s Box","Snecko Eye"],"picked":"infinitespire:Burning Sword"}],"items_purged_floors":[11],"is_endless":false,"potions_floor_spawned":[1,7,12,16,20,21,23],"ascension_level":0}}