{"host":"5gc11emcm5chfr5t","time":1609712969,"event":{"mods":["2.2 Compatiblity","AchievementEnabler","BaseMod","Bestiary","Better Note","Colored Map","Colored Powertips","Downfall","Googly Eyes","Minty Spire (QoL Compilation)","Rare Cards Sparkle","StSLib"],"gold_per_floor":[112,123,139,139,10,10,35,45,45,55,75,75,94,104,104,104,104],"floor_reached":16,"playtime":729,"items_purged":[],"score":212,"play_id":"4a8c5ef2-41d1-4f8d-92b8-d17f531fd2fb","local_time":"20210103172929","is_ascension_mode":true,"campfire_choices":[{"floor":6,"key":"RECALL"},{"data":"1","floor":12,"key":"LIFT"},{"floor":15,"key":"REST"}],"circlet_count":0,"master_deck":["AscendersBane","sneckomod:Strike","sneckomod:Strike","sneckomod:Strike","sneckomod:Defend","sneckomod:Defend","sneckomod:Defend","sneckomod:TailWhip","sneckomod:SnekBite","sneckomod:Unknown","sneckomod:Unknown","sneckomod:UnknownUncommonPower","sneckomod:WideSting","sneckomod:SerpentIdol","expansioncontent:ManipulateTime","sneckomod:SnekBeam","sneckomod:PureSnecko","sneckomod:QuickMove","sneckomod:DiceBlock","sneckomod:UnknownUncommonSkill","sneckomod:SoulCleanse","sneckomod:QuickMove"],"relics":["Fusion Hammer","Girya","Mango"],"acts_visited":["Exordium"],"potions_floor_usage":[16,16],"damage_taken":[{"damage":0,"enemies":"Cultist","floor":1,"turns":2},{"damage":0,"enemies":"Small Slimes","floor":2,"turns":2},{"damage":1,"enemies":"2 Louse","floor":3,"turns":2},{"damage":54,"enemies":"Gremlin Nob","floor":7,"turns":5},{"damage":3,"enemies":"2 Fungi Beasts","floor":8,"turns":2},{"damage":13,"enemies":"Exordium Thugs","floor":10,"turns":5},{"damage":0,"enemies":"Large Slime","floor":11,"turns":5},{"damage":7,"enemies":"Blue Slaver","floor":13,"turns":4},{"damage":11,"enemies":"Looter","floor":14,"turns":3},{"damage":34,"enemies":"The Guardian","floor":16,"turns":11}],"seed_played":"-2505169296577645339","potions_obtained":[{"floor":3,"key":"sneckomod:OffclassReductionPotion"},{"floor":7,"key":"LiquidBronze"},{"floor":8,"key":"DuplicationPotion"}],"is_trial":false,"path_per_floor":["M","M","M","?","$","R","E","M","T","M","M","R","M","M","R","B"],"character_chosen":"THE_SNECKO","items_purchased":["expansioncontent:ManipulateTime","sneckomod:SnekBeam"],"campfire_rested":1,"item_purchase_floors":[5,5],"current_hp_per_floor":[75,75,74,74,74,74,20,17,31,18,18,18,16,5,34,0,0],"gold":104,"neow_bonus":"BOSS_RELIC","is_daily":false,"chose_seed":false,"campfire_upgraded":0,"win_rate":0.0,"timestamp":1609712969,"path_taken":["M","M","M","?","$","R","E","M","T","M","M","R","M","M","R","BOSS"],"items_purchased_type":["Card","Card"],"build_version":"2020-12-22","purchased_purges":0,"victory":false,"max_hp_per_floor":[83,83,83,83,83,83,83,83,97,97,97,97,97,97,97,97,97],"card_choices":[{"not_picked":["sneckomod:UnknownCommonAttack","sneckomod:UnknownBlock"],"picked":"sneckomod:UnknownUncommonPower","floor":1},{"not_picked":["sneckomod:DiceBlock","sneckomod:UnknownVulnerable"],"picked":"sneckomod:WideSting","floor":2},{"not_picked":["sneckomod:UnknownX","sneckomod:MixItUp"],"picked":"sneckomod:SerpentIdol","floor":3},{"not_picked":["sneckomod:DiceCrush","sneckomod:IronFang"],"picked":"sneckomod:PureSnecko","floor":7},{"not_picked":["sneckomod:SoulDraw","sneckomod:QuickBite"],"picked":"sneckomod:QuickMove","floor":8},{"not_picked":["sneckomod:UnknownWeak","sneckomod:DiceBoulder"],"picked":"sneckomod:DiceBlock","floor":10},{"not_picked":["sneckomod:DiceCrush","sneckomod:DiceBlock"],"picked":"sneckomod:UnknownUncommonSkill","floor":11},{"not_picked":["sneckomod:DiceBlock","sneckomod:UnknownClassTHE_CHAMP_GRAY"],"picked":"sneckomod:SoulCleanse","floor":13},{"not_picked":["sneckomod:Unknown1Cost","sneckomod:UnknownUncommonSkill"],"picked":"sneckomod:QuickMove","floor":14}],"player_experience":527746,"relics_obtained":[{"floor":7,"key":"Girya"},{"floor":9,"key":"Mango"}],"event_choices":[{"damage_healed":0,"gold_gain":0,"player_choice":"Leave","damage_taken":0,"max_hp_gain":0,"max_hp_loss":0,"event_name":"The Cleric","floor":4,"gold_loss":0}],"is_beta":false,"boss_relics":[],"items_purged_floors":[],"is_endless":false,"potions_floor_spawned":[3,7,8,13,14],"killed_by":"The Guardian","ascension_level":20}}