{"host":"raai0vtvcfkt8csp","time":1609702395,"event":{"mods":["2.2 Compatiblity","BaseMod","Beaked The Cultist","Block Reminder","DeckTracker","Defective Defect","GifTheSpireLib","Minty Spire (QoL Compilation)","Quick Restart","Random Character Button","Rare Cards Sparkle","StSLib","Unceasing Turn Reminder"],"gold_per_floor":[115,125,125,138,152,185,285,315,393,419,438,454,454,59,59,162,162,181,181,15,28,48,83,83,97,97,112,142,142,142],"floor_reached":29,"playtime":2396,"items_purged":[],"score":301,"play_id":"467a256c-72d2-4761-8bff-81ea8b77591a","local_time":"20210103203315","is_ascension_mode":true,"campfire_choices":[{"data":"beaked:Ceremony","floor":13,"key":"SMITH"},{"data":"beaked:Ceremony","floor":15,"key":"SMITH"},{"floor":24,"key":"REST"}],"circlet_count":0,"master_deck":["beaked:Strike_Y","beaked:Strike_Y","beaked:Strike_Y","beaked:Strike_Y","beaked:Strike_Y+1","beaked:Defend_Y","beaked:Defend_Y","beaked:Defend_Y","beaked:Defend_Y","beaked:Ceremony","beaked:Ceremony+1","beaked:Ceremony+1","beaked:SurvivalInstinct","beaked:DigDeep","beaked:Insight","beaked:BraceForImpact","beaked:Foresight","beaked:BraceForImpact","beaked:Brace","beaked:BarbedWire","beaked:MimicMachine","beaked:VolatileMisfortune","beaked:WildInstinct","beaked:WalkersFury","beaked:Resilience","beaked:Tweet","beaked:Brace+1","beaked:BloodForTheGods+1","beaked:Struggle+1","beaked:WarriorSpirit","beaked:MachineEssence","beaked:BloodForTheGods"],"relics":["beaked:MendingPlumage","Nunchaku","Potion Belt","Bird Faced Urn","Dream Catcher","Mummified Hand","beaked:SacredDeck","Membership Card","Matryoshka","Whetstone","HornCleat","Meat on the Bone"],"acts_visited":["Exordium","TheCity"],"potions_floor_usage":[10,11,22,23,23],"damage_taken":[{"damage":17,"enemies":"Cultist","floor":1,"turns":6},{"damage":17,"enemies":"2 Louse","floor":2,"turns":5},{"damage":8,"enemies":"Jaw Worm","floor":4,"turns":7},{"damage":19,"enemies":"Gremlin Gang","floor":5,"turns":11},{"damage":36,"enemies":"Gremlin Nob","floor":6,"turns":5},{"damage":26,"enemies":"Lagavulin","floor":8,"turns":9},{"damage":44,"enemies":"3 Sentries","floor":10,"turns":10},{"damage":25,"enemies":"Lots of Slimes","floor":11,"turns":9},{"damage":33,"enemies":"Large Slime","floor":12,"turns":13},{"damage":77,"enemies":"Hexaghost","floor":16,"turns":14},{"damage":40,"enemies":"Shell Parasite","floor":18,"turns":8},{"damage":33,"enemies":"Chosen","floor":21,"turns":9},{"damage":33,"enemies":"Sentry and Sphere","floor":22,"turns":7},{"damage":57,"enemies":"Slavers","floor":23,"turns":6},{"damage":54,"enemies":"Centurion and Healer","floor":25,"turns":7},{"damage":50,"enemies":"Snake Plant","floor":27,"turns":7},{"damage":68,"enemies":"Book of Stabbing","floor":28,"turns":7},{"damage":73,"enemies":"3 Cultists","floor":29,"turns":5}],"seed_played":"-4919643584013278830","potions_obtained":[{"floor":2,"key":"Fire Potion"},{"floor":6,"key":"Fire Potion"},{"floor":10,"key":"Block Potion"},{"floor":11,"key":"DistilledChaos"},{"floor":12,"key":"PowerPotion"},{"floor":23,"key":"Strength Potion"},{"floor":25,"key":"beaked:MendingBrew"}],"is_trial":false,"path_per_floor":["M","M","?","M","M","E","?","E","T","E","M","M","R","$","R","B",null,"M","?","$","M","M","E","R","M","T","M","E","M"],"character_chosen":"BEAKED_THE_CULTIST","items_purchased":["Mummified Hand","beaked:VolatileMisfortune","Membership Card","beaked:Tweet"],"campfire_rested":1,"item_purchase_floors":[14,14,20,20],"current_hp_per_floor":[42,37,37,47,50,22,22,27,27,27,50,49,49,49,49,16,50,45,45,45,50,40,17,32,31,31,48,46,0,0],"gold":142,"neow_bonus":"RANDOM_COMMON_RELIC","is_daily":false,"chose_seed":false,"campfire_upgraded":2,"win_rate":0.0,"timestamp":1609702395,"path_taken":["M","?","?","M","M","E","?","E","T","E","?","M","R","$","R","BOSS","M","?","$","M","?","E","R","M","T","M","E","M"],"items_purchased_type":["Relic","Card","Relic","Card"],"build_version":"2020-12-22","purchased_purges":0,"victory":false,"max_hp_per_floor":[50,50,50,50,50,50,50,50,50,50,50,50,50,50,50,50,50,50,50,50,50,50,50,50,50,50,50,50,50,50],"card_choices":[{"not_picked":["beaked:BraceForImpact","beaked:Negation"],"picked":"beaked:SurvivalInstinct","floor":1},{"not_picked":["beaked:FeelMyPain","beaked:TuckingFeathers"],"picked":"beaked:DigDeep","floor":2},{"not_picked":["beaked:Evade","beaked:MimicMachine"],"picked":"beaked:Insight","floor":4},{"not_picked":["beaked:Brainwash","beaked:Flinch"],"picked":"beaked:BraceForImpact","floor":5},{"not_picked":["beaked:Evade","beaked:CursingBlood"],"picked":"beaked:Foresight","floor":6},{"not_picked":["beaked:SacrificialAttack","beaked:Cower"],"picked":"beaked:BraceForImpact","floor":8},{"not_picked":["beaked:TuckingFeathers","beaked:DesperateSwing"],"picked":"beaked:Brace","floor":10},{"not_picked":["beaked:WarriorSpirit","beaked:Replenish"],"picked":"beaked:BarbedWire","floor":11},{"not_picked":["beaked:Poke","beaked:CrazyRituals"],"picked":"beaked:MimicMachine","floor":12},{"not_picked":["beaked:Brainwash","beaked:CheekyTricks"],"picked":"beaked:WildInstinct","floor":16},{"not_picked":["beaked:HuntressEssence","beaked:TuckingFeathers"],"picked":"beaked:Resilience","floor":18},{"not_picked":["beaked:Overexert","beaked:Redirect","beaked:Resilience"],"picked":"SKIP","floor":21},{"not_picked":["beaked:Daydream","beaked:DigDeep"],"picked":"beaked:Brace+1","floor":22},{"not_picked":["beaked:Overexert","beaked:Devastation"],"picked":"beaked:BloodForTheGods+1","floor":23},{"not_picked":["beaked:MimicWarrior","beaked:Molting"],"picked":"beaked:Struggle","floor":24},{"not_picked":["beaked:FeelMyPain","beaked:Insight"],"picked":"beaked:WarriorSpirit","floor":25},{"not_picked":["beaked:CursingBlood","beaked:Insight"],"picked":"beaked:MachineEssence","floor":27},{"not_picked":["beaked:Tradeoff","beaked:Daydream+1"],"picked":"beaked:BloodForTheGods","floor":28}],"player_experience":651604,"relics_obtained":[{"floor":6,"key":"Potion Belt"},{"floor":8,"key":"Bird Faced Urn"},{"floor":10,"key":"Dream Catcher"},{"floor":23,"key":"Matryoshka"},{"floor":26,"key":"Whetstone"},{"floor":26,"key":"HornCleat"},{"floor":28,"key":"Meat on the Bone"}],"event_choices":[{"damage_healed":0,"gold_gain":0,"player_choice":"Ignored","damage_taken":0,"max_hp_gain":0,"max_hp_loss":0,"event_name":"Liars Game","floor":3,"gold_loss":0},{"damage_healed":0,"gold_gain":100,"player_choice":"Pray","damage_taken":0,"max_hp_gain":0,"max_hp_loss":0,"event_name":"Golden Shrine","floor":7,"gold_loss":0},{"cards_removed":["beaked:Strike_Y"],"damage_healed":0,"gold_gain":0,"player_choice":"Offered Basic","damage_taken":0,"max_hp_gain":0,"max_hp_loss":0,"event_name":"Bonfire Elementals","floor":19,"gold_loss":0}],"is_beta":false,"boss_relics":[{"not_picked":["Runic Pyramid","Snecko Eye"],"picked":"beaked:SacredDeck"}],"items_purged_floors":[],"is_endless":false,"potions_floor_spawned":[2,6,10,11,12,23,25],"killed_by":"3 Cultists","ascension_level":1}}