{"host":"iy58fyt9wsbv4cf1","time":1609635887,"event":{"mods":["BaseMod","Better Altar","Better Match","Better Skull","Better Third Choice","BetterRewards","Conspire","Custom Start","Defuse TimeMaze Blight","Hubris","Infinite Spire","Minty Spire (QoL Compilation)","Permanent Neow","Quick Restart","Spicy Shops","StSLib"],"gold_per_floor":[119,50,60,74,249,249,259,259,282,310,330,343,343,355,355,457,457,467,467,392,392,410,410,437,437,483,511,536,536,553,553,553,553,553],"floor_reached":33,"playtime":556,"items_purged":["Strike_B","Strike_B","Defend_B"],"score":285,"play_id":"74e860c9-f026-43fc-b69e-1c5fdb210d29","local_time":"20210102200447","is_ascension_mode":false,"campfire_choices":[{"data":"Storm","floor":6,"key":"SMITH"},{"data":"Static Discharge","floor":8,"key":"SMITH"},{"floor":15,"key":"REST"},{"data":"Electrodynamics","floor":23,"key":"SMITH"},{"data":"Electrodynamics","floor":25,"key":"SMITH"},{"floor":29,"key":"REST"},{"floor":32,"key":"RECALL"}],"circlet_count":0,"master_deck":["Defend_B","Defend_B","Defend_B","Zap","Dualcast","Electrodynamics+1","Storm+1","Heatsinks","Static Discharge+1","BootSequence","Doubt","Force Field","hubris:PowerSurge+1","Electrodynamics+1","Self Repair"],"relics":["Cracked Core","Membership Card","PreservedInsect","Emotion Chip","SlaversCollar","hubris:Icosahedron","Oddly Smooth Stone","The Courier","Bag of Preparation","Coffee Dripper"],"acts_visited":["Exordium","TheCity"],"potions_floor_usage":[33],"damage_taken":[{"damage":6,"enemies":"Cultist","floor":1,"turns":3},{"damage":0,"enemies":"Small Slimes","floor":3,"turns":3},{"damage":0,"enemies":"2 Louse","floor":4,"turns":2},{"damage":0,"enemies":"Looter","floor":7,"turns":3},{"damage":18,"enemies":"Lagavulin","floor":10,"turns":3},{"damage":9,"enemies":"Lots of Slimes","floor":11,"turns":2},{"damage":0,"enemies":"Exordium Thugs","floor":12,"turns":2},{"damage":0,"enemies":"Large Slime","floor":14,"turns":3},{"damage":15,"enemies":"Hexaghost","floor":16,"turns":4},{"damage":5,"enemies":"2 Thieves","floor":18,"turns":2},{"damage":2,"enemies":"Shell Parasite","floor":22,"turns":2},{"damage":12,"enemies":"Slavers","floor":24,"turns":3},{"damage":32,"enemies":"Nightmare","floor":27,"turns":3},{"damage":4,"enemies":"Snake Plant","floor":30,"turns":2},{"damage":49,"enemies":"Champ","floor":33,"turns":8}],"seed_played":"-667888199210402797","potions_obtained":[{"floor":4,"key":"Fire Potion"},{"floor":10,"key":"SteroidPotion"},{"floor":14,"key":"DistilledChaos"}],"is_trial":false,"path_per_floor":["M","$","M","M","?","R","M","R","T","E","M","M","?","M","R","B",null,"M","?","?","?","M","R","E","R","T","NM","T","R","M","AVR","R","B"],"character_chosen":"DEFECT","items_purchased":["Electrodynamics","Storm","Membership Card","Heatsinks","Static Discharge"],"campfire_rested":2,"item_purchase_floors":[0,0,0,0,2],"current_hp_per_floor":[34,34,34,34,34,34,34,34,34,16,7,7,7,7,29,14,75,70,70,70,70,68,68,56,56,56,24,24,46,42,42,42,0,0],"gold":553,"neow_bonus":"","is_daily":false,"chose_seed":false,"campfire_upgraded":4,"win_rate":0.0,"timestamp":1609635887,"path_taken":["M","$","?","M","?","R","M","R","T","E","M","M","?","M","R","BOSS","M","?","?","?","?","R","E","R","T","NM","?","R","M","AVR","R","BOSS"],"items_purchased_type":["Card","Card","Relic","Card","Card"],"build_version":"2020-12-22","purchased_purges":3,"victory":false,"max_hp_per_floor":[75,75,75,75,75,75,75,75,75,75,75,75,75,75,75,75,75,75,75,75,75,75,75,75,75,75,75,75,75,75,75,75,75,75],"card_choices":[{"not_picked":["Barrage","Rebound","Leap"],"picked":"SKIP","floor":1},{"not_picked":["Cold Snap","FTL","conspire:SharedLibrary"],"picked":"SKIP","floor":3},{"not_picked":["Beam Cell","Streamline"],"picked":"BootSequence","floor":4},{"not_picked":["Undo","Cold Snap"],"picked":"Force Field","floor":7},{"not_picked":["hubris:SpecializedCircuitry","Beam Cell"],"picked":"hubris:PowerSurge","floor":10},{"not_picked":["Rip and Tear","Double Energy","Barrage"],"picked":"SKIP","floor":11},{"not_picked":["Leap","Sweeping Beam","Compile Driver"],"picked":"SKIP","floor":12},{"not_picked":["Hologram","Cold Snap","Doom and Gloom"],"picked":"SKIP","floor":14},{"not_picked":["Seek","hubris:Prefetch"],"picked":"Electrodynamics","floor":16},{"not_picked":["Turbo","Barrage+1","Cold Snap"],"picked":"SKIP","floor":18},{"not_picked":["Barrage","Coolheaded","Streamline"],"picked":"SKIP","floor":22},{"not_picked":["Coolheaded","Gash","Compile Driver"],"picked":"SKIP","floor":24},{"not_picked":["FTL","Hyperbeam","conspire:SharedLibrary"],"picked":"SKIP","floor":27},{"not_picked":["conspire:Rain","Lockon"],"picked":"Self Repair","floor":30}],"player_experience":37203,"relics_obtained":[{"floor":9,"key":"PreservedInsect"},{"floor":10,"key":"Emotion Chip"},{"floor":24,"key":"Oddly Smooth Stone"},{"floor":27,"key":"The Courier"},{"floor":28,"key":"Bag of Preparation"}],"event_choices":[{"damage_healed":0,"gold_gain":175,"player_choice":"AGREE","damage_taken":74,"max_hp_gain":0,"max_hp_loss":0,"event_name":"betterThird:BetterSerpent","floor":5,"gold_loss":0},{"damage_healed":0,"gold_gain":0,"player_choice":"Grow","damage_taken":0,"max_hp_gain":0,"max_hp_loss":0,"event_name":"Living Wall","floor":13,"gold_loss":0,"cards_upgraded":["hubris:PowerSurge"]},{"cards_removed":["Strike_B"],"damage_healed":0,"gold_gain":0,"player_choice":"Gave Gold","damage_taken":0,"max_hp_gain":0,"max_hp_loss":0,"event_name":"Beggar","floor":20,"gold_loss":75},{"cards_removed":["Strike_B"],"damage_healed":0,"gold_gain":0,"player_choice":"Offered Basic","damage_taken":0,"max_hp_gain":0,"max_hp_loss":0,"event_name":"Bonfire Elementals","floor":21,"gold_loss":0}],"is_beta":false,"boss_relics":[{"not_picked":["Inserter","hubris:GrandSneckoEye"],"picked":"SlaversCollar"}],"items_purged_floors":[0,2,31],"is_endless":false,"potions_floor_spawned":[4,10,14,16,18],"killed_by":"Champ","ascension_level":0}}