{"host":"sabve5zmqufxyc5o","time":1609645682,"event":{"mods":["2.2 Compatiblity","AchievementEnabler","Act Like it!","Arknights The Spire","BaseMod","Block Reminder","Colored Map","Colored Powertips","DeckTracker","KOR Keyword Fix","Keyboard Shortcuts","Minty Spire (QoL Compilation)","Quick Restart","Rare Cards Sparkle","Relic Stats","StSLib","SuperFastMode"],"gold_per_floor":[119,131,150,163,178,178,178,190,202,214,226,140,154,174,174,279,279,290,290,115,133,148,148,158,158,158,158,81,92,16,16,16,16,16],"floor_reached":33,"playtime":4776,"items_purged":["ats:Strike V","ats:Strike S"],"score":287,"play_id":"869e2205-e2c2-486c-838e-dd6c08461b4c","local_time":"20210103124802","is_ascension_mode":true,"campfire_choices":[{"data":"ats:Emotion Absorption","floor":6,"key":"SMITH"},{"floor":8,"key":"REST"},{"data":"ats:Disruption Kick","floor":11,"key":"SMITH"},{"data":"ats:Childhood Dance","floor":15,"key":"SMITH"},{"floor":23,"key":"REST"},{"floor":25,"key":"REST"},{"data":"ats:Soul Rend","floor":27,"key":"SMITH"},{"data":"ats:Composite Medical Shells","floor":32,"key":"SMITH"}],"circlet_count":0,"master_deck":["ats:Strike C","ats:Strike G","ats:Defend","ats:Defend","ats:Defend","ats:Emotion Absorption+1","ats:Disruption Kick+1","ats:Ignite","ats:Apocalypse","ats:Thermite Blade","ats:Burning Ground","ats:Hammer On","ats:Childhood Dance+1","ats:Magnetic Hammer","ats:Soul Rend+1","ats:Song Of Battle","ats:Hook Shot","ats:Sunburst","ats:Cat Scratch","ats:Echo Reverb","ats:Composite Medical Shells+1","ats:Durian","ats:Shadow Raid"],"relics":["ats:Sanity","MawBank","Bag of Preparation","Boot","Runic Pyramid","Ancient Tea Set"],"acts_visited":["Exordium","TheCity"],"potions_floor_usage":[4,24,33],"damage_taken":[{"damage":7.0,"enemies":"Small Slimes","floor":1.0,"turns":3.0},{"damage":16.0,"enemies":"Jaw Worm","floor":2.0,"turns":4.0},{"damage":7,"enemies":"2 Louse","floor":3,"turns":4},{"damage":7,"enemies":"Exordium Thugs","floor":4,"turns":5},{"damage":12,"enemies":"Looter","floor":5,"turns":4},{"damage":1,"enemies":"2 Fungi Beasts","floor":13,"turns":3},{"damage":16,"enemies":"Blue Slaver","floor":14,"turns":4},{"damage":55,"enemies":"The Guardian","floor":16,"turns":17},{"damage":6,"enemies":"3 Byrds","floor":18,"turns":5},{"damage":16,"enemies":"Spheric Guardian","floor":21,"turns":4},{"damage":58,"enemies":"Chosen and Byrds","floor":22,"turns":9},{"damage":63,"enemies":"Snecko","floor":24,"turns":8},{"damage":5,"enemies":"Sentry and Sphere","floor":29,"turns":4},{"damage":43,"enemies":"Collector","floor":33,"turns":7}],"seed_played":"-6309398860904018657","potions_obtained":[{"floor":2.0,"key":"Strength Potion"},{"floor":3,"key":"Fire Potion"},{"floor":13,"key":"Weak Potion"},{"floor":16,"key":"FairyPotion"}],"is_trial":false,"path_per_floor":["M","M","M","M","M","R","?","R","T","T","R","$","M","M","R","B",null,"M","?","$","M","M","R","M","R","T","R","$","M","$","?","R","B"],"character_chosen":"DOCTOR_CLASS","items_purchased":["ats:Hammer On","ats:Hook Shot","ats:Echo Reverb","ats:Composite Medical Shells"],"campfire_rested":3,"item_purchase_floors":[12,20,28,30],"current_hp_per_floor":[65,49,50,47,39,39,27,48,48,48,48,48,51,39,39,4,72,72,72,72,60,13,34,16,37,37,37,37,40,40,40,40,7,7],"gold":16,"neow_bonus":"ONE_RANDOM_RARE_CARD","is_daily":false,"chose_seed":false,"campfire_upgraded":5,"win_rate":0.0,"timestamp":1609645682,"path_taken":["M","M","M","M","M","R","?","R","T","?","R","$","M","M","R","BOSS","M","?","?","M","?","R","M","R","T","R","$","M","$","?","R","BOSS"],"items_purchased_type":["Card","Card","Card","Card"],"build_version":"2020-12-22","purchased_purges":2,"victory":false,"max_hp_per_floor":[72,72,72,72,72,72,72,72,72,72,72,72,72,72,72,72,72,72,72,72,72,72,72,72,72,72,72,72,72,72,72,72,72,72],"relic_stats":{"counters":[14,80],"Bag of Preparation":[18],"MawBank":60,"Boot":[27],"obtain_stats":[{"Bag of Preparation":9,"ats:Sanity":0,"MawBank":7,"Boot":10,"Ancient Tea Set":26,"Runic Pyramid":17},{"Bag of Preparation":5,"ats:Sanity":0,"MawBank":5,"Boot":5,"Ancient Tea Set":12,"Runic Pyramid":8},{"Bag of Preparation":20,"ats:Sanity":0,"MawBank":20,"Boot":20,"Ancient Tea Set":69,"Runic Pyramid":44}]},"card_choices":[{"not_picked":["ats:Support Order","ats:Cat Scratch"],"picked":"ats:Ignite","floor":1.0},{"not_picked":["ats:Assault Order","ats:Flexible Camouflage"],"picked":"ats:Apocalypse","floor":2.0},{"not_picked":["ats:Powerful Strike","ats:Revitalization","ats:Ignite"],"picked":"SKIP","floor":3},{"not_picked":["ats:Defend Order","ats:Powerful Strike"],"picked":"ats:Thermite Blade","floor":4},{"not_picked":["ats:Thermite Blade","ats:Cat Scratch"],"picked":"ats:Burning Ground","floor":5},{"not_picked":["ats:Overload","ats:Blood Oath"],"picked":"ats:Childhood Dance","floor":13},{"not_picked":["ats:Ignite","ats:Song Of Battle"],"picked":"ats:Magnetic Hammer","floor":14},{"not_picked":["ats:Disruption Kick","ats:Durian"],"picked":"ats:Soul Rend","floor":16},{"not_picked":["ats:Directed Diagnosis","ats:Cat Scratch"],"picked":"ats:Song Of Battle","floor":18},{"not_picked":["ats:Encircling Forest+1","ats:Revitalization"],"picked":"ats:Sunburst","floor":21},{"not_picked":["ats:Childhood Dance+1","ats:Explosion Area Strengthen"],"picked":"ats:Cat Scratch","floor":22},{"not_picked":["ats:Sword Rain","ats:Ignite+1","ats:Poison Spread"],"picked":"SKIP","floor":24},{"not_picked":["ats:Cat Scratch+1","ats:Childhood Dance","ats:Powerful Strike"],"picked":"SKIP","floor":29}],"player_experience":831432,"relics_obtained":[{"floor":9,"key":"Bag of Preparation"},{"floor":10,"key":"Boot"},{"floor":26,"key":"Ancient Tea Set"}],"event_choices":[{"damage_healed":0,"gold_gain":0,"player_choice":"Success","damage_taken":12,"relics_obtained":["MawBank"],"max_hp_gain":0,"max_hp_loss":0,"event_name":"Scrap Ooze","floor":7,"gold_loss":0},{"damage_healed":0,"gold_gain":0,"player_choice":"0 cards matched","damage_taken":0,"max_hp_gain":0,"max_hp_loss":0,"event_name":"Match and Keep!","floor":19,"gold_loss":0,"cards_obtained":[]},{"damage_healed":0,"gold_gain":0,"cards_transformed":["ats:Armor Crushing Shot","ats:Defend"],"player_choice":"Became Test Subject","damage_taken":0,"max_hp_gain":0,"max_hp_loss":0,"event_name":"Drug Dealer","floor":31,"gold_loss":0,"cards_obtained":["ats:Durian","ats:Shadow Raid"]}],"is_beta":false,"boss_relics":[{"not_picked":["Sozu","ats:Sanity Plus"],"picked":"Runic Pyramid"}],"items_purged_floors":[12,20],"is_endless":false,"potions_floor_spawned":[2,3,13,16,18],"killed_by":"Collector","ascension_level":4}}