{"host":"Rich","time":1609639825,"event":{"mods":["AchievementEnabler","BaseMod","Highlight Path","Minty Spire (QoL Compilation)","Relic Stats"],"gold_per_floor":[119,119,44,44,63,90,90,103,103,134,134,134,49,89,89,89,89],"floor_reached":16,"playtime":377,"items_purged":["Strike_R"],"score":282,"play_id":"3d7c18ef-eaa9-46bd-9088-eb692fd71d24","local_time":"20210102211025","is_ascension_mode":true,"campfire_choices":[{"floor":7.0,"key":"DIG"},{"floor":11.0,"key":"DIG"},{"floor":15,"key":"DIG"}],"circlet_count":0,"master_deck":["AscendersBane","Strike_R","Strike_R","Strike_R","Defend_R","Defend_R","Defend_R","Bash","Cleave","Power Through","Pommel Strike","Intimidate","Exhume","Second Wind","Thunderclap"],"relics":["Burning Blood","NeowsBlessing","Shovel","Pen Nib","Ginger","Bronze Scales","Vajra","CeramicFish","Matryoshka"],"acts_visited":["Exordium"],"potions_floor_usage":[16],"damage_taken":[{"damage":0.0,"enemies":"Jaw Worm","floor":1.0,"turns":1.0},{"damage":0.0,"enemies":"Small Slimes","floor":5.0,"turns":1.0},{"damage":0.0,"enemies":"Gremlin Nob","floor":6.0,"turns":1.0},{"damage":2.0,"enemies":"2 Louse","floor":8.0,"turns":3.0},{"damage":25.0,"enemies":"3 Sentries","floor":10.0,"turns":8.0},{"damage":47,"enemies":"Lagavulin","floor":14,"turns":6},{"damage":34,"enemies":"The Guardian","floor":16,"turns":8}],"seed_played":"-3100701571186692979","potions_obtained":[{"floor":5.0,"key":"ElixirPotion"},{"floor":6.0,"key":"ColorlessPotion"},{"floor":14,"key":"PowerPotion"}],"is_trial":false,"path_per_floor":["M","?","$","?","M","E","R","M","T","E","R","?","$","E","R","B"],"character_chosen":"IRONCLAD","items_purchased":["Second Wind"],"campfire_rested":0,"item_purchase_floors":[13],"current_hp_per_floor":[74,67,67,67,73,75,75,75,75,56,56,75,75,34,34,0,0],"gold":89,"neow_bonus":"THREE_ENEMY_KILL","is_daily":false,"chose_seed":false,"campfire_upgraded":0,"win_rate":0.0,"timestamp":1609639825,"path_taken":["M","?","$","?","M","E","R","M","T","E","R","?","$","E","R","BOSS"],"items_purchased_type":["Card"],"build_version":"2020-12-18","purchased_purges":1,"victory":false,"max_hp_per_floor":[75,75,75,75,75,75,75,75,75,75,75,75,75,75,75,75,75],"relic_stats":{"Shovel":3,"counters":[7,28],"Bronze Scales":[37],"CeramicFish":9,"Pen Nib":[3],"Ginger":[0],"obtain_stats":[{"Shovel":6,"Matryoshka":15,"NeowsBlessing":0,"Bronze Scales":10,"CeramicFish":14,"Vajra":11,"Pen Nib":7,"Ginger":9,"Burning Blood":0},{"Shovel":3,"Matryoshka":6,"NeowsBlessing":0,"Bronze Scales":5,"CeramicFish":6,"Vajra":5,"Pen Nib":3,"Ginger":4,"Burning Blood":0},{"Shovel":3,"Matryoshka":20,"NeowsBlessing":0,"Bronze Scales":14,"CeramicFish":20,"Vajra":14,"Pen Nib":3,"Ginger":6,"Burning Blood":0}],"Burning Blood":28},"card_choices":[{"not_picked":["True Grit","Body Slam"],"picked":"Cleave","floor":1.0},{"not_picked":["Anger","Perfected Strike"],"picked":"Pommel Strike","floor":5.0},{"not_picked":["Sentinel","Clash"],"picked":"Intimidate","floor":6.0},{"not_picked":["Wild Strike","Flex","Iron Wave"],"picked":"SKIP","floor":8.0},{"not_picked":["Inflame","Hemokinesis"],"picked":"Exhume","floor":10.0},{"not_picked":["Heavy Blade","Iron Wave"],"picked":"Thunderclap","floor":14}],"player_experience":1954809,"relics_obtained":[{"floor":6.0,"key":"Shovel"},{"floor":7.0,"key":"Pen Nib"},{"floor":9.0,"key":"Ginger"},{"floor":10.0,"key":"Bronze Scales"},{"floor":11.0,"key":"Vajra"},{"floor":14,"key":"CeramicFish"},{"floor":15,"key":"Matryoshka"}],"event_choices":[{"cards_removed":["Strike_R"],"damage_healed":0.0,"max_hp_gain":0.0,"max_hp_loss":0.0,"gold_gain":0.0,"event_name":"Golden Wing","player_choice":"Card Removal","floor":2.0,"gold_loss":0.0,"damage_taken":7.0},{"damage_healed":0.0,"max_hp_gain":0.0,"max_hp_loss":0.0,"gold_gain":0.0,"cards_transformed":["Defend_R"],"event_name":"Living Wall","player_choice":"Change","floor":4.0,"gold_loss":0.0,"damage_taken":0.0,"cards_obtained":["Power Through"]},{"damage_healed":25.0,"max_hp_gain":0.0,"max_hp_loss":0.0,"gold_gain":0.0,"event_name":"Big Fish","player_choice":"Banana","floor":12.0,"gold_loss":0.0,"damage_taken":0.0}],"is_beta":true,"boss_relics":[],"items_purged_floors":[3],"is_endless":false,"potions_floor_spawned":[5,6,14],"killed_by":"The Guardian","ascension_level":20}}