{"host":"s41rn2jhghpwfrvz","time":1609641454,"event":{"mods":["BaseMod","Minty Spire (QoL Compilation)","Quick Restart","Relic Stats","SuperFastMode"],"gold_per_floor":[113,113,113,71,96,96,121,140,165,194,225,267,279,321,333,420,432,463,475,504,546,508,508,533,552,605,605,615,949,949,975,975,1051,1051,1063,1063,1090,1108,636,666,666,699,699,713,743,762,762,234,234,234,234,234,234,128,166,166],"floor_reached":57,"playtime":2127,"items_purged":["Anger","Backstab","Undo+1","Quick Slash+1"],"score":4044,"play_id":"a8af4b5e-ace8-4f9a-870b-70f616d8f949","local_time":"20210103043734","daily_mods":["SealedDeck","Diverse","DeadlyEvents"],"is_ascension_mode":true,"campfire_choices":[{"data":"Prostrate","floor":6,"key":"SMITH"},{"data":"Quick Slash","floor":13,"key":"SMITH"},{"data":"Burning Pact","floor":15,"key":"SMITH"},{"floor":23,"key":"RECALL"},{"data":"Sanctity","floor":27,"key":"SMITH"},{"data":"Undo","floor":32,"key":"SMITH"},{"floor":41,"key":"REST"},{"floor":47,"key":"REST"},{"floor":49,"key":"REST"},{"floor":53,"key":"REST"}],"circlet_count":0,"master_deck":["AscendersBane","Burning Pact+1","Sanctity+1","Prostrate+1","Shrug It Off","Ghostly Armor","Evolve","Offering+1","Offering+1","Gash+1","Feel No Pain","Skim+1","Disarm+1"],"relics":["Burning Blood","Oddly Smooth Stone","Toxic Egg 2","Smiling Mask","MawBank","Potion Belt","White Beast Statue","Black Star","Bag of Marbles","Eternal Feather","Blood Vial","Self Forming Clay","Unceasing Top","Old Coin","Pen Nib","Turnip","Bag of Preparation","Fusion Hammer","Singing Bowl","Anchor","Medical Kit","Matryoshka","CeramicFish","Happy Flower","StoneCalendar","Whetstone","Darkstone Periapt","Pocketwatch","Meat on the Bone","Orichalcum","TungstenRod","Red Skull","Boot"],"acts_visited":["Exordium","TheCity","TheBeyond","TheEnding"],"potions_floor_usage":[16,21,25,29,29,29,30,50,56,56,56,56],"damage_taken":[{"damage":0,"enemies":"Small Slimes","floor":1,"turns":3},{"damage":0,"enemies":"3 Sentries","floor":7,"turns":7},{"damage":0,"enemies":"2 Louse","floor":8,"turns":3},{"damage":0,"enemies":"Lagavulin","floor":10,"turns":4},{"damage":0,"enemies":"Jaw Worm","floor":11,"turns":3},{"damage":0,"enemies":"Gremlin Nob","floor":12,"turns":3},{"damage":6,"enemies":"3 Sentries","floor":14,"turns":5},{"damage":21,"enemies":"Hexaghost","floor":16,"turns":5},{"damage":0,"enemies":"Spheric Guardian","floor":18,"turns":3},{"damage":4,"enemies":"3 Byrds","floor":20,"turns":4},{"damage":4,"enemies":"Gremlin Leader","floor":21,"turns":8},{"damage":0,"enemies":"Book of Stabbing","floor":24,"turns":5},{"damage":0,"enemies":"Cultist and Chosen","floor":25,"turns":5},{"damage":60,"enemies":"Snecko","floor":28,"turns":13},{"damage":0,"enemies":"Slavers","floor":29,"turns":6},{"damage":0,"enemies":"Gremlin Leader","floor":31,"turns":5},{"damage":0,"enemies":"Collector","floor":33,"turns":6},{"damage":6,"enemies":"Orb Walker","floor":35,"turns":1},{"damage":12,"enemies":"Reptomancer","floor":37,"turns":1},{"damage":6,"enemies":"3 Darklings","floor":38,"turns":3},{"damage":0,"enemies":"Giant Head","floor":40,"turns":3},{"damage":12,"enemies":"Nemesis","floor":42,"turns":1},{"damage":6,"enemies":"Jaw Worm Horde","floor":44,"turns":1},{"damage":6,"enemies":"Reptomancer","floor":45,"turns":1},{"damage":6,"enemies":"Writhing Mass","floor":46,"turns":1},{"damage":10,"enemies":"Time Eater","floor":50,"turns":4},{"damage":5,"enemies":"Donu and Deca","floor":51,"turns":2},{"damage":10,"enemies":"Shield and Spear","floor":55,"turns":2},{"damage":10,"enemies":"The Heart","floor":56,"turns":4}],"seed_played":"8025044721436879606","potions_obtained":[{"floor":11,"key":"CultistPotion"},{"floor":12,"key":"BloodPotion"},{"floor":14,"key":"DuplicationPotion"},{"floor":16,"key":"Energy Potion"},{"floor":18,"key":"Energy Potion"},{"floor":20,"key":"LiquidMemories"},{"floor":21,"key":"SkillPotion"},{"floor":25,"key":"Block Potion"},{"floor":29,"key":"BloodPotion"},{"floor":31,"key":"Ancient Potion"},{"floor":33,"key":"AttackPotion"},{"floor":35,"key":"Strength Potion"},{"floor":37,"key":"Swift Potion"},{"floor":40,"key":"Ancient Potion"},{"floor":46,"key":"SpeedPotion"},{"floor":55,"key":"ColorlessPotion"}],"is_trial":true,"path_per_floor":["M","?","?","$","T","R","E","M","T","E","M","E","R","E","R","B",null,"M","?","M","E","$","R","E","M","T","R","M","E","?","E","R","B",null,"M","?","E","M","$","E","R","E","T","M","E","M","R","$","R","B","B",null,"R","$","E","B",null],"character_chosen":"IRONCLAD","items_purchased":["Evolve","Medical Kit","Matryoshka","Feel No Pain","Skim+1","TungstenRod","Energy Potion"],"campfire_rested":4,"item_purchase_floors":[4,39,39,48,48,48,54],"current_hp_per_floor":[74,79,72,72,72,72,78,80,80,80,80,80,80,80,80,65,76,80,80,80,80,80,80,80,80,80,80,26,34,27,35,41,49,76,78,78,76,78,78,88,89,85,85,89,93,97,97,97,97,93,96,97,97,97,93,91],"gold":166,"neow_bonus":"","is_daily":false,"chose_seed":false,"campfire_upgraded":5,"win_rate":0.0,"timestamp":1609641454,"path_taken":["M","?","?","?","?","R","E","M","T","?","?","E","R","E","R","BOSS","M","?","M","?","$","R","E","M","T","R","?","E","?","E","R","BOSS","M","?","?","M","$","E","R","E","T","M","E","M","R","$","R","BOSS","BOSS","R","$","E","BOSS"],"items_purchased_type":["Card","Relic","Relic","Card","Card","Relic","Potion"],"build_version":"2020-12-22","purchased_purges":4,"victory":true,"max_hp_per_floor":[75,80,80,80,80,80,80,80,80,80,80,80,80,80,80,80,80,80,80,80,80,80,80,80,80,80,80,80,80,85,85,85,85,85,85,85,87,87,87,89,89,91,91,93,95,97,97,97,97,97,97,97,97,97,97,97],"relic_stats":{"Darkstone Periapt":0,"Singing Bowl":12,"CeramicFish":27,"StoneCalendar":[0],"Bag of Preparation":[26],"Whetstone":["Gash"],"Smiling Mask":250,"Boot":[0],"Burning Blood":134,"Blood Vial":24,"Happy Flower":[5],"counters":[29,112],"Self Forming Clay":[36],"Eternal Feather":7,"Pen Nib":[12],"Orichalcum":[0],"MawBank":144,"Medical Kit":[4],"Turnip":[8],"Black Star":9,"obtain_stats":[{"Darkstone Periapt":43,"Singing Bowl":37,"CeramicFish":40,"StoneCalendar":42,"Bag of Preparation":31,"Whetstone":42,"Smiling Mask":9,"Boot":55,"Burning Blood":0,"Old Coin":29,"Blood Vial":21,"Matryoshka":39,"Fusion Hammer":34,"Toxic Egg 2":7,"Red Skull":55,"Potion Belt":12,"Happy Flower":40,"Self Forming Clay":24,"Oddly Smooth Stone":5,"Eternal Feather":21,"Pen Nib":29,"Orichalcum":45,"MawBank":10,"Medical Kit":39,"White Beast Statue":14,"Anchor":37,"Turnip":31,"Black Star":17,"Bag of Marbles":19,"Unceasing Top":24,"TungstenRod":48,"Pocketwatch":43,"Meat on the Bone":45},{"Darkstone Periapt":22,"Singing Bowl":19,"CeramicFish":21,"StoneCalendar":22,"Bag of Preparation":16,"Whetstone":22,"Smiling Mask":3,"Boot":28,"Burning Blood":0,"Old Coin":15,"Blood Vial":11,"Matryoshka":20,"Fusion Hammer":17,"Toxic Egg 2":2,"Red Skull":28,"Potion Belt":6,"Happy Flower":21,"Self Forming Clay":12,"Oddly Smooth Stone":1,"Eternal Feather":11,"Pen Nib":15,"Orichalcum":24,"MawBank":4,"Medical Kit":20,"White Beast Statue":7,"Anchor":19,"Turnip":16,"Black Star":8,"Bag of Marbles":9,"Unceasing Top":12,"TungstenRod":25,"Pocketwatch":22,"Meat on the Bone":24},{"Darkstone Periapt":97,"Singing Bowl":90,"CeramicFish":96,"StoneCalendar":97,"Bag of Preparation":82,"Whetstone":97,"Smiling Mask":13,"Boot":108,"Burning Blood":0,"Old Coin":77,"Blood Vial":48,"Matryoshka":93,"Fusion Hammer":88,"Toxic Egg 2":10,"Red Skull":108,"Potion Belt":23,"Happy Flower":96,"Self Forming Clay":53,"Oddly Smooth Stone":3,"Eternal Feather":48,"Pen Nib":77,"Orichalcum":99,"MawBank":17,"Medical Kit":93,"White Beast Statue":28,"Anchor":90,"Turnip":82,"Black Star":33,"Bag of Marbles":36,"Unceasing Top":53,"TungstenRod":100,"Pocketwatch":97,"Meat on the Bone":99}],"Unceasing Top":[0],"TungstenRod":7,"Pocketwatch":[0],"Meat on the Bone":0},"card_choices":[{"not_picked":["FlyingSleeves","FollowUp","Thunderclap"],"picked":"SKIP","floor":1},{"not_picked":["Rebound","Bullet Time+1","Meditate+1"],"picked":"SKIP","floor":7},{"not_picked":["Caltrops","Rage+1","Gash"],"picked":"SKIP","floor":8},{"not_picked":["Cold Snap","Terror+1","Force Field+1"],"picked":"SKIP","floor":10},{"not_picked":["Barrage","Accuracy","Armaments+1"],"picked":"SKIP","floor":11},{"not_picked":["Ball Lightning","Sweeping Beam","EmptyBody+1"],"picked":"SKIP","floor":12},{"not_picked":["Twin Strike","Prepared+1","ClearTheMind+1"],"picked":"SKIP","floor":14},{"not_picked":["ThirdEye+1","Evaluate+1","Indignation+1"],"picked":"SKIP","floor":18},{"not_picked":["Conserve Battery+1","Dropkick","Armaments+1"],"picked":"SKIP","floor":20},{"not_picked":["SashWhip","Collect+1","Cleave+1"],"picked":"SKIP","floor":21},{"not_picked":["Blood for Blood","Cloak And Dagger+1","Glacier+1"],"picked":"SKIP","floor":24},{"not_picked":["Gash","BowlingBash+1","Rampage"],"picked":"SKIP","floor":25},{"not_picked":["EmptyBody+1","TalkToTheHand","Pray+1"],"picked":"SKIP","floor":28},{"not_picked":["SandsOfTime","Storm","Fission+1"],"picked":"SKIP","floor":29},{"not_picked":["Storm","Leap+1","Sanctity+1"],"picked":"SKIP","floor":31},{"not_picked":["Corruption","Biased Cognition"],"picked":"Offering+1","floor":33},{"not_picked":["Iron Wave","LikeWater+1","Quick Slash"],"picked":"SKIP","floor":35},{"not_picked":["Fire Breathing+1","ThirdEye+1","Wild Strike+1"],"picked":"Singing Bowl","floor":37},{"not_picked":["Expertise+1","Meditate+1"],"picked":"Gash","floor":38},{"not_picked":["Outmaneuver+1","FlurryOfBlows","Sword Boomerang+1"],"picked":"Singing Bowl","floor":40},{"not_picked":["Iron Wave","Lockon","FlurryOfBlows"],"picked":"Singing Bowl","floor":42},{"not_picked":["Bane","WaveOfTheHand+1","Sword Boomerang"],"picked":"Singing Bowl","floor":44},{"not_picked":["ClearTheMind+1","Underhanded Strike+1","Bane+1"],"picked":"Singing Bowl","floor":45},{"not_picked":["Footwork","Twin Strike","Chill+1"],"picked":"Singing Bowl","floor":46},{"not_picked":["Metallicize","Headbutt+1"],"picked":"Disarm+1","floor":55}],"player_experience":1636692,"relics_obtained":[{"floor":5,"key":"Oddly Smooth Stone"},{"floor":7,"key":"Toxic Egg 2"},{"floor":9,"key":"Smiling Mask"},{"floor":10,"key":"MawBank"},{"floor":12,"key":"Potion Belt"},{"floor":14,"key":"White Beast Statue"},{"floor":21,"key":"Eternal Feather"},{"floor":21,"key":"Blood Vial"},{"floor":24,"key":"Self Forming Clay"},{"floor":24,"key":"Unceasing Top"},{"floor":29,"key":"Old Coin"},{"floor":29,"key":"Pen Nib"},{"floor":31,"key":"Turnip"},{"floor":31,"key":"Bag of Preparation"},{"floor":37,"key":"Singing Bowl"},{"floor":37,"key":"Anchor"},{"floor":40,"key":"CeramicFish"},{"floor":40,"key":"Happy Flower"},{"floor":42,"key":"StoneCalendar"},{"floor":42,"key":"Whetstone"},{"floor":43,"key":"Darkstone Periapt"},{"floor":43,"key":"Pocketwatch"},{"floor":45,"key":"Meat on the Bone"},{"floor":45,"key":"Orichalcum"},{"floor":55,"key":"Red Skull"},{"floor":55,"key":"Boot"}],"event_choices":[{"damage_healed":0,"gold_gain":0,"player_choice":"Donut","damage_taken":0,"max_hp_gain":5,"max_hp_loss":0,"event_name":"Big Fish","floor":2,"gold_loss":0},{"cards_removed":["Deflect"],"damage_healed":0,"gold_gain":0,"player_choice":"Card Removal","damage_taken":7,"max_hp_gain":0,"max_hp_loss":0,"event_name":"Golden Wing","floor":3,"gold_loss":0},{"damage_healed":0,"gold_gain":0,"player_choice":"Gave Potion","damage_taken":0,"relics_obtained":["Bag of Marbles"],"max_hp_gain":0,"max_hp_loss":0,"event_name":"WeMeetAgain","floor":19,"gold_loss":0},{"damage_healed":0,"gold_gain":0,"player_choice":"Shed Blood","damage_taken":28,"max_hp_gain":5,"max_hp_loss":0,"event_name":"Forgotten Altar","floor":30,"gold_loss":0},{"damage_healed":0,"gold_gain":0,"player_choice":"Copied","damage_taken":0,"max_hp_gain":0,"max_hp_loss":0,"event_name":"Duplicator","floor":36,"gold_loss":0,"cards_obtained":["Offering"]}],"is_beta":false,"boss_relics":[{"not_picked":["Philosopher\u0027s Stone","Coffee Dripper"],"picked":"Black Star"},{"not_picked":["Sozu","Cursed Key"],"picked":"Fusion Hammer"}],"items_purged_floors":[22,39,48,54],"is_endless":false,"potions_floor_spawned":[11,12,14,16,18,20,21,24,25,28,29,31,33,35,37,38,40,42,44,45,46,55],"ascension_level":20}}