{"host":"wghdsg8ym2wc7ov9","time":1609660793,"event":{"mods":["AchievementEnabler","Astrologer","BaseMod","Beaked The Cultist","Better Altar","Better Note","Colored Map","Downfall","Hermit","Highlight Path","Jorbs\u0027s Wanderer Trilogy","KinomotoSakuraMod(????)","Minty Spire (QoL Compilation)","Random Character Button","Relic Stats","SIMod","Shop Mod","StSLib","The Blackbeard","The Bladedancer","The Construct","The Cursed","The Death Knight","The Gatherer","The Hierophant","The Marked","The Mystic","The Necromancer","The Runesmith","The Senshi","The Servant 0.9.4"],"gold_per_floor":[112,112,132,145,157,187,187,248,248,248,265,265,290,290,290,389,389,409,420,431,611,629,629,12,12,12,12,43,63,213,227,227,326,326,339,389,405,455,505,515,515,530,530,596,25,75,87,149,161,198,210,222,16,45,45],"floor_reached":56,"playtime":6990,"items_purged":[],"score":1232,"play_id":"1e516f30-7b60-4818-9aef-53f61128fcd7","local_time":"20210102235953","is_ascension_mode":false,"campfire_choices":[{"data":"blackbeard:ReapersScythe","floor":7.0,"key":"SMITH"},{"data":"blackbeard:BrownPants","floor":12.0,"key":"SMITH"},{"data":"blackbeard:Revenge","floor":15.0,"key":"SMITH"},{"data":"Discovery","floor":23.0,"key":"SMITH"},{"floor":25.0,"key":"REST"},{"floor":32.0,"key":"REST"},{"floor":41.0,"key":"RECALL"},{"data":"blackbeard:Parrot","floor":47,"key":"SMITH"},{"floor":49,"key":"REST"},{"floor":52,"key":"REST"}],"circlet_count":0,"master_deck":["blackbeard:BlackbeardStrike+1","blackbeard:BlackbeardStrike+1","blackbeard:BlackbeardStrike+1","blackbeard:IntimidatingStrike+1","blackbeard:BlackbeardDefend+1","blackbeard:BlackbeardDefend+1","blackbeard:BlackbeardDefend+1","blackbeard:BlackbeardDefend+1","blackbeard:Cutlass+1","blackbeard:BlindAttacks+1","blackbeard:Revenge+1","blackbeard:GoldenStrike+1","blackbeard:BrownPants+1","blackbeard:ReapersScythe+1","blackbeard:Fencing+1","blackbeard:RearmingStrike+1","blackbeard:FieryDefense+1","blackbeard:Rum+1","blackbeard:Parrot+1","Discovery+1","blackbeard:DeadlyArsenal+1","blackbeard:Revenge+1","blackbeard:Sharpening+1","Blind+1","Dramatic Entrance+1","blackbeard:FieryDefense+1","blackbeard:TerrorOfTheSeas+1","blackbeard:CaptainsCabin+1","blackbeard:Spear+1","blackbeard:Halberd+1","blackbeard:Spear+1","Good Instincts+1","Discovery+1","blackbeard:Fencing+1","Writhe","blackbeard:GoldenCannonball+1","blackbeard:GoldenDefense+1","blackbeard:WiseDefense+1","blackbeard:FieryDefense+1","blackbeard:Bandana+1","blackbeard:Parrot+1","blackbeard:TacticalRetreat","blackbeard:Revenge","blackbeard:Toast+1"],"relics":["blackbeard:LoadTheCannons","blackbeard:Penknife","StrikeDummy","Sundial","Pen Nib","Toolbox","CaptainsWheel","SsserpentHead","Sozu","Bag of Preparation","Thread and Needle","blackbeard:CrossedSwords","Mark of the Bloom","MerchantsRug","Ice Cream","Calipers"],"acts_visited":["Exordium","TheCity","TheBeyond","TheEnding"],"potions_floor_usage":[55],"damage_taken":[{"damage":0.0,"enemies":"2 Louse","floor":1.0,"turns":2.0},{"damage":0.0,"enemies":"Cultist","floor":3.0,"turns":3.0},{"damage":2.0,"enemies":"Small Slimes","floor":4.0,"turns":2.0},{"damage":8.0,"enemies":"2 Fungi Beasts","floor":5.0,"turns":3.0},{"damage":25.0,"enemies":"3 Sentries","floor":6.0,"turns":8.0},{"damage":8.0,"enemies":"3 Sentries","floor":8.0,"turns":6.0},{"damage":0.0,"enemies":"Gremlin Gang","floor":11.0,"turns":2.0},{"damage":12.0,"enemies":"Lagavulin","floor":13.0,"turns":5.0},{"damage":11.0,"enemies":"The Guardian","floor":16.0,"turns":7.0},{"damage":14.0,"enemies":"Spheric Guardian","floor":18.0,"turns":5.0},{"damage":25.0,"enemies":"3 Byrds","floor":19.0,"turns":4.0},{"damage":0.0,"enemies":"Centurion and Healer","floor":20.0,"turns":6.0},{"damage":5.0,"enemies":"Chosen and Byrds","floor":22.0,"turns":3.0},{"damage":24.0,"enemies":"Gremlin Leader","floor":28.0,"turns":7.0},{"damage":0.0,"enemies":"Shelled Parasite and Fungi","floor":29.0,"turns":1.0},{"damage":14.0,"enemies":"Snake Plant","floor":31.0,"turns":3.0},{"damage":67.0,"enemies":"Collector","floor":33.0,"turns":8.0},{"damage":34.0,"enemies":"3 Darklings","floor":35.0,"turns":4.0},{"damage":0.0,"enemies":"Orb Walker","floor":37.0,"turns":1.0},{"damage":24.0,"enemies":"Spire Growth","floor":40.0,"turns":4.0},{"damage":8.0,"enemies":"3 Darklings","floor":42.0,"turns":3.0},{"damage":24.0,"enemies":"Sphere and 2 Shapes","floor":44.0,"turns":5.0},{"damage":0.0,"enemies":"Nemesis","floor":46.0,"turns":5.0},{"damage":12,"enemies":"Donu and Deca","floor":50,"turns":6},{"damage":33,"enemies":"Shield and Spear","floor":54,"turns":5},{"damage":34,"enemies":"The Heart","floor":55,"turns":8}],"seed_played":"7352268009927741822","potions_obtained":[{"floor":3.0,"key":"Block Potion"},{"floor":4.0,"key":"Block Potion"},{"floor":11.0,"key":"LiquidMemories"},{"floor":13.0,"key":"SneckoOil"},{"floor":19.0,"key":"SneckoOil"},{"floor":28.0,"key":"BlessingOfTheForge"},{"floor":29.0,"key":"FearPotion"}],"is_trial":false,"path_per_floor":["M","?","M","M","M","E","R","?","T","?","M","R","E","?","R","B",null,"M","M","M","?","M","R","$","R","T","?","E","M","?","M","R","B",null,"M","?","M","?","?","M","R","M","T","M","$","E","R","?","R","B",null,"R","$","E","B",null],"character_chosen":"BLACKBEARD_CLASS","items_purchased":["Pen Nib","Toolbox","CaptainsWheel","Thread and Needle","blackbeard:CrossedSwords","blackbeard:FieryDefense","blackbeard:Bandana","MerchantsRug","Ice Cream","blackbeard:TacticalRetreat","blackbeard:Revenge"],"campfire_rested":4,"item_purchase_floors":[24,24,24,45,45,45,45,53,53,53,53],"current_hp_per_floor":[82,82,82,80,72,47,47,39,39,36,42,42,36,36,36,31,82,74,55,61,29,30,30,30,54,54,54,36,42,42,34,73,12,82,54,49,55,76,76,58,79,77,77,59,59,65,82,82,82,70,70,70,70,37,3],"gold":45,"neow_bonus":"TEN_PERCENT_HP_BONUS","is_daily":false,"chose_seed":false,"campfire_upgraded":5,"win_rate":0.0,"timestamp":1609660793,"path_taken":["M","?","M","?","M","E","R","?","T","?","M","R","E","?","R","BOSS","M","?","M","?","M","R","$","R","T","?","E","M","?","M","R","BOSS","M","?","M","?","?","M","R","M","T","?","$","E","R","?","R","BOSS","R","$","E","BOSS"],"items_purchased_type":["Relic","Relic","Relic","Relic","Relic","Card","Card","Relic","Relic","Card","Card"],"build_version":"2020-12-22","purchased_purges":0,"victory":true,"max_hp_per_floor":[82,82,82,82,82,82,82,82,82,82,82,82,82,82,82,82,82,82,82,82,82,82,82,82,82,82,82,82,82,82,82,82,82,82,82,82,82,82,82,82,82,82,82,82,82,82,82,82,82,82,82,82,82,82,82],"relic_stats":{"Sozu":4,"SsserpentHead":300,"Mark of the Bloom":184,"counters":[26,116],"Sundial":[4],"Pen Nib":[10],"Bag of Preparation":[10],"obtain_stats":[{"Ice Cream":53,"MerchantsRug":53,"Mark of the Bloom":48,"Calipers":54,"blackbeard:Penknife":6,"blackbeard:LoadTheCannons":0,"Eternal Feather":28,"Thread and Needle":45,"Pen Nib":24,"theSenshi:FeatherClipsRelic":8,"Bag of Preparation":43,"blackbeard:CrossedSwords":45,"Question Card":10,"MawBank":46,"Sozu":34,"SsserpentHead":27,"CaptainsWheel":24,"Sundial":13,"beaked:SacredDeck":17,"Toolbox":24,"StrikeDummy":9},{"Ice Cream":24,"MerchantsRug":24,"Mark of the Bloom":23,"Calipers":25,"blackbeard:Penknife":5,"blackbeard:LoadTheCannons":0,"Eternal Feather":14,"Thread and Needle":22,"Pen Nib":13,"theSenshi:FeatherClipsRelic":6,"Bag of Preparation":21,"blackbeard:CrossedSwords":22,"Question Card":6,"MawBank":23,"Sozu":17,"SsserpentHead":13,"CaptainsWheel":13,"Sundial":8,"beaked:SacredDeck":9,"Toolbox":13,"StrikeDummy":6},{"Ice Cream":103,"MerchantsRug":103,"Mark of the Bloom":97,"Calipers":108,"blackbeard:Penknife":18,"blackbeard:LoadTheCannons":0,"Eternal Feather":63,"Thread and Needle":92,"Pen Nib":56,"theSenshi:FeatherClipsRelic":24,"Bag of Preparation":87,"blackbeard:CrossedSwords":92,"Question Card":24,"MawBank":97,"Sozu":75,"SsserpentHead":56,"CaptainsWheel":56,"Sundial":31,"beaked:SacredDeck":38,"Toolbox":56,"StrikeDummy":24}]},"card_choices":[{"not_picked":["blackbeard:CannonballSupply","blackbeard:PiratesWill"],"picked":"blackbeard:BlindAttacks","floor":1.0},{"not_picked":["blackbeard:Fencing","blackbeard:TacticalRetreat"],"picked":"blackbeard:Revenge","floor":3.0},{"not_picked":["blackbeard:PirateHook","blackbeard:Spear"],"picked":"blackbeard:GoldenStrike","floor":4.0},{"not_picked":["blackbeard:Spear","blackbeard:Sharpening"],"picked":"blackbeard:BrownPants","floor":5.0},{"not_picked":["blackbeard:WoodenLeg","blackbeard:PirateEarring"],"picked":"blackbeard:ReapersScythe","floor":6.0},{"not_picked":["blackbeard:Dagger","blackbeard:Shrapnel"],"picked":"blackbeard:Fencing","floor":8.0},{"not_picked":["blackbeard:DeadlyArsenal","blackbeard:CloakAndCannonball","blackbeard:PirateStrength"],"picked":"blackbeard:RearmingStrike","floor":11.0},{"not_picked":["blackbeard:Fencing","blackbeard:Scrap","blackbeard:GoldenStrike"],"picked":"blackbeard:FieryDefense","floor":13.0},{"not_picked":["blackbeard:UndeadForm","blackbeard:BountyHunter","blackbeard:PowerHungry"],"picked":"blackbeard:Parrot","floor":16.0},{"not_picked":["blackbeard:GoldenStrike","blackbeard:BeatUp","blackbeard:CloakAndCannonball"],"picked":"blackbeard:DeadlyArsenal+1","floor":18.0},{"not_picked":["blackbeard:Fencing","blackbeard:WiseDefense+1","blackbeard:Sharpening"],"picked":"blackbeard:Revenge+1","floor":19.0},{"not_picked":["blackbeard:Dagger","blackbeard:VengefulSpirit+1","blackbeard:PirateEarring"],"picked":"blackbeard:Sharpening","floor":20.0},{"not_picked":["blackbeard:UndeadForm","blackbeard:SwordDance","blackbeard:Shrapnel+1"],"picked":"blackbeard:FieryDefense+1","floor":22.0},{"not_picked":["blackbeard:Lifeboat","blackbeard:SwordDance","blackbeard:Revenge+1"],"picked":"blackbeard:TerrorOfTheSeas","floor":28.0},{"not_picked":["blackbeard:VengefulSpirit","blackbeard:Shrapnel+1","blackbeard:TacticalRetreat+1"],"picked":"blackbeard:CaptainsCabin","floor":29.0},{"not_picked":["blackbeard:Fencing","blackbeard:CloakAndCannonball","blackbeard:DeadlyArsenal"],"picked":"blackbeard:Spear+1","floor":31.0},{"not_picked":["blackbeard:BountyHunter","blackbeard:Murder","blackbeard:GoldenRain"],"picked":"blackbeard:Halberd","floor":33.0},{"not_picked":["blackbeard:Anchor+1","blackbeard:Shrapnel","blackbeard:TacticalRetreat"],"picked":"blackbeard:Spear","floor":35.0},{"not_picked":["Purity","Impatience","Swift Strike"],"picked":"Good Instincts","floor":36.0},{"not_picked":["Enlightenment","Master of Strategy","Good Instincts"],"picked":"Discovery","floor":36.0},{"not_picked":["blackbeard:Dagger","blackbeard:VengefulSpirit","blackbeard:CaptainsCabin"],"picked":"blackbeard:Fencing","floor":37.0},{"not_picked":["blackbeard:CloakAndCannonball","blackbeard:Dagger+1","blackbeard:PiratesWill"],"picked":"blackbeard:GoldenCannonball","floor":40.0},{"not_picked":["blackbeard:GoldenStrike","blackbeard:FishingNets+1","blackbeard:Sword+1"],"picked":"blackbeard:GoldenDefense+1","floor":42.0},{"not_picked":["blackbeard:Provisioning+1","blackbeard:SwordDance+1","blackbeard:FishingNets"],"picked":"blackbeard:WiseDefense","floor":44.0},{"not_picked":["blackbeard:CloakAndCannonball+1","blackbeard:FieryDefense","blackbeard:FinalBarrage"],"picked":"blackbeard:Parrot","floor":46},{"not_picked":["blackbeard:DangerousBlow+1","blackbeard:BuriedTreasure+1"],"picked":"blackbeard:Toast+1","floor":54}],"player_experience":589313,"relics_obtained":[{"floor":6.0,"key":"blackbeard:Penknife"},{"floor":8.0,"key":"theSenshi:FeatherClipsRelic"},{"floor":9.0,"key":"StrikeDummy"},{"floor":13.0,"key":"Sundial"},{"floor":28.0,"key":"Eternal Feather"},{"floor":43.0,"key":"Bag of Preparation"},{"floor":46,"key":"MawBank"},{"floor":54,"key":"Calipers"}],"event_choices":[{"damage_healed":0.0,"max_hp_gain":0.0,"max_hp_loss":0.0,"gold_gain":0.0,"event_name":"Upgrade Shrine","player_choice":"Upgraded","floor":2.0,"gold_loss":0.0,"damage_taken":0.0,"cards_upgraded":["blackbeard:IntimidatingStrike"]},{"damage_healed":0.0,"max_hp_gain":0.0,"max_hp_loss":0.0,"gold_gain":30.0,"event_name":"Dead Adventurer","player_choice":"Searched \u00272\u0027 times","floor":8.0,"gold_loss":0.0,"damage_taken":0.0},{"damage_healed":0.0,"max_hp_gain":0.0,"max_hp_loss":0.0,"gold_gain":0.0,"event_name":"Scrap Ooze","player_choice":"Success","floor":10.0,"gold_loss":0.0,"damage_taken":3.0,"relics_obtained":["Question Card"]},{"damage_healed":0.0,"max_hp_gain":0.0,"max_hp_loss":0.0,"gold_gain":0.0,"cards_transformed":["blackbeard:BlackbeardStrike"],"event_name":"Transmorgrifier","player_choice":"Transformed","floor":14.0,"gold_loss":0.0,"damage_taken":0.0,"cards_obtained":["blackbeard:Rum"]},{"damage_healed":0.0,"max_hp_gain":0.0,"max_hp_loss":0.0,"gold_gain":180.0,"event_name":"Knowing Skull","player_choice":"GOLD CARD CARD GOLD ","floor":21.0,"potions_obtained":[],"gold_loss":0.0,"damage_taken":32.0,"cards_obtained":["Blind","Dramatic Entrance"]},{"damage_healed":0.0,"max_hp_gain":0.0,"max_hp_loss":0.0,"gold_gain":0.0,"event_name":"FaceTrader","player_choice":"Trade","floor":27.0,"gold_loss":0.0,"damage_taken":0.0,"relics_obtained":["SsserpentHead"]},{"damage_healed":0.0,"max_hp_gain":0.0,"max_hp_loss":0.0,"gold_gain":100.0,"event_name":"Golden Shrine","player_choice":"Pray","floor":30.0,"gold_loss":0.0,"damage_taken":0.0},{"damage_healed":0.0,"max_hp_gain":0.0,"max_hp_loss":0.0,"gold_gain":0.0,"event_name":"SensoryStone","player_choice":"Memory 2","floor":36.0,"gold_loss":0.0,"damage_taken":5.0},{"damage_healed":21.0,"max_hp_gain":0.0,"max_hp_loss":0.0,"gold_gain":0.0,"event_name":"Winding Halls","player_choice":"Writhe","floor":38.0,"gold_loss":0.0,"damage_taken":0.0,"cards_obtained":["Writhe"]},{"damage_healed":0.0,"max_hp_gain":0.0,"max_hp_loss":0.0,"gold_gain":0.0,"event_name":"SecretPortal","player_choice":"Ignored","floor":39.0,"gold_loss":0.0,"damage_taken":0.0},{"damage_healed":0,"gold_gain":0,"player_choice":"Upgrade","damage_taken":0,"relics_obtained":["Mark of the Bloom"],"max_hp_gain":0,"max_hp_loss":0,"event_name":"MindBloom","floor":48,"gold_loss":0,"cards_upgraded":["blackbeard:BlackbeardStrike","blackbeard:BlackbeardStrike","blackbeard:BlackbeardStrike","blackbeard:BlackbeardDefend","blackbeard:BlackbeardDefend","blackbeard:BlackbeardDefend","blackbeard:BlackbeardDefend","blackbeard:Cutlass","blackbeard:BlindAttacks","blackbeard:GoldenStrike","blackbeard:Fencing","blackbeard:RearmingStrike","blackbeard:FieryDefense","blackbeard:Rum","blackbeard:Sharpening","Blind","Dramatic Entrance","blackbeard:TerrorOfTheSeas","blackbeard:CaptainsCabin","blackbeard:Halberd","blackbeard:Spear","Good Instincts","Discovery","blackbeard:Fencing","blackbeard:GoldenCannonball","blackbeard:WiseDefense","blackbeard:FieryDefense","blackbeard:Bandana","blackbeard:Parrot"]}],"is_beta":false,"boss_relics":[{"not_picked":["Tiny House","Runic Dome"],"picked":"beaked:SacredDeck"},{"not_picked":["Fusion Hammer","Snecko Eye"],"picked":"Sozu"}],"items_purged_floors":[],"is_endless":false,"potions_floor_spawned":[3,4,11,13,19,28,29,40,42,44,54],"ascension_level":0}}