{"host":"bf9sa99gaumonoeu","time":1609639815,"event":{"mods":["AchievementEnabler","Act Like it!","BaseMod","Better Sensory Stone","Colored Map","Colored Powertips","Downfall","Duelist Mod","Friendly Minions","Gensokyo","GifTheSpireLib","Hallownest","Hermit","Hubris","Jorbs\u0027s Wanderer Trilogy","KinomotoSakuraMod(????)","Koishi","KomeijiMod","Lobotomy","Marisa????????","Minty Spire (QoL Compilation)","Rare Cards Sparkle","Reimu??????","Remilia??????","Replay The Spire","Shop Mod","StSLib","The Administrix","The Animator","The Blue Laboratory","The Bug Knight","The Construct","The Cursed","The Disciple","The Hierophant","The Mystic","The Necromancer","The Poker Player","The Runesmith","The Senshi","The Servant 0.9.4","Waifu the Spire"],"gold_per_floor":[180,199,216,233,250,278,248,248,273,283,309,320,320,340,340,439,439,454,454,97,112,112,140,152,166,166,166,9,42,62,80,80,181,181,196,216,216],"floor_reached":36,"playtime":4089,"items_purged":["Strike_Remiria"],"score":447,"play_id":"03013fa2-ba70-47ec-8fdf-c300fddb0cae","local_time":"20210103001015","is_ascension_mode":false,"campfire_choices":[{"data":"Absorbed","floor":8.0,"key":"SMITH"},{"floor":15.0,"key":"REST"},{"data":"CruelSlaughter","floor":27,"key":"SMITH"},{"data":"Strike_Remiria","floor":32,"key":"PURGE"}],"circlet_count":0,"master_deck":["Defend_Remirira","Absorbed+1","Scratch","FateEnsemble","FierceSweep","Paradox","DemonsDinnerFork_Remiria","BloodyMagicSquare","BathedInBlood","BloodCleaner","RocketKickup","Coercion+1","Impregnable","VampireKiss_Remiria","StigmaNizer","BloodCoagulation","CruelSlaughter+1","Lonely","ScarletNetherworld","NaturallyHealing","NaturallyHealing","Cripple","BloodySuit","DamonLordCradle_Remiria","DoubleEdge","HeartBreak_Remiria","RemiliaStalker","StigmaNizer","BodyStrengthen+1","Sickly","Hallucinations","ServantFlier+1"],"relics":["ThirstyCrossSpe","Eternal Feather","Dream Catcher","Replay:Multitool","Painkiller Herb","SpecialStopwatch","ClockworkSouvenir","NlothsMask","HoshigumaDish","hubris:GlazedTorus","Kintsugi"],"acts_visited":["Exordium","TheCity","TheCity"],"potions_floor_usage":[25,33],"damage_taken":[{"damage":0.0,"enemies":"Cultist","floor":1.0,"turns":4.0},{"damage":0.0,"enemies":"Jaw Worm","floor":2.0,"turns":3.0},{"damage":0.0,"enemies":"Small Slimes","floor":3.0,"turns":3.0},{"damage":9.0,"enemies":"Red Slaver","floor":4.0,"turns":4.0},{"damage":7.0,"enemies":"Exordium Wildlife","floor":5.0,"turns":3.0},{"damage":26.0,"enemies":"HollowMod:MossKnight","floor":6.0,"turns":8.0},{"damage":3.0,"enemies":"Looter","floor":7.0,"turns":4.0},{"damage":9.0,"enemies":"Red Slaver","floor":10.0,"turns":3.0},{"damage":14.0,"enemies":"Gremlin Nob","floor":11.0,"turns":4.0},{"damage":15.0,"enemies":"Blue Slaver","floor":12.0,"turns":4.0},{"damage":11.0,"enemies":"Gremlin Gang","floor":14.0,"turns":3.0},{"damage":24.0,"enemies":"Fading Forest","floor":16.0,"turns":11.0},{"damage":0.0,"enemies":"3 Byrds","floor":18.0,"turns":4.0},{"damage":23,"enemies":"Spheric Guardian","floor":21,"turns":4},{"damage":16,"enemies":"theDuelist:KaibaA2","floor":23,"turns":6},{"damage":16,"enemies":"Cultist and Chosen","floor":24,"turns":6},{"damage":7,"enemies":"Sentry and Sphere","floor":25,"turns":5},{"damage":19,"enemies":"Replay:Snechameleon","floor":29,"turns":7},{"damage":7,"enemies":"Shelled Parasite and Fungi","floor":30,"turns":3},{"damage":10,"enemies":"Cultist and Chosen","floor":31,"turns":6},{"damage":22,"enemies":"hubris:MusketHawk","floor":33,"turns":8},{"damage":35,"enemies":"Gensokyo:AncientGuardian","floor":35,"turns":5},{"damage":0,"enemies":"Gensokyo:3_Boulders","floor":36,"turns":3}],"seed_played":"-6066664151917966035","potions_obtained":[{"floor":3.0,"key":"BlessingOfTheForge"},{"floor":4.0,"key":"blueLaboratory:RememoryPotion"},{"floor":10.0,"key":"Block Potion"},{"floor":11.0,"key":"Toxic Potion"},{"floor":14.0,"key":"blueLaboratory:StoneskinPotion"},{"floor":16.0,"key":"SkillPotion"},{"floor":24,"key":"blueLaboratory:BottledHope"},{"floor":29,"key":"ColorlessPotion"},{"floor":35,"key":"blueLaboratory:RememoryPotion"}],"is_trial":false,"path_per_floor":["M","M","M","M","M","E","M","R","T","M","E","M","?","M","R","B",null,"?","?","T","?","?","E","?","?","T","T","T","E","?","?","T","B",null,"?","?"],"character_chosen":"RemiriaScarlet","items_purchased":["ClockworkSouvenir","ScarletNetherworld","NaturallyHealing","HeartBreak_Remiria"],"campfire_rested":1,"item_purchase_floors":[20,20,20,28],"current_hp_per_floor":[90,90,90,81,74,48,45,54,54,45,31,16,16,5,53,46,120,120,120,120,97,97,85,69,68,68,86,86,70,63,53,74,70,120,88,88,88],"gold":216,"neow_bonus":"TWENTY_PERCENT_HP_BONUS","is_daily":false,"chose_seed":false,"campfire_upgraded":2,"win_rate":0.0,"timestamp":1609639815,"path_taken":["M","M","M","?","M","E","M","R","T","M","E","M","?","M","R","BOSS","?","?","T","?","?","E","?","?","T","T","T","E","?","?","T","BOSS","?","?"],"items_purchased_type":["Relic","Card","Card","Card"],"build_version":"2020-12-22","purchased_purges":1,"victory":false,"max_hp_per_floor":[120,120,120,120,120,120,120,120,120,120,120,120,120,120,120,120,120,120,120,120,120,120,120,120,120,120,120,120,120,120,120,120,120,120,120,120,120],"card_choices":[{"not_picked":["Warpath","Cripple"],"picked":"FateEnsemble","floor":1.0},{"not_picked":["BloodCollect","TricksterDevil"],"picked":"FierceSweep","floor":2.0},{"not_picked":["BloodSurge","Culling"],"picked":"Paradox","floor":3.0},{"not_picked":["TricksterDevil","AllTheWorldInNightmare"],"picked":"DemonsDinnerFork_Remiria","floor":4.0},{"not_picked":["SeparateFleshBlood","FateEnsemble"],"picked":"BloodyMagicSquare","floor":5.0},{"not_picked":["StigmaNizer","FateEnsemble"],"picked":"BathedInBlood","floor":6.0},{"not_picked":["YoungDemonLord","Offensive"],"picked":"BloodCleaner","floor":7.0},{"not_picked":["BloodCollect","BloodySuit"],"picked":"RocketKickup","floor":10.0},{"not_picked":["BloodySuit","YoungDemonLord"],"picked":"Coercion","floor":11.0},{"not_picked":["ServantFlier","FateCollect"],"picked":"Impregnable","floor":12.0},{"not_picked":["BloodCollect","FierceSweep"],"picked":"VampireKiss_Remiria","floor":14.0},{"not_picked":["BathedInBlood","BloodCleaner"],"picked":"StigmaNizer","floor":15.0},{"not_picked":["Coercion","Septette"],"picked":"BloodCoagulation","floor":16.0},{"not_picked":["Warpath","BloodPact"],"picked":"CruelSlaughter","floor":18.0},{"not_picked":["ThePrice","FierceSweep"],"picked":"Cripple","floor":21},{"not_picked":["Feint","RocketKickup"],"picked":"BloodySuit","floor":23},{"not_picked":["DemonLordWalk","ThirstForBlood"],"picked":"DamonLordCradle_Remiria","floor":24},{"not_picked":["StigmaNizer","BloodCleaner+1"],"picked":"DoubleEdge","floor":25},{"not_picked":["Rewrite","FateCollect"],"picked":"RemiliaStalker","floor":29},{"not_picked":["ScarletNetherworld","BathedInBlood"],"picked":"StigmaNizer","floor":30},{"not_picked":["BloodySuit+1","BloodCleaner"],"picked":"BodyStrengthen+1","floor":31},{"not_picked":["BloodyMagicSquare","BloodCleaner+1"],"picked":"ServantFlier+1","floor":35},{"not_picked":["SealingFear+1","Rewrite+1","DemonsDinnerFork_Remiria+1"],"picked":"SKIP","floor":36}],"player_experience":701565,"relics_obtained":[{"floor":6.0,"key":"Eternal Feather"},{"floor":9.0,"key":"Dream Catcher"},{"floor":11.0,"key":"Replay:Multitool"},{"floor":23,"key":"HoshigumaDish"},{"floor":29,"key":"hubris:GlazedTorus"}],"event_choices":[{"damage_healed":0.0,"max_hp_gain":0.0,"max_hp_loss":0.0,"gold_gain":0.0,"event_name":"Living Wall","player_choice":"Grow","floor":13.0,"gold_loss":0.0,"damage_taken":0.0,"cards_upgraded":["Coercion"]},{"damage_healed":0,"gold_gain":0,"player_choice":"Trade","damage_taken":0,"relics_obtained":["NlothsMask"],"max_hp_gain":0,"max_hp_loss":0,"event_name":"FaceTrader","floor":22,"gold_loss":0}],"is_beta":false,"boss_relics":[{"not_picked":["Astrolabe","Fusion Hammer"],"picked":"Painkiller Herb"},{"not_picked":["Philosopher\u0027s Stone","ReplayTheSpireMod:DimensionalGlitch"],"picked":"Kintsugi"}],"items_purged_floors":[20],"is_endless":false,"potions_floor_spawned":[3,4,10,11,14,16,18,24,29,30,35],"killed_by":"Gensokyo:3_Boulders","ascension_level":0}}