{"host":"y89x8uui45kcjy42","time":1609684254,"event":{"mods":["2.2 Compatiblity","BaseMod","CapriCore","Colored Map","Colored Powertips","Custom Start","Friendly Minions","Keyboard Shortcuts","Minty Spire (QoL Compilation)","Relic Stats","Slay the Relics Exporter","StSLib","SuperFastMode"],"gold_per_floor":[117,42,42,69,219,250,250,250,298,298,313,313,325,58,58,134,134,147,147,147,162,37,37,37],"floor_reached":23,"playtime":402,"items_purged":["Strike_P","Strike_P","Defend_P"],"score":420,"play_id":"e93c9608-7737-42bd-94bb-b35efad11ba5","local_time":"20210103233054","is_ascension_mode":true,"campfire_choices":[{"data":"Eruption","floor":7,"key":"SMITH"},{"data":"EmptyFist","floor":10,"key":"SMITH"},{"data":"Evaluate","floor":15,"key":"SMITH"}],"circlet_count":0,"master_deck":["AscendersBane","Strike_P","Defend_P","Defend_P+1","Eruption+1","Vigilance","CrushJoints+1","EmptyFist+1","EmptyMind","Evaluate+1","Scrawl","Meditate"],"relics":["PureWater","NeowsBlessing","Ancient Tea Set","Darkstone Periapt","Sling","VioletLotus"],"acts_visited":["Exordium","TheCity"],"potions_floor_usage":[16,18,23],"damage_taken":[{"damage":0,"enemies":"Small Slimes","floor":1,"turns":1},{"damage":0,"enemies":"Gremlin Nob","floor":6,"turns":1},{"damage":0,"enemies":"Jaw Worm","floor":11,"turns":1},{"damage":0,"enemies":"2 Louse","floor":13,"turns":2},{"damage":28,"enemies":"The Guardian","floor":16,"turns":11},{"damage":0,"enemies":"Spheric Guardian","floor":18,"turns":1},{"damage":5,"enemies":"Chosen","floor":21,"turns":4},{"damage":50,"enemies":"Book of Stabbing","floor":23,"turns":4}],"seed_played":"6281363288431186634","potions_obtained":[{"floor":6,"key":"Energy Potion"},{"floor":13,"key":"Ambrosia"},{"floor":21,"key":"LiquidBronze"}],"is_trial":false,"path_per_floor":["M","$","?","T","?","E","R","?","T","R","M","?","M","$","R","B",null,"M","?","?","M","$","E"],"character_chosen":"WATCHER","items_purchased":["Sling"],"campfire_rested":0,"item_purchase_floors":[14],"current_hp_per_floor":[61,61,54,54,54,54,54,34,34,34,34,34,34,34,34,6,53,53,53,53,48,48,0,0],"gold":37,"neow_bonus":"THREE_ENEMY_KILL","is_daily":false,"chose_seed":false,"campfire_upgraded":3,"win_rate":0.0,"timestamp":1609684254,"path_taken":["M","$","?","?","?","E","R","?","T","R","M","?","M","$","R","BOSS","M","?","?","?","$","E"],"items_purchased_type":["Relic"],"build_version":"2020-12-22","purchased_purges":3,"victory":false,"max_hp_per_floor":[68,68,68,68,68,68,68,68,68,68,68,68,68,68,68,68,68,68,68,68,68,68,68,68],"relic_stats":{"Darkstone Periapt":0,"counters":[8,25],"VioletLotus":[2],"obtain_stats":[{"Darkstone Periapt":6,"NeowsBlessing":0,"VioletLotus":17,"PureWater":0,"Ancient Tea Set":4,"Sling":14},{"Darkstone Periapt":2,"NeowsBlessing":0,"VioletLotus":5,"PureWater":0,"Ancient Tea Set":1,"Sling":4},{"Darkstone Periapt":2,"NeowsBlessing":0,"VioletLotus":16,"PureWater":0,"Ancient Tea Set":1,"Sling":5}]},"card_choices":[{"not_picked":["WaveOfTheHand","Pray"],"picked":"CrushJoints","floor":1},{"not_picked":["WreathOfFlame","ThirdEye"],"picked":"EmptyFist","floor":6},{"not_picked":["BowlingBash","Protect"],"picked":"EmptyMind","floor":11},{"not_picked":["ClearTheMind","BowlingBash"],"picked":"Evaluate","floor":13},{"not_picked":["Wish","Omniscience"],"picked":"Scrawl","floor":16},{"not_picked":["Crescendo","Conclude","Indignation"],"picked":"SKIP","floor":18},{"not_picked":["Indignation+1","Crescendo"],"picked":"Meditate","floor":21}],"player_experience":551673,"relics_obtained":[{"floor":4,"key":"Ancient Tea Set"},{"floor":6,"key":"Darkstone Periapt"}],"event_choices":[{"cards_removed":["Strike_P"],"damage_healed":0,"gold_gain":0,"player_choice":"Card Removal","damage_taken":7,"max_hp_gain":0,"max_hp_loss":0,"event_name":"Golden Wing","floor":3,"gold_loss":0},{"damage_healed":0,"gold_gain":150,"player_choice":"AGREE","damage_taken":0,"max_hp_gain":0,"max_hp_loss":0,"event_name":"Liars Game","floor":5,"gold_loss":0,"cards_obtained":["Doubt"]},{"damage_healed":0,"gold_gain":0,"player_choice":"Entered Light","damage_taken":20,"max_hp_gain":0,"max_hp_loss":0,"event_name":"Shining Light","floor":8,"gold_loss":0,"cards_upgraded":["Defend_P","CrushJoints"]},{"cards_removed":["Doubt"],"damage_healed":0,"gold_gain":0,"player_choice":"Forget","damage_taken":0,"max_hp_gain":0,"max_hp_loss":0,"event_name":"Living Wall","floor":12,"gold_loss":0},{"cards_removed":["Defend_P"],"damage_healed":0,"gold_gain":0,"player_choice":"Elegance","damage_taken":0,"max_hp_gain":0,"max_hp_loss":0,"event_name":"Back to Basics","floor":19,"gold_loss":0},{"damage_healed":0,"gold_gain":0,"player_choice":"Ignored","damage_taken":0,"max_hp_gain":0,"max_hp_loss":0,"event_name":"Ghosts","floor":20,"gold_loss":0}],"is_beta":false,"boss_relics":[{"not_picked":["SacredBark","Runic Dome"],"picked":"VioletLotus"}],"items_purged_floors":[2,14,22],"is_endless":false,"potions_floor_spawned":[6,13,21],"killed_by":"Book of Stabbing","ascension_level":20}}