{"host":"37dk0reb6x0du8wx","time":1609686746,"event":{"mods":["BaseMod","Colored Map","DeckTracker","Minty Spire (QoL Compilation)","Quick Restart","StSLib"],"gold_per_floor":[111,186,186,43,318,92,92,111,157,175,208,208,208,219,219,321,321,333,349,349,99,199,213,232,232,309,106,121,121,36,71,71,171,171,187,187,409,409,461,461,811,811,811],"floor_reached":42,"playtime":1395,"items_purged":["Regret","Strike_B","Strike_B"],"score":479,"play_id":"25038590-2fa6-41b4-a8b8-c8a43f4e59a1","local_time":"20210104001226","is_ascension_mode":true,"campfire_choices":[{"data":"Defragment","floor":7,"key":"SMITH"},{"floor":15,"key":"REST"},{"floor":25,"key":"REST"},{"floor":29,"key":"REST"},{"data":"Defragment","floor":32,"key":"SMITH"},{"floor":40,"key":"REST"}],"circlet_count":0,"master_deck":["Strike_B","Defend_B","Defend_B","Defend_B","Defend_B","Zap","Dualcast","Conserve Battery","Self Repair","Defragment+1","Redo","Redo","Capacitor","Electrodynamics","Leap+1","Defragment+1","Redo+1","Loop","Leap","Leap","The Bomb"],"relics":["Cracked Core","NeowsBlessing","Question Card","Regal Pillow","Orrery","Bag of Preparation","TungstenRod","Cables","Inserter","Runic Capacitor","Letter Opener","Kunai","Red Mask","Sozu","Shovel","Old Coin"],"acts_visited":["Exordium","TheCity","TheBeyond"],"potions_floor_usage":[11,16,16,33,33,33,42],"damage_taken":[{"damage":0,"enemies":"Jaw Worm","floor":1,"turns":1},{"damage":0,"enemies":"Small Slimes","floor":8,"turns":1},{"damage":0,"enemies":"Cultist","floor":10,"turns":1},{"damage":21,"enemies":"3 Sentries","floor":11,"turns":9},{"damage":23,"enemies":"Gremlin Gang","floor":14,"turns":3},{"damage":45,"enemies":"Slime Boss","floor":16,"turns":9},{"damage":10,"enemies":"3 Byrds","floor":18,"turns":4},{"damage":5,"enemies":"Spheric Guardian","floor":19,"turns":3},{"damage":18,"enemies":"Snecko","floor":23,"turns":5},{"damage":21,"enemies":"Centurion and Healer","floor":24,"turns":3},{"damage":39,"enemies":"Shelled Parasite and Fungi","floor":28,"turns":4},{"damage":21,"enemies":"Masked Bandits","floor":31,"turns":3},{"damage":52,"enemies":"Champ","floor":33,"turns":11},{"damage":0,"enemies":"Orb Walker","floor":35,"turns":3},{"damage":52,"enemies":"2 Orb Walkers","floor":39,"turns":4},{"damage":0,"enemies":"Mind Bloom Boss Battle","floor":41,"turns":4},{"damage":85,"enemies":"Giant Head","floor":42,"turns":8}],"seed_played":"3629415880576327237","potions_obtained":[{"floor":8,"key":"Dexterity Potion"},{"floor":10,"key":"ColorlessPotion"},{"floor":13,"key":"Regen Potion"},{"floor":13,"key":"Swift Potion"},{"floor":19,"key":"Swift Potion"},{"floor":31,"key":"Fire Potion"},{"floor":33,"key":"AttackPotion"}],"is_trial":false,"path_per_floor":["M","?","?","$","?","$","R","M","T","M","E","T","?","M","R","B",null,"M","M","?","$","?","M","M","R","T","$","M","R","?","?","R","B",null,"M","?","?","?","?","R","?","E"],"character_chosen":"DEFECT","items_purchased":["Regal Pillow","Orrery","Runic Capacitor","Loop"],"campfire_rested":4,"item_purchase_floors":[4,6,21,27],"current_hp_per_floor":[75,64,61,61,61,61,61,61,61,61,47,47,47,24,61,31,75,72,74,74,74,74,56,35,72,72,72,40,75,75,61,61,9,75,75,75,75,75,30,67,74,0,0],"gold":811,"neow_bonus":"THREE_ENEMY_KILL","is_daily":false,"chose_seed":false,"campfire_upgraded":2,"win_rate":0.0,"timestamp":1609686746,"path_taken":["M","?","?","$","?","$","R","?","T","?","E","?","?","M","R","BOSS","M","M","?","$","?","?","M","R","T","?","M","R","?","?","R","BOSS","M","?","?","?","?","R","?","E"],"items_purchased_type":["Relic","Relic","Relic","Card"],"build_version":"2020-12-22","purchased_purges":3,"victory":false,"max_hp_per_floor":[75,75,75,75,75,75,75,75,75,75,75,75,75,75,75,75,75,75,75,75,75,75,75,75,75,75,75,75,75,75,75,75,75,75,75,75,75,75,75,75,75,75,75],"card_choices":[{"not_picked":["Go for the Eyes","Gash","Blizzard"],"picked":"SKIP","floor":1},{"not_picked":["Storm","Doom and Gloom","Beam Cell"],"picked":"Conserve Battery","floor":6},{"not_picked":["Lockon","Go for the Eyes","Chaos"],"picked":"Self Repair","floor":6},{"not_picked":["Gash","Ball Lightning","Barrage"],"picked":"Defragment","floor":6},{"not_picked":["Melter","Turbo","Stack"],"picked":"Redo","floor":6},{"not_picked":["Echo Form","Undo","Doom and Gloom"],"picked":"Redo","floor":8},{"not_picked":["Chill","Capacitor","Ball Lightning","Beam Cell"],"picked":"SKIP","floor":10},{"not_picked":["Chill","Ball Lightning","Beam Cell"],"picked":"Capacitor","floor":10},{"not_picked":["Gash","Fission","Compile Driver","Rebound"],"picked":"SKIP","floor":11},{"not_picked":["Scrape","Turbo","Coolheaded","Cold Snap"],"picked":"SKIP","floor":14},{"not_picked":["All For One","Buffer","Rainbow"],"picked":"Electrodynamics","floor":16},{"not_picked":["Static Discharge","Barrage+1","Gash+1"],"picked":"Leap+1","floor":18},{"not_picked":["Static Discharge+1","Beam Cell","Aggregate","Melter"],"picked":"SKIP","floor":19},{"not_picked":["Static Discharge","Gash","Aggregate"],"picked":"Redo+1","floor":23},{"not_picked":["Cold Snap","Scrape","Steam","Ball Lightning+1"],"picked":"SKIP","floor":24},{"not_picked":["Fusion+1","Turbo+1","Redo","Compile Driver"],"picked":"SKIP","floor":28},{"not_picked":["Echo Form","Ball Lightning+1","Hologram"],"picked":"Leap","floor":31},{"not_picked":["Sweeping Beam+1","White Noise","Ball Lightning"],"picked":"Leap","floor":35},{"not_picked":["Blind","Deep Breath","Forethought"],"picked":"The Bomb","floor":36}],"player_experience":141583,"relics_obtained":[{"floor":9,"key":"Bag of Preparation"},{"floor":11,"key":"TungstenRod"},{"floor":12,"key":"Cables"},{"floor":26,"key":"Letter Opener"},{"floor":31,"key":"Red Mask"},{"floor":39,"key":"Shovel"},{"floor":41,"key":"Old Coin"}],"event_choices":[{"damage_healed":0,"gold_gain":75,"player_choice":"Gather Gold","damage_taken":11,"max_hp_gain":0,"max_hp_loss":0,"event_name":"World of Goop","floor":2,"gold_loss":0},{"damage_healed":0,"gold_gain":0,"player_choice":"Success","damage_taken":3,"relics_obtained":["Question Card"],"max_hp_gain":0,"max_hp_loss":0,"event_name":"Scrap Ooze","floor":3,"gold_loss":0},{"damage_healed":0,"gold_gain":275,"player_choice":"Desecrate","damage_taken":0,"max_hp_gain":0,"max_hp_loss":0,"event_name":"Golden Shrine","floor":5,"gold_loss":0,"cards_obtained":["Regret"]},{"damage_healed":0,"gold_gain":0,"player_choice":"Got Potions","damage_taken":0,"max_hp_gain":0,"max_hp_loss":0,"event_name":"Lab","floor":13,"gold_loss":0},{"damage_healed":0,"gold_gain":0,"player_choice":"Read","damage_taken":0,"max_hp_gain":0,"max_hp_loss":0,"event_name":"The Library","floor":20,"gold_loss":0,"cards_obtained":["Defragment"]},{"damage_healed":0,"gold_gain":100,"player_choice":"Pray","damage_taken":0,"max_hp_gain":0,"max_hp_loss":0,"event_name":"Golden Shrine","floor":22,"gold_loss":0},{"damage_healed":0,"gold_gain":0,"player_choice":"Obtained Relic","damage_taken":0,"relics_obtained":["Kunai"],"max_hp_gain":0,"max_hp_loss":0,"event_name":"Addict","floor":30,"gold_loss":85},{"damage_healed":0,"gold_gain":0,"player_choice":"Fought Bandits","damage_taken":0,"max_hp_gain":0,"max_hp_loss":0,"event_name":"Masked Bandits","floor":31,"gold_loss":0},{"damage_healed":0,"gold_gain":0,"player_choice":"Memory 1","damage_taken":0,"max_hp_gain":0,"max_hp_loss":0,"event_name":"SensoryStone","floor":36,"gold_loss":0},{"damage_healed":0,"gold_gain":222,"player_choice":"Wore Mask","damage_taken":0,"max_hp_gain":0,"max_hp_loss":0,"event_name":"Tomb of Lord Red Mask","floor":37,"gold_loss":0},{"cards_removed":["Strike_B"],"damage_healed":0,"gold_gain":0,"player_choice":"Removed Attack","damage_taken":0,"max_hp_gain":0,"max_hp_loss":0,"event_name":"Falling","floor":38,"gold_loss":0},{"damage_healed":0,"gold_gain":0,"player_choice":"Fight","damage_taken":0,"max_hp_gain":0,"max_hp_loss":0,"event_name":"Mysterious Sphere","floor":39,"gold_loss":0},{"damage_healed":0,"gold_gain":0,"player_choice":"Fight","damage_taken":0,"max_hp_gain":0,"max_hp_loss":0,"event_name":"MindBloom","floor":41,"gold_loss":0}],"is_beta":false,"boss_relics":[{"not_picked":["Cursed Key","Ectoplasm"],"picked":"Inserter"},{"not_picked":["Tiny House","Coffee Dripper"],"picked":"Sozu"}],"items_purged_floors":[6,21,27],"is_endless":false,"potions_floor_spawned":[8,10,14,19,31,33,35,39],"killed_by":"Giant Head","ascension_level":2}}