{"host":"ty2cix8xj6r3ad26","time":1609706678,"event":{"mods":["AchievementEnabler","BaseMod","BetterRewards","Minty Spire (QoL Compilation)","StSLib","SuperFastMode"],"gold_per_floor":[117,135,135,145,165,165,165,165],"floor_reached":7,"playtime":542,"items_purged":["Strike_B","Dualcast"],"score":58,"play_id":"be281837-5ffd-47be-8ed8-5a3098d7ed90","local_time":"20210103224438","is_ascension_mode":true,"campfire_choices":[{"data":"Self Repair","floor":6,"key":"SMITH"}],"circlet_count":0,"master_deck":["Strike_B","Strike_B","Strike_B","Defend_B","Defend_B","Defend_B","Zap","Self Repair+1","Meteor Strike","Conserve Battery","Sunder"],"relics":["Cracked Core","Ice Cream","Lantern"],"acts_visited":["Exordium"],"potions_floor_usage":[7,7],"damage_taken":[{"damage":6,"enemies":"Cultist","floor":1,"turns":4},{"damage":9,"enemies":"Jaw Worm","floor":2,"turns":4},{"damage":3,"enemies":"2 Louse","floor":4,"turns":3},{"damage":1,"enemies":"Blue Slaver","floor":5,"turns":4},{"damage":58,"enemies":"3 Sentries","floor":7,"turns":10}],"seed_played":"-8049716284785947847","potions_obtained":[{"floor":2,"key":"SkillPotion"}],"is_trial":false,"path_per_floor":["M","M","?","M","M","R","E"],"character_chosen":"DEFECT","items_purchased":["Ice Cream","Lantern","Self Repair","Regen Potion","Meteor Strike"],"campfire_rested":0,"item_purchase_floors":[0,0,0,0,0],"current_hp_per_floor":[34,32,32,36,42,42,0,0],"gold":165,"neow_bonus":"","is_daily":false,"chose_seed":false,"campfire_upgraded":1,"win_rate":0.0,"timestamp":1609706678,"path_taken":["M","?","?","?","M","R","E"],"items_purchased_type":["Relic","Relic","Card","Potion","Card"],"build_version":"2020-12-22","purchased_purges":2,"victory":false,"max_hp_per_floor":[75,75,75,75,75,75,75,75],"card_choices":[{"not_picked":["Auto Shields","Lockon","Fusion"],"picked":"SKIP","floor":1},{"not_picked":["Hologram","Leap"],"picked":"Conserve Battery","floor":2},{"not_picked":["Beam Cell","Reprogram","Compile Driver"],"picked":"SKIP","floor":4},{"not_picked":["Hologram","Conserve Battery","Go for the Eyes"],"picked":"SKIP","floor":5}],"player_experience":402897,"relics_obtained":[],"event_choices":[{"damage_healed":0,"gold_gain":0,"cards_transformed":["Defend_B"],"player_choice":"Transformed","damage_taken":0,"max_hp_gain":0,"max_hp_loss":0,"event_name":"Transmorgrifier","floor":3,"gold_loss":0,"cards_obtained":["Sunder"]}],"is_beta":false,"boss_relics":[],"items_purged_floors":[0,0],"is_endless":false,"potions_floor_spawned":[2],"killed_by":"3 Sentries","ascension_level":7}}