{"host":"dr41nvulj7sfoe6v","time":1609682555,"event":{"mods":["AchievementEnabler","BaseMod","Better Altar","Better Match","Better Note","Better Sensory Stone","Better Skull","Better Third Choice","Colored Map","Colored Powertips","Minty Spire (QoL Compilation)","Rare Cards Sparkle","Replay The Spire","StSLib"],"gold_per_floor":[118,118,118,134,134,159,174,27,27,27,27,40,40,52,52,151,151,139,39,52,52,67,93,107,107,107,119,164,192,231,260,272,387,399,427,523,585,641,653,738,750,799,811,823,835,673,721,765,765,797],"floor_reached":51,"playtime":3825,"items_purged":["Pain","Regret","Languid"],"score":837,"play_id":"2d1c28cc-df57-4e4e-82bf-984a483c196e","local_time":"20210103090235","is_ascension_mode":false,"campfire_choices":[{"floor":10,"key":"REST"},{"floor":15,"key":"REST"},{"floor":25,"key":"REST"},{"floor":27,"key":"REST"},{"data":"Armaments","floor":32,"key":"SMITH"},{"data":"Demon Form","floor":41,"key":"SMITH"},{"data":"Seeing Red","floor":45,"key":"SMITH"},{"data":"Combust","floor":49,"key":"SMITH"}],"circlet_count":0,"master_deck":["Strike_R","Strike_R","Strike_R","Strike_R","Strike_R","Defend_R","Defend_R","Defend_R","Defend_R","Bash","Clothesline","Shrug It Off","Cleave","Combust+1","Inflame","ReplayTheSpireMod:Stacked","Battle Trance","Impervious","Replay:Undeath\u0027s Touch+1","True Grit+1","Armaments+1","Blood for Blood","ReplayTheSpireMod:Strike From Hell","Uppercut+1","Sword Boomerang","Thunderclap","Twin Strike+1","Barricade","Entrench+1","Armaments+1","Pummel+1","Demon Form+1","Seeing Red+1","Reaper","Injury","Body Slam","Body Slam+1","Pommel Strike+1"],"relics":["Burning Blood","Shuriken","WarpedTongs","Lizard Tail","Mummified Hand","Another Sword","InkBottle","Black Star","FaceOfCleric","TungstenRod","Durian","MawBank","Ornamental Fan","Red Skull","Champion Belt","ReplayTheSpireMod:TigerMarble","Mark of Pain","Replay:Bandana","Ring of Fury","Ring of Greed","MealTicket","Golden Idol","Orichalcum","Replay:WaspNest","Paper Frog"],"acts_visited":["Exordium","TheCity","TheBeyond"],"potions_floor_usage":[16,16,16,23,30,33,33,42,47,50,50],"damage_taken":[{"damage":0,"enemies":"Small Slimes","floor":1,"turns":3},{"damage":6,"enemies":"Cultist","floor":4,"turns":3},{"damage":57,"enemies":"3 Sentries","floor":6,"turns":11},{"damage":14,"enemies":"Jaw Worm","floor":7,"turns":4},{"damage":1,"enemies":"Exordium Wildlife","floor":12,"turns":2},{"damage":2,"enemies":"Lots of Slimes","floor":14,"turns":3},{"damage":30,"enemies":"The Guardian","floor":16,"turns":6},{"damage":23,"enemies":"2 Thieves","floor":18,"turns":4},{"damage":12,"enemies":"Spheric Guardian","floor":20,"turns":4},{"damage":13,"enemies":"Shelled Parasite and Fungi","floor":22,"turns":7},{"damage":29,"enemies":"Book of Stabbing","floor":23,"turns":7},{"damage":4,"enemies":"Sentry and Sphere","floor":24,"turns":5},{"damage":16,"enemies":"Slavers","floor":28,"turns":6},{"damage":0,"enemies":"Centurion and Healer","floor":29,"turns":5},{"damage":0,"enemies":"Replay:Snechameleon","floor":30,"turns":5},{"damage":3,"enemies":"Cultist and Chosen","floor":31,"turns":6},{"damage":39,"enemies":"Pondfish","floor":33,"turns":10},{"damage":5,"enemies":"3 Shapes","floor":35,"turns":4},{"damage":0,"enemies":"Orb Walker","floor":38,"turns":3},{"damage":9,"enemies":"Nemesis","floor":40,"turns":5},{"damage":0,"enemies":"Jaw Worm Horde","floor":42,"turns":4},{"damage":9,"enemies":"Writhing Mass","floor":47,"turns":4},{"damage":19,"enemies":"Sphere and 2 Shapes","floor":48,"turns":4},{"damage":14,"enemies":"Replay:Hell Engine","floor":50,"turns":8}],"seed_played":"-7011188391613639775","potions_obtained":[{"floor":6,"key":"Death Potion"},{"floor":7,"key":"DuplicationPotion"},{"floor":13,"key":"Adrenaline Potion"},{"floor":16,"key":"Elixir"},{"floor":22,"key":"DuplicationPotion"},{"floor":28,"key":"Reflective Coating"},{"floor":30,"key":"Regen Potion"},{"floor":31,"key":"Strength Potion"},{"floor":36,"key":"Regen Potion"},{"floor":36,"key":"SkillPotion"},{"floor":42,"key":"PowerPotion"}],"is_trial":false,"path_per_floor":["M","?","?","M","T","E","M","$","T","R","T","M","?","M","R","B",null,"M","$","M","?","M","E","M","R","T","R","E","M","E","M","R","B",null,"M","?","?","M","?","E","R","M","T","?","R","$","M","M","R","B",null],"character_chosen":"IRONCLAD","items_purchased":["Inflame","Body Slam"],"campfire_rested":4,"item_purchase_floors":[8,46],"current_hp_per_floor":[80,80,80,80,80,29,21,21,21,45,45,50,50,54,78,54,80,63,63,57,57,51,34,37,63,63,88,79,86,91,92,92,66,93,94,94,94,95,77,75,75,82,82,82,82,97,95,86,86,97],"gold":797,"neow_bonus":"","is_daily":false,"chose_seed":false,"campfire_upgraded":4,"win_rate":0.0,"timestamp":1609682555,"path_taken":["M","?","?","?","?","E","M","$","T","R","?","?","?","M","R","BOSS","M","?","M","?","M","E","M","R","T","R","E","M","E","M","R","BOSS","M","?","?","M","?","E","R","M","T","?","R","$","M","M","R","BOSS"],"items_purchased_type":["Card","Card"],"build_version":"2020-12-22","purchased_purges":3,"victory":true,"max_hp_per_floor":[80,80,80,80,80,80,80,80,80,80,80,80,80,80,80,80,80,80,80,80,80,81,87,88,88,88,88,89,90,91,92,92,93,93,94,94,94,95,95,96,96,97,97,97,97,97,98,99,99,100],"card_choices":[{"not_picked":["Twin Strike","Warcry"],"picked":"Clothesline","floor":1},{"not_picked":["Flex","Bloodletting"],"picked":"Shrug It Off","floor":4},{"not_picked":["Warcry","Defy Death"],"picked":"Cleave","floor":6},{"not_picked":["Run Through","Abandon"],"picked":"Combust","floor":7},{"not_picked":["Defy Death","Cleave"],"picked":"ReplayTheSpireMod:Stacked","floor":12},{"not_picked":["Demonic Infusion","Cleave"],"picked":"Battle Trance","floor":14},{"not_picked":["Replay:Many Hands","Double Tap"],"picked":"Impervious","floor":16},{"not_picked":["Inflame","Warcry"],"picked":"Replay:Undeath\u0027s Touch+1","floor":18},{"not_picked":["ReplayTheSpireMod:Strike From Hell+1","Life Link"],"picked":"True Grit+1","floor":20},{"not_picked":["Dual Wield+1","Body Slam"],"picked":"Armaments","floor":22},{"not_picked":["ReplayTheSpireMod:Limb From Limb","Iron Wave"],"picked":"Blood for Blood","floor":23},{"not_picked":["Brutality","Replay:Undeath\u0027s Touch+1"],"picked":"ReplayTheSpireMod:Strike From Hell","floor":24},{"not_picked":["Body Slam","Cleave"],"picked":"Uppercut+1","floor":28},{"not_picked":["Iron Wave","Flex"],"picked":"Sword Boomerang","floor":29},{"not_picked":["Warcry","Hemogenesis"],"picked":"Thunderclap","floor":30},{"not_picked":["Second Wind+1","Whirlwind+1"],"picked":"Twin Strike+1","floor":31},{"not_picked":["Corruption","Impervious"],"picked":"Barricade","floor":33},{"not_picked":["Replay:Undeath\u0027s Touch","Anger+1"],"picked":"Entrench+1","floor":35},{"not_picked":["Headbutt+1","ReplayTheSpireMod:Stacked"],"picked":"Armaments+1","floor":36},{"not_picked":["Anger","Dark Embrace+1"],"picked":"Pummel+1","floor":38},{"not_picked":["Rupture","Warcry"],"picked":"Seeing Red","floor":40},{"not_picked":["Seeing Red+1","True Grit+1"],"picked":"Reaper","floor":42},{"not_picked":["ReplayTheSpireMod:LeadingStrike","ReplayTheSpireMod:Strike From Hell"],"picked":"Body Slam+1","floor":47},{"not_picked":["Warcry+1","Body Slam+1"],"picked":"Pommel Strike+1","floor":48}],"player_experience":0,"relics_obtained":[{"floor":5,"key":"Lizard Tail"},{"floor":6,"key":"Mummified Hand"},{"floor":9,"key":"Another Sword"},{"floor":11,"key":"InkBottle"},{"floor":23,"key":"TungstenRod"},{"floor":23,"key":"Durian"},{"floor":26,"key":"MawBank"},{"floor":28,"key":"Ornamental Fan"},{"floor":28,"key":"Red Skull"},{"floor":30,"key":"Champion Belt"},{"floor":30,"key":"ReplayTheSpireMod:TigerMarble"},{"floor":36,"key":"Replay:Bandana"},{"floor":37,"key":"Ring of Fury"},{"floor":37,"key":"Ring of Greed"},{"floor":37,"key":"MealTicket"},{"floor":37,"key":"Golden Idol"},{"floor":40,"key":"Orichalcum"},{"floor":40,"key":"Replay:WaspNest"},{"floor":43,"key":"Paper Frog"}],"event_choices":[{"damage_healed":0,"gold_gain":0,"player_choice":"Box","damage_taken":0,"relics_obtained":["Shuriken"],"max_hp_gain":0,"max_hp_loss":0,"event_name":"Big Fish","floor":2,"gold_loss":0,"cards_obtained":["Regret"]},{"damage_healed":0,"gold_gain":0,"player_choice":"Rummage","damage_taken":0,"relics_obtained":["WarpedTongs"],"max_hp_gain":0,"max_hp_loss":0,"event_name":"Accursed Blacksmith","floor":3,"gold_loss":0,"cards_obtained":["Pain"]},{"damage_healed":0,"gold_gain":0,"player_choice":"Got Potions","damage_taken":0,"max_hp_gain":0,"max_hp_loss":0,"event_name":"Lab","floor":13,"gold_loss":0},{"damage_healed":0,"gold_gain":0,"player_choice":"Trade","damage_taken":0,"relics_obtained":["FaceOfCleric"],"max_hp_gain":0,"max_hp_loss":0,"event_name":"FaceTrader","floor":21,"gold_loss":0},{"damage_healed":0,"gold_gain":3,"player_choice":"2","damage_taken":0,"max_hp_gain":0,"max_hp_loss":19,"event_name":"betterStone:BetterStone","floor":39,"gold_loss":0},{"damage_healed":0,"gold_gain":0,"player_choice":"Ignored","damage_taken":0,"max_hp_gain":0,"max_hp_loss":0,"event_name":"The Moai Head","floor":44,"gold_loss":0}],"is_beta":false,"boss_relics":[{"not_picked":["Black Blood","Coffee Dripper"],"picked":"Black Star"},{"not_picked":["Ooze Armor","Replay:Drink Me"],"picked":"Mark of Pain"}],"items_purged_floors":[8,19,46],"is_endless":false,"potions_floor_spawned":[6,7,16,22,28,30,31,38,42],"ascension_level":0}}