{"host":"hgkb2zpbo2dcws21","time":1609672207,"event":{"mods":["AchievementEnabler","BaseMod","Colored Map","Colored Powertips","Custom Start","DeckTracker","KOR Keyword Fix","Minty Spire (QoL Compilation)","Relic Stats","StSLib","SuperFastMode"],"gold_per_floor":[118,43,118,168,183,214,214,225,225,260,260,286,286,306,306,379,379,398,217,234,259,134,134,134,134],"floor_reached":24,"playtime":494,"items_purged":["Strike_G","Strike_G","Strike_G"],"score":462,"play_id":"fdd9b479-db89-41a7-a010-1b7d30beea4a","local_time":"20210103201007","is_ascension_mode":true,"campfire_choices":[{"data":"Venomology","floor":7.0,"key":"SMITH"},{"data":"Choke","floor":11.0,"key":"SMITH"},{"data":"Poisoned Stab","floor":13.0,"key":"SMITH"},{"data":"Blade Dance","floor":15.0,"key":"SMITH"},{"floor":23,"key":"REST"}],"circlet_count":0,"master_deck":["AscendersBane","Strike_G","Defend_G","Defend_G","Defend_G","Survivor","Neutralize","Choke+1","Poisoned Stab+1","Venomology+1","Dagger Throw","Bane","Finisher","Blade Dance+1","Adrenaline","Unload+1","Corpse Explosion+1","After Image+1","Blade Dance","Escape Plan","Prepared"],"relics":["Ring of the Snake","NeowsBlessing","Kunai","Eternal Feather","Pantograph","Art of War","Astrolabe","Red Mask"],"acts_visited":["Exordium","TheCity"],"potions_floor_usage":[21,21,24],"damage_taken":[{"damage":0.0,"enemies":"Small Slimes","floor":1.0,"turns":1.0},{"damage":0.0,"enemies":"Jaw Worm","floor":5.0,"turns":1.0},{"damage":0.0,"enemies":"3 Sentries","floor":6.0,"turns":1.0},{"damage":0.0,"enemies":"Cultist","floor":8.0,"turns":3.0},{"damage":25.0,"enemies":"Gremlin Nob","floor":10.0,"turns":4.0},{"damage":15.0,"enemies":"3 Sentries","floor":12.0,"turns":10.0},{"damage":13.0,"enemies":"Large Slime","floor":14.0,"turns":5.0},{"damage":35.0,"enemies":"Hexaghost","floor":16.0,"turns":9.0},{"damage":12.0,"enemies":"3 Byrds","floor":18.0,"turns":3.0},{"damage":29.0,"enemies":"2 Thieves","floor":20.0,"turns":3.0},{"damage":11,"enemies":"Masked Bandits","floor":21,"turns":2},{"damage":46,"enemies":"Book of Stabbing","floor":24,"turns":4}],"seed_played":"3551560680630869401","potions_obtained":[{"floor":1.0,"key":"Poison Potion"},{"floor":5.0,"key":"CultistPotion"},{"floor":8.0,"key":"CunningPotion"},{"floor":18.0,"key":"CultistPotion"},{"floor":20.0,"key":"Ancient Potion"}],"is_trial":false,"path_per_floor":["M","$","?","?","M","E","R","M","T","E","R","E","R","M","R","B",null,"M","$","M","?","$","R","E"],"character_chosen":"THE_SILENT","items_purchased":["Escape Plan"],"campfire_rested":1,"item_purchase_floors":[19],"current_hp_per_floor":[59,59,48,48,48,48,48,48,48,23,32,17,26,13,22,12,53,41,41,12,1,1,32,0,0],"gold":134,"neow_bonus":"THREE_ENEMY_KILL","is_daily":false,"chose_seed":false,"campfire_upgraded":4,"win_rate":0.0,"timestamp":1609672207,"path_taken":["M","$","?","?","M","E","R","M","T","E","R","E","R","M","R","BOSS","M","$","?","?","$","R","E"],"items_purchased_type":["Card"],"build_version":"2020-12-22","purchased_purges":3,"victory":false,"max_hp_per_floor":[66,66,66,66,66,66,66,66,66,66,66,66,66,66,66,66,66,66,66,66,66,66,66,66,66],"relic_stats":{"counters":[12,46],"Pantograph":25,"Astrolabe":["Unload","Corpse Explosion","After Image"],"Eternal Feather":39,"Art of War":[4],"Kunai":[21],"obtain_stats":[{"NeowsBlessing":0,"Pantograph":10,"Astrolabe":17,"Eternal Feather":9,"Art of War":12,"Red Mask":21,"Kunai":6,"Ring of the Snake":0},{"NeowsBlessing":0,"Pantograph":5,"Astrolabe":8,"Eternal Feather":4,"Art of War":6,"Red Mask":11,"Kunai":3,"Ring of the Snake":0},{"NeowsBlessing":0,"Pantograph":10,"Astrolabe":34,"Eternal Feather":6,"Art of War":20,"Red Mask":42,"Kunai":3,"Ring of the Snake":0}],"Ring of the Snake":[24]},"card_choices":[{"not_picked":["Leg Sweep","Dodge and Roll"],"picked":"Choke","floor":1.0},{"not_picked":["Footwork","Flying Knee"],"picked":"Poisoned Stab","floor":5.0},{"not_picked":["Concentrate","Deflect"],"picked":"Venomology","floor":6.0},{"not_picked":["Underhanded Strike","Dagger Spray"],"picked":"Dagger Throw","floor":8.0},{"not_picked":["Bullet Time","Endless Agony"],"picked":"Bane","floor":10.0},{"not_picked":["Bouncing Flask","Dagger Throw"],"picked":"Finisher","floor":12.0},{"not_picked":["Dagger Throw","Catalyst"],"picked":"Blade Dance","floor":14.0},{"not_picked":["Corpse Explosion","Malaise"],"picked":"Adrenaline","floor":16.0},{"not_picked":["Outmaneuver","Catalyst"],"picked":"Blade Dance","floor":18.0},{"not_picked":["Dash","Distraction","Poisoned Stab"],"picked":"SKIP","floor":20.0},{"not_picked":["Slice+1","Sucker Punch+1"],"picked":"Prepared","floor":21}],"player_experience":1127824,"relics_obtained":[{"floor":6.0,"key":"Kunai"},{"floor":9.0,"key":"Eternal Feather"},{"floor":10.0,"key":"Pantograph"},{"floor":12.0,"key":"Art of War"},{"floor":21,"key":"Red Mask"}],"event_choices":[{"damage_healed":0.0,"max_hp_gain":0.0,"max_hp_loss":0.0,"gold_gain":75.0,"event_name":"World of Goop","player_choice":"Gather Gold","floor":3.0,"gold_loss":0.0,"damage_taken":11.0},{"damage_healed":0.0,"max_hp_gain":0.0,"max_hp_loss":0.0,"gold_gain":50.0,"event_name":"Golden Shrine","player_choice":"Pray","floor":4.0,"gold_loss":0.0,"damage_taken":0.0},{"damage_healed":0,"gold_gain":0,"player_choice":"Fought Bandits","damage_taken":0,"max_hp_gain":0,"max_hp_loss":0,"event_name":"Masked Bandits","floor":21,"gold_loss":0}],"is_beta":false,"boss_relics":[{"not_picked":["HoveringKite","Sozu"],"picked":"Astrolabe"}],"items_purged_floors":[2,19,22],"is_endless":false,"potions_floor_spawned":[1,5,8,18,20],"killed_by":"Book of Stabbing","ascension_level":19}}