{"host":"yfdtuf6ojcxn06xg","time":1609649224,"event":{"mods":["2.2 Compatiblity","AchievementEnabler","BaseMod","Colored Map","Colored Powertips","Downfall","Hermit","JesterMod","Jorbs\u0027s Wanderer Trilogy","Minty Spire (QoL Compilation)","Quick Restart","Rare Cards Sparkle","Relic Stats","Replay The Spire","StSLib","The Cursed","The Disciple","The Hierophant","The Jungle","The Necromancer","The Servant 0.9.4"],"gold_per_floor":[117,132,152,1,17,17,50,50,50,64,64,64],"floor_reached":11,"playtime":450,"items_purged":["Strike_G"],"score":79,"play_id":"22cb10c4-d818-47e3-9863-203b6e60530b","local_time":"20210102234704","is_ascension_mode":true,"campfire_choices":[{"data":"Footwork","floor":6,"key":"SMITH"},{"data":"Caltrops","floor":8,"key":"SMITH"}],"circlet_count":0,"master_deck":["Strike_G","Strike_G","Strike_G","Strike_G","Defend_G","Defend_G","Defend_G","Defend_G","Defend_G","Survivor","Neutralize","Distraction","Caltrops+1","PiercingWail","Footwork+1","Dagger Spray","Setup"],"relics":["Ring of the Snake","NeowsBlessing","Replay:Wax Seal","Chameleon Ring"],"acts_visited":["Exordium"],"potions_floor_usage":[5,5,11],"damage_taken":[{"damage":0,"enemies":"Cultist","floor":1,"turns":1},{"damage":0,"enemies":"Small Slimes","floor":2,"turns":1},{"damage":0,"enemies":"2 Louse","floor":3,"turns":1},{"damage":7,"enemies":"Looter","floor":5,"turns":4},{"damage":32,"enemies":"Lagavulin","floor":7,"turns":16},{"damage":8,"enemies":"Exordium Thugs","floor":10,"turns":7},{"damage":52,"enemies":"Gremlin Nob","floor":11,"turns":5}],"seed_played":"-6462987922926103821","potions_obtained":[{"floor":1,"key":"Block Potion"},{"floor":2,"key":"AttackPotion"},{"floor":3,"key":"AttackPotion"}],"is_trial":false,"path_per_floor":["M","M","M","$","M","R","E","R","T","M","E"],"character_chosen":"THE_SILENT","items_purchased":["Footwork"],"campfire_rested":0,"item_purchase_floors":[4],"current_hp_per_floor":[70,70,70,70,63,63,31,31,31,23,0,0],"gold":64,"neow_bonus":"THREE_ENEMY_KILL","is_daily":false,"chose_seed":false,"campfire_upgraded":2,"win_rate":0.0,"timestamp":1609649224,"path_taken":["M","M","?","$","M","R","E","R","T","?","E"],"items_purchased_type":["Card"],"build_version":"2020-12-22","purchased_purges":1,"victory":false,"max_hp_per_floor":[70,70,70,70,70,70,70,70,70,70,70,70],"relic_stats":{"counters":[7,35],"obtain_stats":[{"Chameleon Ring":9,"NeowsBlessing":0,"Replay:Wax Seal":7,"Ring of the Snake":0},{"Chameleon Ring":5,"NeowsBlessing":0,"Replay:Wax Seal":5,"Ring of the Snake":0},{"Chameleon Ring":23,"NeowsBlessing":0,"Replay:Wax Seal":23,"Ring of the Snake":0}],"Ring of the Snake":[14]},"card_choices":[{"not_picked":["Expertise","Outmaneuver"],"picked":"Distraction","floor":1},{"not_picked":["ReplayTheSpireMod:Tripwire","Flying Knee"],"picked":"Caltrops","floor":2},{"not_picked":["Deflect","Sucker Punch"],"picked":"PiercingWail","floor":3},{"not_picked":["Hidden Blade","Sneak Up"],"picked":"Dagger Spray","floor":5},{"not_picked":["Deflect","Slice","Outmaneuver"],"picked":"SKIP","floor":7},{"not_picked":["Crippling Poison","Storm of Steel"],"picked":"Setup","floor":10}],"player_experience":190103,"relics_obtained":[{"floor":7,"key":"Replay:Wax Seal"},{"floor":9,"key":"Chameleon Ring"}],"event_choices":[],"is_beta":false,"boss_relics":[],"items_purged_floors":[4],"is_endless":false,"potions_floor_spawned":[1,2,3],"killed_by":"Gremlin Nob","ascension_level":1}}