{"host":"c3lc60y5x60jlt1y","time":1609674392,"event":{"mods":["AchievementEnabler","BaseMod","Colored Map","Minty Spire (QoL Compilation)","Quick Restart","StSLib"],"gold_per_floor":[113,38,38,10,10,40,40,75,75,105,105,116,138,155,155,234,234,251,251,41,33,33,33,33],"floor_reached":23,"playtime":1534,"items_purged":["Defend_G"],"score":510,"play_id":"8d611481-d0cd-43e6-ae0f-62472ff7837f","local_time":"20210103134632","is_ascension_mode":true,"campfire_choices":[{"data":"Terror","floor":7,"key":"SMITH"},{"floor":15,"key":"REST"}],"circlet_count":0,"master_deck":["AscendersBane","Strike_G","Strike_G","Strike_G","Strike_G","Strike_G","Defend_G","Defend_G+1","Defend_G+1","Defend_G","Survivor","Neutralize","Masterful Stab","Quick Slash","Terror+1","Dash","Masterful Stab","Cloak And Dagger","Backflip","Venomology","Prepared"],"relics":["Ring of the Snake","NeowsBlessing","Omamori","Turnip","Gremlin Horn","The Courier","Regal Pillow","Odd Mushroom","Runic Pyramid","Matryoshka","Toxic Egg 2","Orichalcum"],"acts_visited":["Exordium","TheCity"],"potions_floor_usage":[13,16,16,23,23,23],"damage_taken":[{"damage":0,"enemies":"2 Louse","floor":1,"turns":1},{"damage":0,"enemies":"Lagavulin","floor":6,"turns":1},{"damage":0,"enemies":"3 Sentries","floor":8,"turns":1},{"damage":2,"enemies":"Lagavulin","floor":10,"turns":5},{"damage":0,"enemies":"Jaw Worm","floor":12,"turns":2},{"damage":0,"enemies":"The Mushroom Lair","floor":13,"turns":2},{"damage":0,"enemies":"Small Slimes","floor":14,"turns":1},{"damage":15,"enemies":"The Guardian","floor":16,"turns":16},{"damage":11,"enemies":"Chosen","floor":18,"turns":6},{"damage":15,"enemies":"2 Thieves","floor":21,"turns":4},{"damage":43,"enemies":"Book of Stabbing","floor":23,"turns":5}],"seed_played":"8516782609309448886","potions_obtained":[{"floor":1,"key":"BlessingOfTheForge"},{"floor":13,"key":"DistilledChaos"},{"floor":14,"key":"Dexterity Potion"}],"is_trial":false,"path_per_floor":["M","$","?","$","?","E","R","E","T","E","?","M","?","M","R","B",null,"M","?","$","M","?","E"],"character_chosen":"THE_SILENT","items_purchased":["Quick Slash","Toxic Egg 2"],"campfire_rested":1,"item_purchase_floors":[4,20],"current_hp_per_floor":[59,59,39,39,44,44,44,44,44,42,16,16,16,16,52,37,63,52,52,52,37,37,0,0],"gold":33,"neow_bonus":"THREE_ENEMY_KILL","is_daily":false,"chose_seed":false,"campfire_upgraded":1,"win_rate":0.0,"timestamp":1609674392,"path_taken":["M","$","?","$","?","E","R","E","T","E","?","M","?","M","R","BOSS","M","?","$","M","?","E"],"items_purchased_type":["Card","Relic"],"build_version":"2020-12-22","purchased_purges":1,"victory":false,"max_hp_per_floor":[66,66,66,66,71,71,71,71,71,71,71,71,71,71,71,71,71,71,71,71,71,71,71,71],"card_choices":[{"not_picked":["Bane","Deadly Poison"],"picked":"Masterful Stab","floor":1},{"not_picked":["Prepared","Dodge and Roll"],"picked":"Terror","floor":6},{"not_picked":["Flying Knee","Dodge and Roll"],"picked":"Dash","floor":8},{"not_picked":["Dagger Throw","Prepared"],"picked":"Masterful Stab","floor":10},{"not_picked":["Expertise","Masterful Stab"],"picked":"Cloak And Dagger","floor":12},{"not_picked":["Dagger Throw","Flechettes"],"picked":"Backflip","floor":13},{"not_picked":["Slice","Accuracy"],"picked":"Endless Agony","floor":14},{"not_picked":["Glass Knife","Grand Finale"],"picked":"Venomology","floor":16},{"not_picked":["Deadly Poison","PiercingWail"],"picked":"Prepared","floor":18},{"not_picked":["Predator","Quick Slash+1","Expertise+1"],"picked":"SKIP","floor":21}],"player_experience":7443720,"relics_obtained":[{"floor":6,"key":"Omamori"},{"floor":8,"key":"Turnip"},{"floor":9,"key":"Gremlin Horn"},{"floor":10,"key":"The Courier"},{"floor":13,"key":"Odd Mushroom"}],"event_choices":[{"damage_healed":0,"gold_gain":0,"player_choice":"Entered Light","damage_taken":20,"max_hp_gain":0,"max_hp_loss":0,"event_name":"Shining Light","floor":3,"gold_loss":0,"cards_upgraded":["Defend_G","Defend_G"]},{"damage_healed":0,"gold_gain":0,"player_choice":"Donut","damage_taken":0,"max_hp_gain":5,"max_hp_loss":0,"event_name":"Big Fish","floor":5,"gold_loss":0},{"damage_healed":0,"gold_gain":0,"player_choice":"Success","damage_taken":26,"relics_obtained":["Regal Pillow"],"max_hp_gain":0,"max_hp_loss":0,"event_name":"Scrap Ooze","floor":11,"gold_loss":0},{"damage_healed":0,"gold_gain":0,"player_choice":"Fought Mushrooms","damage_taken":0,"max_hp_gain":0,"max_hp_loss":0,"event_name":"Mushrooms","floor":13,"gold_loss":0},{"damage_healed":0,"gold_gain":0,"player_choice":"Opened","damage_taken":0,"relics_obtained":["Matryoshka"],"max_hp_gain":0,"max_hp_loss":0,"event_name":"The Mausoleum","floor":19,"gold_loss":0,"cards_obtained":["Writhe"]},{"cards_removed":["Endless Agony"],"damage_healed":0,"gold_gain":0,"player_choice":"Gave Card","damage_taken":0,"relics_obtained":["Orichalcum"],"max_hp_gain":0,"max_hp_loss":0,"event_name":"WeMeetAgain","floor":22,"gold_loss":0}],"is_beta":false,"boss_relics":[{"not_picked":["Snecko Eye","Tiny House"],"picked":"Runic Pyramid"}],"items_purged_floors":[2],"is_endless":false,"potions_floor_spawned":[1,13,14,21],"killed_by":"Book of Stabbing","ascension_level":20}}