{"host":"xwqwvmlzre68xjvm","time":1609674232,"event":{"mods":["AchievementEnabler","BaseMod","Colored Map","Colored Powertips","Hermit","Marisa£¨Ùöéë¡¡Øª×âÞÞ£©","Minty Spire (QoL Compilation)","Replay The Spire","StSLib","SuperFastMode","The Bug Knight","The Cursed","The Hierophant","The Runesmith"],"gold_per_floor":[110,110,126,11,82,82,92,120,170,180,180,196,206,206,206,303,303,313,313,53,152,170,200,216,233,307,332,332,367,367,378,378,474,474,494,494,8,24,40,66,66,100,148,148,176,176,206,254,254,254,254,254,35,70,70],"floor_reached":56,"playtime":3810,"items_purged":["Strike_G","Strike_G","Strike_G"],"score":1610,"play_id":"b8bab0db-dbe3-4283-8a6b-01391f1e6cfb","local_time":"20210103204352","is_ascension_mode":true,"campfire_choices":[{"floor":11,"key":"RECALL"},{"data":"After Image","floor":15,"key":"SMITH"},{"data":"Tactician","floor":28,"key":"SMITH"},{"data":"Hidden Blade","floor":30,"key":"SMITH"},{"data":"Prepared","floor":32,"key":"SMITH"},{"floor":41,"key":"REST"},{"data":"Madness","floor":52,"key":"SMITH"}],"circlet_count":0,"master_deck":["Strike_G","Defend_G","Defend_G","Defend_G","Survivor","Neutralize","Slice","After Image+1","Neutralize","Cloak And Dagger","Prepared+1","Prepared","Blade Dance","Deflect","Slice","Hidden Blade+1","Blade Dance","Tactician+1","Unload+1","Backflip","Underhanded Strike","Slice+1","Slice","Cloak And Dagger+1","Hidden Blade+1","Blade Dance+1","Envenom+1","Prepared+1","Infinite Blades+1","After Image+1","Madness","Slice+1","Sneak Up+1","ReplayTheSpireMod:Scrap Shanks","Accuracy+1","Reflex+1","Madness","Madness+1","Tactician","Finesse","Backstab","Discovery+1","Storm of Steel"],"relics":["Honey Jar","MealTicket","Oddly Smooth Stone","Nunchaku","ReplayTheSpireMod:Ring of Challenge","Ring of Misfortune","Black Star","Enchiridion","Runesmith:Nanobots","Letter Opener","Potion Belt","Matryoshka","Darkstone Periapt","Replay:Towering Pillar of Hats","Mirror","Prayer Wheel","Replay:Drink Me","Guide Book","Bag of Marbles","Regal Pillow","HollowMod:StagPassRelic","Ice Cream","Bottled Lightning","Lantern","Pet Ghost","Durian","Toy Ornithopter","ReplayTheSpireMod:TigerMarble","Kunai","Replay:PocketPolymizer","Boot","Happy Flower"],"acts_visited":["Exordium","TheCity","TheBeyond","TheEnding"],"potions_floor_usage":[5,8,8,8,24,33,33,50,55,55],"damage_taken":[{"damage":0,"enemies":"Cultist","floor":1,"turns":3},{"damage":0,"enemies":"Small Slimes","floor":3,"turns":3},{"damage":0,"enemies":"Jaw Worm","floor":7,"turns":3},{"damage":0,"enemies":"3 Sentries","floor":8,"turns":11},{"damage":0,"enemies":"Red Slaver","floor":10,"turns":3},{"damage":0,"enemies":"Exordium Wildlife","floor":12,"turns":5},{"damage":0,"enemies":"2 Fungi Beasts","floor":13,"turns":4},{"damage":8,"enemies":"Slime Boss","floor":16,"turns":16},{"damage":3,"enemies":"3 Byrds","floor":18,"turns":5},{"damage":0,"enemies":"Spheric Guardian","floor":22,"turns":3},{"damage":6,"enemies":"Gremlin Leader","floor":23,"turns":7},{"damage":6,"enemies":"Shelled Parasite and Fungi","floor":24,"turns":5},{"damage":0,"enemies":"Centurion and Healer","floor":25,"turns":5},{"damage":4,"enemies":"Slavers","floor":27,"turns":6},{"damage":4,"enemies":"Book of Stabbing","floor":29,"turns":5},{"damage":9,"enemies":"Snecko","floor":31,"turns":5},{"damage":4,"enemies":"Automaton","floor":33,"turns":6},{"damage":16,"enemies":"3 Darklings","floor":35,"turns":4},{"damage":28,"enemies":"3 Shapes","floor":38,"turns":3},{"damage":0,"enemies":"Spire Growth","floor":39,"turns":4},{"damage":8,"enemies":"Giant Head","floor":40,"turns":6},{"damage":15,"enemies":"Nemesis","floor":42,"turns":5},{"damage":0,"enemies":"Giant Head","floor":45,"turns":5},{"damage":0,"enemies":"Nemesis","floor":47,"turns":5},{"damage":13,"enemies":"2 Orb Walkers","floor":48,"turns":4},{"damage":1,"enemies":"Awakened One","floor":50,"turns":6},{"damage":0,"enemies":"Shield and Spear","floor":54,"turns":4},{"damage":1,"enemies":"The Heart","floor":55,"turns":7}],"seed_played":"6776698692061471474","potions_obtained":[{"floor":5,"key":"Fruit Juice"},{"floor":5,"key":"Swift Potion"},{"floor":7,"key":"Adrenaline Potion"},{"floor":8,"key":"Fruit Juice"},{"floor":10,"key":"Cursed Concoction"},{"floor":18,"key":"Energy Potion"},{"floor":25,"key":"SpeedPotion"},{"floor":31,"key":"Explosive Potion"},{"floor":38,"key":"Block Potion"},{"floor":40,"key":"Poison Potion"},{"floor":48,"key":"DuplicationPotion"}],"is_trial":false,"path_per_floor":["M","?","M","$","?","T","M","E","T","M","R","M","M","?","R","B",null,"M","?","$","?","M","E","M","M","T","E","R","E","R","M","R","B",null,"M","?","$","M","M","E","R","E","T","?","E","?","E","?","R_BF","B",null,"R","$","E","B",null],"character_chosen":"THE_SILENT","items_purchased":["Prepared","Runesmith:Nanobots","Guide Book","Bag of Marbles","Madness","Discovery"],"campfire_rested":1,"item_purchase_floors":[4,20,37,37,37,53],"current_hp_per_floor":[70,70,70,70,58,58,58,63,63,63,63,63,63,63,63,55,80,77,61,76,76,76,70,64,64,64,60,60,56,56,47,47,43,60,44,44,59,31,31,23,56,41,41,33,38,38,38,25,59,63,65,65,65,65,65],"gold":70,"neow_bonus":"BOSS_RELIC","is_daily":false,"chose_seed":false,"campfire_upgraded":5,"win_rate":0.0,"timestamp":1609674232,"path_taken":["M","?","M","?","?","?","M","E","T","?","R","M","M","?","R","BOSS","M","?","$","?","M","E","M","M","T","E","R","E","R","M","R","BOSS","M","?","$","?","M","E","R","E","T","?","E","?","E","?","R_BF","BOSS","R","$","E","BOSS"],"items_purchased_type":["Card","Relic","Relic","Relic","Card","Card"],"build_version":"2020-12-22","purchased_purges":3,"victory":true,"max_hp_per_floor":[70,70,70,70,75,75,75,80,80,80,80,80,80,80,80,80,80,80,80,80,80,80,80,80,80,80,80,80,80,80,80,80,80,60,60,60,60,60,60,60,60,60,60,60,65,65,65,65,65,65,65,65,65,65,65],"card_choices":[{"not_picked":["Dodge and Roll","Underhanded Strike","Sucker Punch"],"picked":"Slice","floor":1},{"not_picked":["Deadly Poison","PiercingWail","Fluid Movement"],"picked":"Cloak And Dagger","floor":3},{"not_picked":["Caltrops","Slice","Eviscerate"],"picked":"Blade Dance","floor":5},{"not_picked":["Acrobatics","Poisoned Stab","Hidden Blade"],"picked":"Deflect","floor":7},{"not_picked":["Unload","Catalyst","Bane"],"picked":"Slice","floor":8},{"not_picked":["Acrobatics","Prepared","Footwork"],"picked":"Hidden Blade","floor":10},{"not_picked":["Footwork","Deflect","Outmaneuver"],"picked":"Blade Dance","floor":12},{"not_picked":["Poisoned Stab","Deadly Poison","PiercingWail"],"picked":"Tactician","floor":13},{"not_picked":["Wraith Form v2","ReplayTheSpireMod:Necrosis","Night Terror"],"picked":"Unload","floor":16},{"not_picked":["Deflect","Bane","Dagger Throw"],"picked":"Backflip","floor":18},{"not_picked":["PiercingWail+1","Sucker Punch+1","Sneak Up"],"picked":"Underhanded Strike","floor":22},{"not_picked":["Dagger Spray","Doppelganger","Flying Knee","Toxin Wave"],"picked":"SKIP","floor":23},{"not_picked":["Underhanded Strike","Flying Knee+1","Replay:Poison Smokescreen"],"picked":"Slice","floor":24},{"not_picked":["Flying Knee+1","Crippling Poison","Noxious Fumes"],"picked":"Slice","floor":25},{"not_picked":["Bane+1","Die Die Die","Blade Dance"],"picked":"Cloak And Dagger+1","floor":27},{"not_picked":["Dash+1","Well Laid Plans","Heel Hook","Toxin Wave+1"],"picked":"SKIP","floor":29},{"not_picked":["Prepared+1","Reflex+1","Backflip+1"],"picked":"Hidden Blade+1","floor":31},{"not_picked":["Dodge and Roll","Dagger Spray","Terror"],"picked":"Blade Dance+1","floor":31},{"not_picked":["Burst","Atom Bomb","Replay:Bag of Tricks"],"picked":"Envenom","floor":33},{"not_picked":["Flechettes","Predator+1","ReplayTheSpireMod:Exploit Weakness"],"picked":"Prepared+1","floor":35},{"not_picked":["ReplayTheSpireMod:Scrap Shanks","Fluid Movement","Acrobatics+1"],"picked":"Infinite Blades+1","floor":35},{"not_picked":["Expertise","Dagger Throw+1","Flying Knee"],"picked":"Slice+1","floor":38},{"not_picked":["ReplayTheSpireMod:The Works","Cloak And Dagger","Replay:Poison Smokescreen"],"picked":"Sneak Up+1","floor":38},{"not_picked":["Fluid Movement+1","Sucker Punch","Dagger Spray+1"],"picked":"ReplayTheSpireMod:Scrap Shanks","floor":39},{"not_picked":["Dagger Throw","Poisoned Stab","Replay:Poison Smokescreen+1","Noxious Fumes+1"],"picked":"SKIP","floor":39},{"not_picked":["Draining Mist","PiercingWail+1","Sucker Punch"],"picked":"Accuracy+1","floor":40},{"not_picked":["Backflip+1","Accuracy+1","Doppelganger"],"picked":"Reflex+1","floor":42},{"not_picked":["Masterful Stab","Slice","All Out Attack+1"],"picked":"Tactician","floor":45},{"not_picked":["Deep Breath","Jack Of All Trades","ReplayTheSpireMod:Necrogeddon"],"picked":"Finesse","floor":46},{"not_picked":["Poisoned Stab","Malaise","Die Die Die","Dodge and Roll+1"],"picked":"SKIP","floor":47},{"not_picked":["Underhanded Strike+1","Backflip","Accuracy"],"picked":"Backstab","floor":48},{"not_picked":["Eviscerate","Skewer","Deflect+1"],"picked":"Storm of Steel","floor":54}],"player_experience":53556,"relics_obtained":[{"floor":5,"key":"MealTicket"},{"floor":8,"key":"Oddly Smooth Stone"},{"floor":9,"key":"Nunchaku"},{"floor":14,"key":"ReplayTheSpireMod:Ring of Challenge"},{"floor":14,"key":"Ring of Misfortune"},{"floor":19,"key":"Enchiridion"},{"floor":23,"key":"Letter Opener"},{"floor":23,"key":"Potion Belt"},{"floor":26,"key":"Matryoshka"},{"floor":27,"key":"Darkstone Periapt"},{"floor":27,"key":"Replay:Towering Pillar of Hats"},{"floor":29,"key":"Mirror"},{"floor":29,"key":"Prayer Wheel"},{"floor":40,"key":"Regal Pillow"},{"floor":40,"key":"HollowMod:StagPassRelic"},{"floor":42,"key":"Ice Cream"},{"floor":42,"key":"Bottled Lightning"},{"floor":43,"key":"Lantern"},{"floor":43,"key":"Pet Ghost"},{"floor":45,"key":"Durian"},{"floor":45,"key":"Toy Ornithopter"},{"floor":47,"key":"ReplayTheSpireMod:TigerMarble"},{"floor":47,"key":"Kunai"},{"floor":48,"key":"Replay:PocketPolymizer"},{"floor":54,"key":"Boot"},{"floor":54,"key":"Happy Flower"}],"event_choices":[{"damage_healed":0,"gold_gain":0,"player_choice":"2 cards matched","damage_taken":0,"max_hp_gain":0,"max_hp_loss":0,"event_name":"Match and Keep!","floor":2,"gold_loss":0,"cards_obtained":["After Image","Neutralize"]},{"damage_healed":0,"gold_gain":0,"player_choice":"Obtained Book","damage_taken":16,"max_hp_gain":0,"max_hp_loss":0,"event_name":"Cursed Tome","floor":19,"gold_loss":0},{"damage_healed":0,"gold_gain":99,"player_choice":"Stole From Cult","damage_taken":0,"max_hp_gain":0,"max_hp_loss":0,"event_name":"Nest","floor":21,"gold_loss":0},{"damage_healed":0,"gold_gain":0,"player_choice":"Copied","damage_taken":0,"max_hp_gain":0,"max_hp_loss":0,"event_name":"Duplicator","floor":36,"gold_loss":0,"cards_obtained":["After Image"]},{"damage_healed":0,"gold_gain":0,"player_choice":"Embrace Madness","damage_taken":8,"max_hp_gain":0,"max_hp_loss":0,"event_name":"Winding Halls","floor":44,"gold_loss":0,"cards_obtained":["Madness","Madness"]},{"damage_healed":0,"gold_gain":0,"player_choice":"Memory 1","damage_taken":0,"max_hp_gain":0,"max_hp_loss":0,"event_name":"SensoryStone","floor":46,"gold_loss":0},{"damage_healed":0,"gold_gain":0,"player_choice":"Fight","damage_taken":0,"max_hp_gain":0,"max_hp_loss":0,"event_name":"Mysterious Sphere","floor":48,"gold_loss":0}],"is_beta":false,"boss_relics":[{"not_picked":["SlaversCollar","Ring of Chaos"],"picked":"Black Star"},{"not_picked":["Abe\u0027s Treasure","Runic Dome"],"picked":"Replay:Drink Me"}],"items_purged_floors":[4,37,53],"is_endless":false,"potions_floor_spawned":[7,8,10,18,25,31,38,40,48],"ascension_level":2}}