{"host":"isy2gwbfe91wqj1j","time":1609695955,"event":{"mods":["AchievementEnabler","BaseMod","Better Altar","Better Match","Better Note","Better Sensory Stone","Better Skull","Better Third Choice","BetterRewards","Minty Spire (QoL Compilation)","StSLib"],"gold_per_floor":[114,114,189,189,35,35,69,69,69,87,87,102,114,131,131,226,226,236,62,62,73,87,87,107,107,107,107,125,125,125,144,144,240,240,253,253,264,280,300,300,300,300,374,104,104,137,137,148,148,148],"floor_reached":51,"playtime":3480,"items_purged":["Strike_G","Strike_G","Whirlwind+1"],"score":952,"play_id":"e119fa01-afc0-443e-a241-8d3235e7b227","local_time":"20210103104554","is_ascension_mode":false,"campfire_choices":[{"floor":6.0,"key":"REST"},{"data":"A Thousand Cuts","floor":11.0,"key":"SMITH"},{"data":"Blade Dance","floor":15,"key":"SMITH"},{"data":"Cloak And Dagger","floor":23,"key":"SMITH"},{"floor":25,"key":"REST"},{"data":"Neutralize","floor":30,"key":"SMITH"},{"data":"Tools of the Trade","floor":32,"key":"SMITH"},{"data":"Accuracy","floor":40,"key":"SMITH"},{"data":"Cloak And Dagger","floor":42,"key":"SMITH"},{"data":"Envenom","floor":47,"key":"SMITH"},{"data":"Adrenaline","floor":49,"key":"SMITH"}],"circlet_count":0,"master_deck":["Defend_G","Defend_G","Defend_G","Defend_G","Survivor","Neutralize+1","Thinking Ahead","Tools of the Trade+1","Deflect","Blade Dance+1","A Thousand Cuts+1","Calculated Gamble","Acrobatics","Infinite Blades","Cloak And Dagger+1","Backflip","Distraction+1","Accuracy+1","Cloak And Dagger+1","Envenom+1","Adrenaline+1"],"relics":["Ring of the Snake","Dead Branch","Pear","Mummified Hand","Runic Dome","Blue Candle","WristBlade","Gremlin Horn","StoneCalendar"],"acts_visited":["Exordium","TheCity","TheBeyond"],"potions_floor_usage":[50,50,50],"damage_taken":[{"damage":0.0,"enemies":"2 Louse","floor":1.0,"turns":5.0},{"damage":21.0,"enemies":"Gremlin Nob","floor":7.0,"turns":4.0},{"damage":3.0,"enemies":"Jaw Worm","floor":10.0,"turns":3.0},{"damage":8.0,"enemies":"Small Slimes","floor":12.0,"turns":3.0},{"damage":1.0,"enemies":"Looter","floor":13.0,"turns":2.0},{"damage":6,"enemies":"Exordium Thugs","floor":14,"turns":4},{"damage":8,"enemies":"The Guardian","floor":16,"turns":10},{"damage":18,"enemies":"Shell Parasite","floor":18,"turns":3},{"damage":0,"enemies":"3 Byrds","floor":21,"turns":3},{"damage":12,"enemies":"Snake Plant","floor":22,"turns":4},{"damage":0,"enemies":"Centurion and Healer","floor":24,"turns":3},{"damage":2,"enemies":"Shelled Parasite and Fungi","floor":28,"turns":6},{"damage":6,"enemies":"Sentry and Sphere","floor":31,"turns":3},{"damage":0,"enemies":"Collector","floor":33,"turns":5},{"damage":0,"enemies":"Orb Walker","floor":35,"turns":1},{"damage":0,"enemies":"3 Shapes","floor":37,"turns":1},{"damage":0,"enemies":"Jaw Worm Horde","floor":38,"turns":2},{"damage":0,"enemies":"Maw","floor":39,"turns":5},{"damage":0,"enemies":"Giant Head","floor":46,"turns":3},{"damage":0,"enemies":"Spire Growth","floor":48,"turns":2},{"damage":24,"enemies":"Awakened One","floor":50,"turns":5}],"seed_played":"-8351583685161995557","potions_obtained":[{"floor":7.0,"key":"Dexterity Potion"},{"floor":12.0,"key":"Fire Potion"},{"floor":14,"key":"Poison Potion"}],"is_trial":false,"path_per_floor":["M","?","?","?","$","R","E","?","T","M","R","M","M","M","R","B",null,"M","$","?","M","M","R","M","R","T","$","M","?","R","M","R","B",null,"M","?","M","M","M","R","?","R","T","$","?","E","R","M","R","B",null],"character_chosen":"THE_SILENT","items_purchased":["Thinking Ahead","Tools of the Trade","Deflect","A Thousand Cuts","Infinite Blades","Envenom"],"campfire_rested":2,"item_purchase_floors":[0,0,0,5,19,44],"current_hp_per_floor":[70,70,59,52,52,70,59,59,59,56,56,48,47,41,41,33,80,62,62,62,62,50,50,50,74,74,74,72,72,72,66,66,66,80,80,80,80,80,80,80,80,80,80,80,80,80,80,80,80,56],"gold":148,"neow_bonus":"","is_daily":false,"chose_seed":false,"campfire_upgraded":9,"win_rate":0.0,"timestamp":1609695954,"path_taken":["M","?","?","?","$","R","E","?","T","M","R","M","M","M","R","BOSS","M","$","?","M","M","R","M","R","T","$","M","?","R","M","R","BOSS","M","?","M","?","M","R","?","R","T","$","?","E","R","M","R","BOSS"],"items_purchased_type":["Card","Card","Card","Card","Card","Card"],"build_version":"2020-12-22","purchased_purges":3,"victory":true,"max_hp_per_floor":[70,70,70,70,70,70,80,80,80,80,80,80,80,80,80,80,80,80,80,80,80,80,80,80,80,80,80,80,80,80,80,80,80,80,80,80,80,80,80,80,80,80,80,80,80,80,80,80,80,80],"card_choices":[{"not_picked":["Reflex","PiercingWail"],"picked":"Blade Dance","floor":1.0},{"not_picked":["Skewer","Reflex"],"picked":"Calculated Gamble","floor":7.0},{"not_picked":["Escape Plan","Quick Slash"],"picked":"Acrobatics","floor":10.0},{"not_picked":["Prepared","Skewer","PiercingWail"],"picked":"SKIP","floor":12.0},{"not_picked":["Sucker Punch","Dagger Spray","Slice"],"picked":"SKIP","floor":13.0},{"not_picked":["Dodge and Roll","Flying Knee","Sucker Punch"],"picked":"SKIP","floor":14},{"not_picked":["Poisoned Stab","PiercingWail","All Out Attack"],"picked":"SKIP","floor":18},{"not_picked":["Tactician","Bouncing Flask"],"picked":"Cloak And Dagger","floor":21},{"not_picked":["Quick Slash+1","Backflip","Cloak And Dagger"],"picked":"SKIP","floor":22},{"not_picked":["Noxious Fumes","Deflect"],"picked":"Backflip","floor":24},{"not_picked":["Deadly Poison","Underhanded Strike","Dodge and Roll"],"picked":"SKIP","floor":28},{"not_picked":["Choke","Dodge and Roll"],"picked":"Distraction+1","floor":31},{"not_picked":["Flechettes+1","Bouncing Flask+1","Deflect"],"picked":"SKIP","floor":35},{"not_picked":["Poisoned Stab","Backflip"],"picked":"Accuracy","floor":37},{"not_picked":["Backflip","Sucker Punch+1","Escape Plan"],"picked":"SKIP","floor":38},{"not_picked":["Outmaneuver+1","Acrobatics"],"picked":"Cloak And Dagger","floor":39},{"not_picked":["Leg Sweep+1","Underhanded Strike","Choke"],"picked":"SKIP","floor":46},{"not_picked":["Infinite Blades","Deflect"],"picked":"Adrenaline","floor":48}],"player_experience":135171,"relics_obtained":[{"floor":7.0,"key":"Pear"},{"floor":9.0,"key":"Mummified Hand"},{"floor":26,"key":"Blue Candle"},{"floor":43,"key":"Gremlin Horn"},{"floor":46,"key":"StoneCalendar"}],"event_choices":[{"cards_removed":["Strike_G"],"damage_healed":0.0,"max_hp_gain":0.0,"max_hp_loss":0.0,"gold_gain":0.0,"event_name":"Living Wall","player_choice":"Forget","floor":2.0,"gold_loss":0.0,"damage_taken":0.0},{"damage_healed":0.0,"max_hp_gain":0.0,"max_hp_loss":0.0,"gold_gain":75.0,"event_name":"betterThird:BetterGoop","player_choice":"Gold","floor":3.0,"gold_loss":0.0,"damage_taken":11.0},{"cards_removed":["Strike_G"],"damage_healed":0.0,"max_hp_gain":0.0,"max_hp_loss":0.0,"gold_gain":0.0,"event_name":"Golden Wing","player_choice":"Card Removal","floor":4.0,"gold_loss":0.0,"damage_taken":7.0},{"damage_healed":0.0,"max_hp_gain":0.0,"max_hp_loss":0.0,"gold_gain":0.0,"event_name":"betterThird:BetterSerpent","player_choice":"Ignored","floor":8.0,"gold_loss":0.0,"damage_taken":69.0},{"damage_healed":0,"gold_gain":0,"player_choice":"Take","damage_taken":0,"max_hp_gain":0,"max_hp_loss":0,"event_name":"betterNote:BetterNote","floor":20,"gold_loss":0,"cards_obtained":["Whirlwind"]},{"damage_healed":0,"gold_gain":0,"player_choice":"Ignored","damage_taken":0,"max_hp_gain":0,"max_hp_loss":0,"event_name":"Vampires","floor":29,"gold_loss":0},{"cards_removed":["Strike_G"],"damage_healed":0,"gold_gain":0,"player_choice":"Purged","damage_taken":0,"max_hp_gain":0,"max_hp_loss":0,"event_name":"Purifier","floor":36,"gold_loss":0},{"damage_healed":0,"gold_gain":0,"player_choice":"Ignored","damage_taken":0,"max_hp_gain":0,"max_hp_loss":0,"event_name":"Tomb of Lord Red Mask","floor":41,"gold_loss":0},{"cards_removed":["Defend_G"],"damage_healed":0,"gold_gain":0,"player_choice":"Removed Skill","damage_taken":0,"max_hp_gain":0,"max_hp_loss":0,"event_name":"Falling","floor":45,"gold_loss":0}],"is_beta":false,"boss_relics":[{"not_picked":["Snecko Eye","Tiny House"],"picked":"Runic Dome"},{"not_picked":["Ring of the Serpent","Cursed Key"],"picked":"WristBlade"}],"items_purged_floors":[0,19,44],"is_endless":false,"potions_floor_spawned":[7,12,14,16,18,38,48],"ascension_level":0}}