{"host":"bjzqjr1ycgj8gt55","time":1609653093,"event":{"mods":["BaseMod","Better Altar","Better Match","Better Sensory Stone","Better Skull","Better Third Choice","Better Vampires","Block Reminder","Colored Map","Colored Powertips","Downfall","GifTheSpireLib","Hermit","Infinite Spire","Minty Spire (QoL Compilation)","Rare Cards Sparkle","Red Circlet Mod","Spicy Shops","StSLib","Waifu the Spire","everything is the same but u backflip on backflip","slay the spire mod where everything is the same but ironclad has a cowboy hat"],"gold_per_floor":[110,0,11,11,11,45,45,76,76,94,106,106,77,93,93,194,194,214,64,75,90,90,117,130,130,130,147,147,147,178,180,180],"floor_reached":31,"playtime":815,"items_purged":[],"score":367,"play_id":"aa463f3b-b35c-448b-9fe2-957b077766ff","local_time":"20210102235133","is_ascension_mode":true,"campfire_choices":[{"data":"Crippling Poison","floor":7.0,"key":"SMITH"},{"floor":12.0,"key":"REST"},{"floor":15.0,"key":"REST"},{"floor":29,"key":"REST"}],"circlet_count":0,"master_deck":["Strike_G","Strike_G","Strike_G","Strike_G","Defend_G","Defend_G","Defend_G","Defend_G","Defend_G","Survivor","Neutralize","Crippling Poison+1","Enlightenment","Deadly Poison","Burn","Bouncing Flask","Poisoned Stab","Caltrops","Corpse Explosion","Backflip","Backstab","Backstab","infinitespire:TheBestDefense","PiercingWail","Sadistic Nature","Sadistic Nature","Calculated Gamble","Deadly Poison","PiercingWail"],"relics":["Ring of the Snake","NeowsBlessing","Calipers","Mango","Ginger","infinitespire:Cupcake","Strawberry","Girya","Shuriken","infinitespire:Midas Blood"],"acts_visited":["Exordium","TheCity"],"potions_floor_usage":[23,23,24,24,27,31],"damage_taken":[{"damage":0.0,"enemies":"2 Louse","floor":1.0,"turns":1.0},{"damage":0.0,"enemies":"Jaw Worm","floor":3.0,"turns":1.0},{"damage":2.0,"enemies":"Lagavulin","floor":6.0,"turns":1.0},{"damage":47.0,"enemies":"Gremlin Nob","floor":8.0,"turns":6.0},{"damage":9.0,"enemies":"Small Slimes","floor":10.0,"turns":3.0},{"damage":10.0,"enemies":"3 Louse","floor":11.0,"turns":3.0},{"damage":6.0,"enemies":"Red Slaver","floor":14.0,"turns":4.0},{"damage":30.0,"enemies":"The Guardian","floor":16.0,"turns":8.0},{"damage":14.0,"enemies":"3 Byrds","floor":18.0,"turns":3.0},{"damage":8.0,"enemies":"Spheric Guardian","floor":20.0,"turns":4.0},{"damage":18.0,"enemies":"Centurion and Healer","floor":21.0,"turns":5.0},{"damage":32,"enemies":"Book of Stabbing","floor":23,"turns":6},{"damage":14,"enemies":"Snake Plant","floor":24,"turns":3},{"damage":6,"enemies":"Chosen and Byrds","floor":27,"turns":4},{"damage":29,"enemies":"Slavers","floor":30,"turns":4},{"damage":13,"enemies":"Snecko","floor":31,"turns":2}],"seed_played":"1335557496688057888","potions_obtained":[{"floor":10.0,"key":"GamblersBrew"},{"floor":14.0,"key":"LiquidMemories"},{"floor":16.0,"key":"sneckomod:MuddlingPotion"},{"floor":20.0,"key":"Guardian:BlockOnCardUsePotion"},{"floor":23,"key":"EntropicBrew"},{"floor":27,"key":"PowerPotion"}],"is_trial":false,"path_per_floor":["M","?","M","?","$","E","R","E","T","M","M","R","?","M","R","B",null,"M","$","M","M","AVR","E","M","?","T","M","?","R","E","M"],"character_chosen":"THE_SILENT","items_purchased":["Strawberry"],"campfire_rested":3,"item_purchase_floors":[19],"current_hp_per_floor":[70,76,76,76,76,74,74,41,41,32,22,49,49,43,70,40,90,76,83,75,57,57,25,11,11,11,5,5,34,5,0,0],"gold":180,"neow_bonus":"THREE_ENEMY_KILL","is_daily":false,"chose_seed":false,"campfire_upgraded":1,"win_rate":0.0,"timestamp":1609653093,"path_taken":["M","?","M","?","$","E","R","E","T","M","M","R","?","M","R","BOSS","M","$","M","M","AVR","E","M","?","T","M","?","R","E","M"],"items_purchased_type":["Relic"],"build_version":"2020-12-22","purchased_purges":0,"victory":false,"max_hp_per_floor":[70,76,76,76,76,76,76,90,90,90,90,90,90,90,90,90,90,90,97,97,97,97,97,97,97,97,97,97,97,97,97,97],"card_choices":[{"not_picked":["Prepared","Outmaneuver"],"picked":"Crippling Poison","floor":1.0},{"not_picked":["Deflect","Prepared"],"picked":"Deadly Poison","floor":3.0},{"not_picked":["Distraction","Riddle With Holes","Slice"],"picked":"SKIP","floor":6.0},{"not_picked":["Setup","Accuracy"],"picked":"Bouncing Flask","floor":8.0},{"not_picked":["Dagger Throw","Well Laid Plans"],"picked":"Poisoned Stab","floor":10.0},{"not_picked":["Slice","Outmaneuver","Tactician"],"picked":"SKIP","floor":11.0},{"not_picked":["All Out Attack","Underhanded Strike"],"picked":"Caltrops","floor":14.0},{"not_picked":["Unload","Bullet Time"],"picked":"Corpse Explosion","floor":16.0},{"not_picked":["Dodge and Roll","Sucker Punch"],"picked":"Backflip","floor":18.0},{"not_picked":["Sucker Punch","Skewer+1"],"picked":"Backstab","floor":20.0},{"not_picked":["Concentrate","Dodge and Roll"],"picked":"Backstab","floor":21.0},{"not_picked":["Eviscerate","Dodge and Roll","Dagger Throw+1"],"picked":"SKIP","floor":23},{"not_picked":["Acrobatics+1","Underhanded Strike"],"picked":"PiercingWail","floor":24},{"not_picked":["Deep Breath","expansioncontent:Torchfire"],"picked":"Sadistic Nature","floor":25},{"not_picked":["Jack Of All Trades","Thinking Ahead"],"picked":"Sadistic Nature","floor":25},{"not_picked":["Poisoned Stab","Prepared"],"picked":"Calculated Gamble","floor":27},{"not_picked":["Backflip","Blade Dance"],"picked":"PiercingWail","floor":30}],"player_experience":159030,"relics_obtained":[{"floor":6.0,"key":"Calipers"},{"floor":8.0,"key":"Mango"},{"floor":9.0,"key":"Ginger"},{"floor":23,"key":"Girya"},{"floor":26,"key":"Shuriken"},{"floor":30,"key":"infinitespire:Midas Blood"}],"event_choices":[{"damage_healed":0.0,"max_hp_gain":0.0,"max_hp_loss":0.0,"gold_gain":0.0,"event_name":"betterThird:BetterSerpent","player_choice":"RENOUNCE","floor":2.0,"gold_loss":110.0,"damage_taken":110.0,"cards_obtained":["Enlightenment"]},{"damage_healed":76.0,"max_hp_gain":0.0,"max_hp_loss":76.0,"gold_gain":0.0,"event_name":"betterThird:BetterShining","player_choice":"Embrace Burn","floor":4.0,"gold_loss":0.0,"damage_taken":0.0},{"damage_healed":0.0,"max_hp_gain":0.0,"max_hp_loss":0.0,"gold_gain":0.0,"event_name":"betterThird:BetterGoop","player_choice":"Left","floor":13.0,"gold_loss":29.0,"damage_taken":0.0},{"damage_healed":0,"gold_gain":2,"player_choice":"1","damage_taken":0,"max_hp_gain":0,"max_hp_loss":0,"event_name":"betterStone:BetterStone","floor":25,"gold_loss":0},{"damage_healed":0,"gold_gain":0,"cards_transformed":["Strike_G"],"player_choice":"Transformed","damage_taken":0,"max_hp_gain":0,"max_hp_loss":0,"event_name":"Transmorgrifier","floor":28,"gold_loss":0,"cards_obtained":["Deadly Poison"]}],"is_beta":false,"boss_relics":[{"not_picked":["Sozu","Pandora\u0027s Box"],"picked":"infinitespire:Cupcake"}],"items_purged_floors":[],"is_endless":false,"potions_floor_spawned":[10,14,16,20,23,27],"killed_by":"Snecko","ascension_level":4}}