{"host":"obbn5gje3893ci3z","time":1609676074,"event":{"mods":["BaseMod","Colored Powertips","Minty Spire (QoL Compilation)","The Servant 0.9.4"],"gold_per_floor":[13,28,40,0,12,12,31,31,31],"floor_reached":8,"playtime":1169,"items_purged":[],"score":58,"play_id":"6dc31923-9b02-439a-8ee0-4fad8e750dc7","local_time":"20210103201434","is_ascension_mode":true,"campfire_choices":[{"data":"Replace","floor":6.0,"key":"SMITH"}],"circlet_count":0,"master_deck":["Strike_S","Strike_S","Defend_S","Defend_S","Defend_S","Defend_S","KidneyShot","Exchange","Rewind","DualDimension","Replace+1","Comet"],"relics":["Uniform"],"acts_visited":["Exordium"],"potions_floor_usage":[8,8],"damage_taken":[{"damage":3.0,"enemies":"Cultist","floor":1.0,"turns":6.0},{"damage":5.0,"enemies":"Small Slimes","floor":2.0,"turns":7.0},{"damage":0.0,"enemies":"Jaw Worm","floor":3.0,"turns":5.0},{"damage":0.0,"enemies":"Looter","floor":4.0,"turns":5.0},{"damage":7.0,"enemies":"Red Slaver","floor":5.0,"turns":9.0},{"damage":0.0,"enemies":"Blue Slaver","floor":7.0,"turns":6.0},{"damage":0,"enemies":"Lagavulin","floor":8,"turns":19}],"seed_played":"-3789559612160848391","potions_obtained":[{"floor":1.0,"key":"Weak Potion"},{"floor":3.0,"key":"Block Potion"},{"floor":5.0,"key":"GamblersBrew"}],"is_trial":false,"path_per_floor":["M","M","M","M","M","R","M","E"],"character_chosen":"THE_SERVANT","items_purchased":[],"campfire_rested":0,"item_purchase_floors":[],"current_hp_per_floor":[62,57,57,57,50,50,50,50,50],"gold":31,"neow_bonus":"REMOVE_TWO","is_daily":false,"chose_seed":false,"campfire_upgraded":1,"win_rate":0.0,"timestamp":1609676074,"path_taken":["M","M","?","M","M","R","M","E"],"items_purchased_type":[],"build_version":"2020-12-22","purchased_purges":0,"victory":false,"max_hp_per_floor":[65,65,65,65,65,65,65,65,65],"card_choices":[{"not_picked":["TimeTheft","Revamp"],"picked":"Rewind","floor":1.0},{"not_picked":["TimeTheft","Alleviate","BestPractice"],"picked":"SKIP","floor":2.0},{"not_picked":["Deadline","Desolation"],"picked":"DualDimension","floor":3.0},{"not_picked":["FastForward","Spin"],"picked":"Replace","floor":4.0},{"not_picked":["Gouge","ShatteredReality"],"picked":"Comet","floor":5.0},{"not_picked":["FastForward","PendulumOfEternity","Revamp"],"picked":"SKIP","floor":7.0},{"not_picked":["FastForward","PendulumOfEternity","Revamp"],"picked":"SKIP","floor":7.0}],"player_experience":46303,"relics_obtained":[],"event_choices":[],"is_beta":false,"boss_relics":[],"items_purged_floors":[],"is_endless":false,"potions_floor_spawned":[1,3,5],"killed_by":"Lagavulin","ascension_level":3}}