{"host":"b4oqa93y40rb9616","time":1609645398,"event":{"mods":["BaseMod","Colored Map","Custom Start","DeckTracker","Downfall","Keyboard Shortcuts","Minty Spire (QoL Compilation)","Permanent Neow","Quick Restart","READ ME - Guardian Mod","StSLib","SuperFastMode","everything is the same but u backflip on backflip"],"gold_per_floor":[99,118,133,1,13,26,26,54,1,101,117,117,128,155,169,169,169,169],"floor_reached":16,"playtime":1805,"items_purged":[],"score":114,"play_id":"4187f730-b0e0-4f61-b3f9-687c164496b0","local_time":"20210103124318","is_ascension_mode":false,"campfire_choices":[{"data":"Slimebound:CorrosiveSpit","floor":1.0,"key":"SMITH"},{"data":"Slimebound:SamplingLick","floor":12.0,"key":"SMITH"}],"circlet_count":0,"master_deck":["Slimebound:Strike_Slimebound","Slimebound:Strike_Slimebound","Slimebound:Strike_Slimebound+1","Slimebound:Tackle+1","Slimebound:Defend_Slimebound","Slimebound:Defend_Slimebound","Slimebound:Defend_Slimebound","Slimebound:Defend_Slimebound","Slimebound:Split+1","Slimebound:CorrosiveSpit+1","Slimebound:GoopSpray","Slimebound:PressTheAttack","Slimebound:SplitLeeching","Slimebound:Grow","Slimebound:FinishingTackle","Slimebound:Gluttony","Slimebound:SlimeTap","Slimebound:LeechingTouch","Slimebound:ComboTackle","Slimebound:SpikyOuterGoop","Slimebound:ComboTackle","Slimebound:SamplingLick+1","Slimebound:SplitMire","Slimebound:RejuvenatingLick","Slimebound:MassFeed"],"relics":["Slimebound:AbsorbEndCombat","Whetstone","Pear","downfall:CloakOfManyFaces","CultistMask","FaceOfCleric","NlothsMask","GremlinMask","SsserpentHead","Incense Burner"],"acts_visited":["Exordium"],"potions_floor_usage":[14,15],"damage_taken":[{"damage":8.0,"enemies":"2 Louse","floor":2.0,"turns":2.0},{"damage":4.0,"enemies":"Cultist","floor":3.0,"turns":3.0},{"damage":11.0,"enemies":"downfall:FleeingMerchant","floor":4.0,"turns":4.0},{"damage":18.0,"enemies":"Jaw Worm","floor":5.0,"turns":4.0},{"damage":29.0,"enemies":"Exordium Thugs","floor":6.0,"turns":4.0},{"damage":28.0,"enemies":"Lagavulin","floor":8.0,"turns":5.0},{"damage":19.0,"enemies":"downfall:FleeingMerchant","floor":9.0,"turns":4.0},{"damage":19.0,"enemies":"downfall:FaceTrader","floor":10.0,"turns":4.0},{"damage":16.0,"enemies":"Blue Slaver","floor":11.0,"turns":3.0},{"damage":18,"enemies":"Exordium Thugs","floor":13,"turns":3},{"damage":19,"enemies":"Gremlin Nob","floor":14,"turns":3},{"damage":29,"enemies":"Gremlin Gang","floor":15,"turns":3},{"damage":26,"enemies":"downfall:Silent","floor":16,"turns":2}],"seed_played":"7354651182403395983","potions_obtained":[{"floor":3.0,"key":"Dexterity Potion"},{"floor":5.0,"key":"Slimebound:SlimyTonguePotion"},{"floor":10.0,"key":"DistilledChaos"},{"floor":14,"key":"BlessingOfTheForge"},{"floor":15,"key":"SmokeBomb"}],"is_trial":false,"path_per_floor":["R","M","M","$","M","M","T","E","$","?","M","R","M","E","M","B"],"character_chosen":"SLIMEBOUND","items_purchased":["Slimebound:Grow","Slimebound:FinishingTackle","Slimebound:SpikyOuterGoop"],"campfire_rested":0,"item_purchase_floors":[4,4,9],"current_hp_per_floor":[60,60,59,60,58,47,47,49,46,45,44,44,37,29,19,0,0,0],"gold":169,"neow_bonus":"UPGRADE_CARD","is_daily":false,"chose_seed":false,"campfire_upgraded":2,"win_rate":0.0,"timestamp":1609645398,"path_taken":["R","M","M","$","M","M","T","E","$","?","M","R","M","E","M","BOSS"],"items_purchased_type":["Card","Card","Card"],"build_version":"2020-12-22","purchased_purges":0,"victory":false,"max_hp_per_floor":[60,60,60,60,60,60,60,70,70,70,71,71,72,73,74,74,74,74],"card_choices":[{"not_picked":["Slimebound:HauntingLick","Slimebound:BestDefense"],"picked":"Slimebound:GoopSpray","floor":2.0},{"not_picked":["Slimebound:RollThrough","Slimebound:SamplingLick"],"picked":"Slimebound:PressTheAttack","floor":3.0},{"not_picked":["Slimebound:GoopSpray","Slimebound:SplitAcid"],"picked":"Slimebound:SplitLeeching","floor":4.0},{"not_picked":["Slimebound:GrowthPunch","Slimebound:GoopSpray"],"picked":"Slimebound:Gluttony","floor":5.0},{"not_picked":["Slimebound:LeechEnergy","Slimebound:ProtectTheBoss"],"picked":"Slimebound:SlimeTap","floor":6.0},{"not_picked":["Slimebound:RollThrough","Slimebound:SamplingLick"],"picked":"Slimebound:LeechingTouch","floor":8.0},{"not_picked":["Slimebound:Nibble","Slimebound:SlimeBrawl"],"picked":"Slimebound:ComboTackle","floor":9.0},{"not_picked":["Slimebound:RollThrough","Slimebound:WasteNot"],"picked":"Slimebound:ComboTackle","floor":10.0},{"not_picked":["Slimebound:SplitLeeching","Slimebound:SlimeBarrage"],"picked":"Slimebound:SamplingLick","floor":11.0},{"not_picked":["Slimebound:GoopSpray","Slimebound:SlimeTap"],"picked":"Slimebound:SplitMire","floor":13},{"not_picked":["Slimebound:Schlurp","Slimebound:LevelUp"],"picked":"Slimebound:RejuvenatingLick","floor":14},{"not_picked":["Slimebound:ComboTackle","Slimebound:FirmFortitude"],"picked":"Slimebound:MassFeed","floor":15}],"player_experience":420772,"relics_obtained":[{"floor":7.0,"key":"Whetstone"},{"floor":8.0,"key":"Pear"},{"floor":10.0,"key":"downfall:CloakOfManyFaces"},{"floor":14,"key":"Incense Burner"}],"event_choices":[],"is_beta":false,"boss_relics":[],"items_purged_floors":[],"is_endless":false,"potions_floor_spawned":[3,5,10,14,15],"killed_by":"downfall:Silent","ascension_level":0}}