{"host":"f5uumzf5hfexzk8l","time":1609639001,"event":{"mods":["AchievementEnabler","BaseMod","Colored Map","Googly Eyes","Highlight Path","Minty Spire (QoL Compilation)","Permanent Neow","StSLib","SuperFastMode","Unceasing Turn Reminder","everything is the same but u backflip on backflip"],"gold_per_floor":[112,138,156,156,156,185,205,225,225,225,282,282,302,328,328,344,364,364,464,464,479,479,499,499,519,536,562,562,572,601,646,695,695,714,725,758,758,788,788,887,887,904,919,919,932,784,804,804,836,836,836,853,853,881,881,900,915,644,658,658,658],"floor_reached":62,"playtime":623,"items_purged":[],"score":2084,"play_id":"0fd5a878-8aa1-45ed-b7c8-469322756ea4","local_time":"20210102175641","is_ascension_mode":true,"campfire_choices":[{"floor":18,"key":"REST"},{"floor":28,"key":"REST"},{"floor":37,"key":"REST"},{"floor":39,"key":"REST"},{"floor":48,"key":"REST"},{"floor":51,"key":"DIG"},{"floor":60,"key":"DIG"}],"circlet_count":0,"master_deck":["Perfected Strike+1","Perfected Strike+1","Perfected Strike+1","Perfected Strike+1","Perfected Strike+1","Perfected Strike+1","Perfected Strike+1","Perfected Strike+1","Perfected Strike+1","Perfected Strike+1","Perfected Strike","Perfected Strike+1","Perfected Strike","Perfected Strike+1","Perfected Strike","Perfected Strike","Perfected Strike","Perfected Strike","Perfected Strike","Perfected Strike+1","Perfected Strike+1","Perfected Strike+1","Perfected Strike+1","Perfected Strike+1","Perfected Strike+1","Perfected Strike+1","Perfected Strike+1","Perfected Strike+1","Perfected Strike+1","Perfected Strike+1","Perfected Strike+1","Cleave+1","Perfected Strike+1","Perfected Strike+1"],"relics":["Cursed Key","Smiling Mask","Question Card","FossilizedHelix","CaptainsWheel","Omamori","Prayer Wheel","Singing Bowl","Dream Catcher","Lizard Tail","Snecko Eye","Philosopher\u0027s Stone","Letter Opener","Calipers","Toy Ornithopter","Happy Flower","Torii","Peace Pipe","Mark of Pain","Membership Card","Shovel","PreservedInsect","Mercury Hourglass","Bird Faced Urn","Gambling Chip","DollysMirror","Vajra","Eternal Feather","Bag of Preparation"],"acts_visited":["Exordium","TheCity","TheBeyond"],"potions_floor_usage":[],"damage_taken":[{"damage":0,"enemies":"Cultist","floor":1,"turns":1},{"damage":0,"enemies":"2 Louse","floor":3,"turns":1},{"damage":0,"enemies":"Gremlin Nob","floor":6,"turns":1},{"damage":0,"enemies":"Small Slimes","floor":7,"turns":1},{"damage":8,"enemies":"3 Louse","floor":8,"turns":2},{"damage":0,"enemies":"Lagavulin Event","floor":11,"turns":1},{"damage":0,"enemies":"Exordium Wildlife","floor":13,"turns":1},{"damage":0,"enemies":"Lagavulin","floor":14,"turns":1},{"damage":0,"enemies":"2 Fungi Beasts","floor":16,"turns":1},{"damage":0,"enemies":"Red Slaver","floor":17,"turns":1},{"damage":0,"enemies":"Slime Boss","floor":19,"turns":1},{"damage":0,"enemies":"Spheric Guardian","floor":21,"turns":1},{"damage":0,"enemies":"3 Byrds","floor":23,"turns":1},{"damage":0,"enemies":"Snecko","floor":25,"turns":1},{"damage":0,"enemies":"Snake Plant","floor":26,"turns":1},{"damage":0,"enemies":"Gremlin Leader","floor":27,"turns":1},{"damage":0,"enemies":"Centurion and Healer","floor":29,"turns":1},{"damage":0,"enemies":"Book of Stabbing","floor":30,"turns":1},{"damage":0,"enemies":"Cultist and Chosen","floor":34,"turns":1},{"damage":0,"enemies":"Snecko","floor":35,"turns":1},{"damage":0,"enemies":"Gremlin Leader","floor":36,"turns":1},{"damage":0,"enemies":"Book of Stabbing","floor":38,"turns":1},{"damage":0,"enemies":"Automaton","floor":40,"turns":2},{"damage":0,"enemies":"3 Darklings","floor":42,"turns":1},{"damage":0,"enemies":"Orb Walker","floor":43,"turns":1},{"damage":0,"enemies":"Jaw Worm Horde","floor":45,"turns":1},{"damage":0,"enemies":"3 Darklings","floor":47,"turns":1},{"damage":0,"enemies":"Nemesis","floor":49,"turns":1},{"damage":14,"enemies":"4 Shapes","floor":52,"turns":2},{"damage":0,"enemies":"Reptomancer","floor":54,"turns":1},{"damage":0,"enemies":"Spire Growth","floor":56,"turns":1},{"damage":0,"enemies":"Maw","floor":57,"turns":1},{"damage":4,"enemies":"Sphere and 2 Shapes","floor":59,"turns":1},{"damage":0,"enemies":"Donu and Deca","floor":61,"turns":1}],"seed_played":"3047572951665232596","potions_obtained":[{"floor":19,"key":"Weak Potion"},{"floor":25,"key":"AttackPotion"},{"floor":34,"key":"SteroidPotion"}],"is_trial":false,"path_per_floor":["M","T","M","?","$","E","M","M","T","T","?","?","M","E","?","M","M","R","B",null,"M","$","M","?","M","M","E","R","M","E","T","T","?","M","M","E","R","E","R","B",null,"M","M","?","M","$","M","R","E","?","R","M","T","E","?","M","M","$","M","R","B",null],"character_chosen":"IRONCLAD","items_purchased":["Membership Card","DollysMirror","Vajra","Eternal Feather"],"campfire_rested":5,"item_purchase_floors":[46,58,58,58],"current_hp_per_floor":[72,72,72,56,56,56,56,48,48,48,50,38,42,44,44,48,52,82,84,96,100,100,104,108,112,116,118,120,124,126,126,126,126,130,134,136,138,140,142,144,144,146,150,150,154,154,154,156,158,158,158,148,148,150,150,154,158,158,158,176,176],"gold":658,"neow_bonus":"BOSS_RELIC","is_daily":false,"chose_seed":false,"campfire_upgraded":0,"win_rate":0.0,"timestamp":1609639001,"path_taken":["M","?","M","?","$","E","M","M","T","T","?","?","M","E","?","M","?","R","BOSS","M","$","M","?","M","?","E","R","M","E","T","T","?","M","M","E","R","E","R","BOSS","M","M","?","M","$","M","R","E","?","R","?","T","E","?","M","M","$","M","R","BOSS"],"items_purchased_type":["Relic","Relic","Relic","Relic"],"build_version":"2020-12-22","purchased_purges":0,"victory":true,"max_hp_per_floor":[80,80,80,80,80,80,80,80,80,80,82,82,86,88,88,92,96,98,100,100,104,104,108,108,112,116,118,120,124,126,126,126,126,130,134,136,138,140,142,144,144,146,150,150,154,154,154,156,158,158,158,162,162,164,164,168,172,172,176,176,176],"card_choices":[{"not_picked":["Spot Weakness","Wild Strike","Pommel Strike"],"picked":"SKIP","floor":1},{"not_picked":["Pommel Strike","Body Slam","Havoc"],"picked":"SKIP","floor":3},{"not_picked":["Shrug It Off","Shockwave","Corruption"],"picked":"SKIP","floor":6},{"not_picked":["Battle Trance","Inflame","Twin Strike","Headbutt"],"picked":"SKIP","floor":7},{"not_picked":["Thunderclap","Hemokinesis","Heavy Blade","Clothesline"],"picked":"SKIP","floor":8},{"not_picked":["Flame Barrier","Sword Boomerang","Headbutt","Clothesline"],"picked":"Singing Bowl","floor":11},{"not_picked":["Corruption","Twin Strike","Clash","True Grit"],"picked":"Singing Bowl","floor":13},{"not_picked":["Anger","Clash","Flex","Armaments"],"picked":"Singing Bowl","floor":13},{"not_picked":["Body Slam","Infernal Blade","Perfected Strike","True Grit"],"picked":"Singing Bowl","floor":14},{"not_picked":["Iron Wave","Metallicize","Thunderclap","Limit Break"],"picked":"Singing Bowl","floor":16},{"not_picked":["Seeing Red","Twin Strike","Wild Strike","Burning Pact"],"picked":"Singing Bowl","floor":16},{"not_picked":["Anger","Flame Barrier","Perfected Strike","Thunderclap"],"picked":"Singing Bowl","floor":17},{"not_picked":["Inflame","Thunderclap","Anger","Clash"],"picked":"Singing Bowl","floor":17},{"not_picked":["Dropkick","Pommel Strike","Bloodletting","Battle Trance"],"picked":"Singing Bowl","floor":18},{"not_picked":["Demon Form","Fiend Fire","Bludgeon","Reaper"],"picked":"Singing Bowl","floor":19},{"not_picked":["Body Slam","Cleave","Seeing Red","Dropkick"],"picked":"Singing Bowl","floor":21},{"not_picked":["Searing Blow+1","True Grit","Feel No Pain","Clash"],"picked":"Singing Bowl","floor":21},{"not_picked":["Dark Embrace","Armaments","Perfected Strike","Demon Form"],"picked":"Singing Bowl","floor":23},{"not_picked":["Searing Blow","Iron Wave","Rampage","Thunderclap"],"picked":"Singing Bowl","floor":23},{"not_picked":["Shockwave","Pommel Strike+1","Clothesline+1","Battle Trance"],"picked":"Singing Bowl","floor":25},{"not_picked":["Sentinel","Shrug It Off","Clothesline","Feed"],"picked":"Singing Bowl","floor":25},{"not_picked":["Wild Strike","Bloodletting","Havoc+1","Flex"],"picked":"Singing Bowl","floor":26},{"not_picked":["Sword Boomerang+1","Inflame","Anger","Body Slam"],"picked":"Singing Bowl","floor":26},{"not_picked":["Burning Pact","Clash","Battle Trance+1","Twin Strike"],"picked":"Singing Bowl","floor":27},{"not_picked":["Fire Breathing+1","True Grit","Clash","Feel No Pain"],"picked":"Singing Bowl","floor":28},{"not_picked":["Feed","Iron Wave","Hemokinesis","Rampage+1"],"picked":"Singing Bowl","floor":29},{"not_picked":["Flex","Wild Strike","Dark Embrace","Dual Wield"],"picked":"Singing Bowl","floor":29},{"not_picked":["Searing Blow","Uppercut+1","Sever Soul","Immolate"],"picked":"Singing Bowl","floor":30},{"not_picked":["Flame Barrier","Disarm","Flex+1","Clothesline"],"picked":"Singing Bowl","floor":34},{"not_picked":["Warcry+1","Iron Wave","Sentinel","Havoc+1"],"picked":"Singing Bowl","floor":34},{"not_picked":["Pommel Strike+1","Havoc+1","Warcry","Thunderclap"],"picked":"Singing Bowl","floor":35},{"not_picked":["Dual Wield","Anger+1","Demon Form","Clash"],"picked":"Singing Bowl","floor":35},{"not_picked":["Reckless Charge","Battle Trance+1","Armaments","Uppercut"],"picked":"Singing Bowl","floor":36},{"not_picked":["Body Slam","Reckless Charge+1","Rupture+1","Ghostly Armor"],"picked":"Singing Bowl","floor":37},{"not_picked":["Carnage","Shrug It Off+1","Rage+1","Anger"],"picked":"Singing Bowl","floor":38},{"not_picked":["Clothesline","Battle Trance","Heavy Blade","Anger"],"picked":"Singing Bowl","floor":39},{"not_picked":["Feed","Impervious","Exhume","Reaper"],"picked":"Singing Bowl","floor":40},{"not_picked":["Clash","Shrug It Off","Thunderclap+1","Anger"],"picked":"Singing Bowl","floor":42},{"not_picked":["Sword Boomerang","Pommel Strike","Body Slam+1"],"picked":"Perfected Strike+1","floor":42},{"not_picked":["Combust","True Grit","Wild Strike","Warcry+1"],"picked":"Singing Bowl","floor":43},{"not_picked":["Warcry","True Grit","Sword Boomerang","Burning Pact+1"],"picked":"Singing Bowl","floor":43},{"not_picked":["Sentinel","Searing Blow+1","Power Through+1","Anger"],"picked":"Singing Bowl","floor":45},{"not_picked":["Flame Barrier","Disarm+1","Anger","Clash"],"picked":"Singing Bowl","floor":45},{"not_picked":["Clash","Dual Wield","Juggernaut"],"picked":"Cleave+1","floor":47},{"not_picked":["Warcry","Body Slam","Heavy Blade+1"],"picked":"Perfected Strike+1","floor":47},{"not_picked":["Twin Strike","Inflame+1","True Grit","Heavy Blade+1"],"picked":"Singing Bowl","floor":48},{"not_picked":["Clothesline","Disarm+1","Heavy Blade+1","Headbutt"],"picked":"Singing Bowl","floor":49},{"not_picked":["Clothesline+1","Inflame","Pommel Strike+1","Headbutt+1"],"picked":"Singing Bowl","floor":52},{"not_picked":["Disarm","Inflame","Cleave+1","Flex"],"picked":"Singing Bowl","floor":52},{"not_picked":["Ghostly Armor","Whirlwind+1","Intimidate+1","Iron Wave+1"],"picked":"Singing Bowl","floor":54},{"not_picked":["Power Through+1","Impervious","Iron Wave+1","Anger+1"],"picked":"Singing Bowl","floor":56},{"not_picked":["Headbutt+1","Carnage+1","Hemokinesis","Pommel Strike+1"],"picked":"Singing Bowl","floor":56},{"not_picked":["Thunderclap+1","Anger+1","True Grit+1","Headbutt+1"],"picked":"Singing Bowl","floor":57},{"not_picked":["Pommel Strike+1","Armaments","Anger+1","Carnage"],"picked":"Singing Bowl","floor":57},{"not_picked":["Iron Wave+1","Heavy Blade+1","Corruption","Pommel Strike+1"],"picked":"Singing Bowl","floor":59},{"not_picked":["Power Through+1","Twin Strike","Clash+1","Clothesline+1"],"picked":"Singing Bowl","floor":59}],"player_experience":358459,"relics_obtained":[{"floor":2,"key":"Smiling Mask"},{"floor":6,"key":"Question Card"},{"floor":9,"key":"FossilizedHelix"},{"floor":10,"key":"CaptainsWheel"},{"floor":14,"key":"Lizard Tail"},{"floor":27,"key":"Letter Opener"},{"floor":30,"key":"Calipers"},{"floor":31,"key":"Toy Ornithopter"},{"floor":32,"key":"Happy Flower"},{"floor":36,"key":"Torii"},{"floor":38,"key":"Peace Pipe"},{"floor":49,"key":"PreservedInsect"},{"floor":51,"key":"Mercury Hourglass"},{"floor":53,"key":"Bird Faced Urn"},{"floor":54,"key":"Gambling Chip"},{"floor":60,"key":"Bag of Preparation"}],"event_choices":[{"damage_healed":0,"gold_gain":0,"player_choice":"Entered Light","damage_taken":16,"max_hp_gain":0,"max_hp_loss":0,"event_name":"Shining Light","floor":4,"gold_loss":0,"cards_upgraded":["Perfected Strike","Perfected Strike"]},{"damage_healed":0,"gold_gain":0,"player_choice":"Searched \u00273\u0027 times","damage_taken":0,"relics_obtained":["Prayer Wheel"],"max_hp_gain":0,"max_hp_loss":0,"event_name":"Dead Adventurer","floor":11,"gold_loss":0},{"damage_healed":0,"gold_gain":0,"player_choice":"Success","damage_taken":12,"relics_obtained":["Dream Catcher"],"max_hp_gain":0,"max_hp_loss":0,"event_name":"Scrap Ooze","floor":12,"gold_loss":0},{"damage_healed":0,"gold_gain":0,"player_choice":"Grow","damage_taken":0,"max_hp_gain":0,"max_hp_loss":0,"event_name":"Living Wall","floor":15,"gold_loss":0,"cards_upgraded":["Perfected Strike"]},{"damage_healed":4,"gold_gain":0,"player_choice":"Full Heal","damage_taken":0,"max_hp_gain":0,"max_hp_loss":0,"event_name":"Wheel of Change","floor":24,"gold_loss":0},{"damage_healed":0,"gold_gain":0,"player_choice":"Ignored","damage_taken":0,"max_hp_gain":0,"max_hp_loss":0,"event_name":"Vampires","floor":33,"gold_loss":0},{"damage_healed":0,"gold_gain":0,"player_choice":"Ignored","damage_taken":0,"max_hp_gain":0,"max_hp_loss":0,"event_name":"Tomb of Lord Red Mask","floor":44,"gold_loss":0},{"damage_healed":0,"gold_gain":0,"player_choice":"0 cards matched","damage_taken":0,"max_hp_gain":0,"max_hp_loss":0,"event_name":"Match and Keep!","floor":50,"gold_loss":0,"cards_obtained":[]},{"cards_removed":["Pain","Clumsy","Normality","Doubt"],"damage_healed":0,"gold_gain":0,"player_choice":"Removed Curses","damage_taken":0,"max_hp_gain":0,"max_hp_loss":0,"event_name":"Fountain of Cleansing","floor":55,"gold_loss":0}],"is_beta":false,"boss_relics":[{"not_picked":["Runic Cube","Calling Bell"],"picked":"Snecko Eye"},{"not_picked":["Empty Cage","Pandora\u0027s Box"],"picked":"Mark of Pain"}],"items_purged_floors":[],"is_endless":false,"potions_floor_spawned":[1,6,8,13,19,21,25,29,34,35,38,43,52,54,57],"ascension_level":10}}