{"host":"873t0y8ybyo38pfq","time":1609690878,"event":{"mods":["BaseMod","Bestiary","Colored Map","Colored Powertips","Highlight Path","Minty Spire (QoL Compilation)","Quick Restart","RNG Fix","Rare Cards Sparkle","Relic Stats","StSLib"],"gold_per_floor":[116,136,136,22,34,34,34,34],"floor_reached":7,"playtime":154,"items_purged":[],"score":82,"play_id":"d3129e9c-f6de-4d8e-857c-bd730e5b2d99","local_time":"20210103112118","is_ascension_mode":true,"campfire_choices":[{"data":"Self Repair","floor":6,"key":"SMITH"}],"circlet_count":0,"master_deck":["AscendersBane","Strike_B","Strike_B","Strike_B","Strike_B","Defend_B","Defend_B","Defend_B","Defend_B","Zap+1","Dualcast","Cold Snap","Compile Driver","Sweeping Beam","Self Repair+1","Hologram","Capacitor"],"relics":["Cracked Core"],"acts_visited":["Exordium"],"potions_floor_usage":[],"damage_taken":[{"damage":2,"enemies":"Small Slimes","floor":1,"turns":4},{"damage":1,"enemies":"2 Louse","floor":2,"turns":2},{"damage":12,"enemies":"Jaw Worm","floor":5,"turns":4},{"damage":56,"enemies":"Gremlin Nob","floor":7,"turns":4}],"seed_played":"-8804184445831759789","potions_obtained":[],"is_trial":false,"path_per_floor":["M","M","?","$","M","R","E"],"character_chosen":"DEFECT","items_purchased":["Self Repair","Hologram"],"campfire_rested":0,"item_purchase_floors":[4,4],"current_hp_per_floor":[62,61,61,61,56,56,0,0],"gold":34,"neow_bonus":"THREE_CARDS","is_daily":false,"chose_seed":false,"campfire_upgraded":1,"win_rate":0.0,"timestamp":1609690878,"path_taken":["M","M","?","$","M","R","E"],"items_purchased_type":["Card","Card"],"build_version":"2020-12-22","purchased_purges":0,"victory":false,"max_hp_per_floor":[71,71,71,71,71,71,71,71],"relic_stats":{"counters":[4,14],"obtain_stats":[{"Cracked Core":0},{"Cracked Core":0},{"Cracked Core":0}]},"card_choices":[{"not_picked":["Redo","Rebound"],"picked":"Cold Snap","floor":0},{"not_picked":["Stack","Cold Snap"],"picked":"Compile Driver","floor":1},{"not_picked":["Gash","Go for the Eyes"],"picked":"Sweeping Beam","floor":2},{"not_picked":["Redo","Barrage"],"picked":"Capacitor","floor":5}],"player_experience":1488712,"relics_obtained":[],"event_choices":[{"damage_healed":0,"gold_gain":0,"player_choice":"Grow","damage_taken":0,"max_hp_gain":0,"max_hp_loss":0,"event_name":"Living Wall","floor":3,"gold_loss":0,"cards_upgraded":["Zap"]}],"is_beta":false,"boss_relics":[],"items_purged_floors":[],"is_endless":false,"potions_floor_spawned":[],"killed_by":"Gremlin Nob","ascension_level":20}}