{"host":"gsmj583br51y3r1c","time":1609654081,"event":{"mods":["AchievementEnabler","BaseMod","Better Note","Colored Map","Downfall","Hermit","Highlight Path","Hubris","Infinite Spire","Marisa????????","Minty Spire (QoL Compilation)","Quick Restart","StSLib","The Administrix","The Bug Knight","The Cursed","The Disciple","The Hierophant","The Marked","The Necromancer","The Runesmith","The Servant 0.9.4","Unceasing Turn Reminder","everything is the same but u backflip on backflip"],"gold_per_floor":[99,99,99,99,99,99,122,132,132,82,95,113,63,63,74,177,177,52,52,52,52],"floor_reached":19,"playtime":1624,"items_purged":["Slimebound:Strike_Slimebound"],"score":153,"play_id":"5c456d3b-be4e-42d5-a856-b1c3f672f55e","local_time":"20210103080801","is_ascension_mode":false,"campfire_choices":[{"floor":1,"key":"RECALL"},{"floor":10,"key":"REST"},{"data":"Slimebound:Equalize","floor":13,"key":"SMITH"},{"data":"Slimebound:LeechEnergy","floor":18,"key":"SMITH"}],"circlet_count":0,"master_deck":["Slimebound:Strike_Slimebound","Slimebound:Strike_Slimebound","Slimebound:Tackle","Slimebound:Defend_Slimebound","Slimebound:Defend_Slimebound","Slimebound:Defend_Slimebound","Slimebound:Defend_Slimebound","Slimebound:Split+1","Slimebound:CorrosiveSpit","Slimebound:LeechEnergy+1","Slimebound:FirmFortitude","Slimebound:LeechEnergy","Slimebound:RollThrough","Slimebound:Equalize+1","Slimebound:SlimeSpikes","Slimebound:Prepare","Slimebound:OneTwoCombo"],"relics":["Slimebound:AbsorbEndCombatUpgraded","downfall:HeartsMalice","Anchor","Slimebound:GreedOozeRelic","downfall:HeartBlessingBlue"],"acts_visited":["Exordium","TheCity"],"potions_floor_usage":[16],"damage_taken":[{"damage":0,"enemies":"Small Slimes","floor":2,"turns":1},{"damage":0,"enemies":"Cultist","floor":3,"turns":1},{"damage":0,"enemies":"Jaw Worm","floor":5,"turns":1},{"damage":21,"enemies":"3 Louse","floor":8,"turns":3},{"damage":15,"enemies":"Exordium Wildlife","floor":11,"turns":3},{"damage":16,"enemies":"Blue Slaver","floor":12,"turns":3},{"damage":8,"enemies":"Exordium Wildlife","floor":15,"turns":3},{"damage":48,"enemies":"downfall:Watcher","floor":16,"turns":9},{"damage":0,"enemies":"Chosen","floor":19,"turns":1}],"seed_played":"-1873835026092881646","potions_obtained":[{"floor":11,"key":"ColorlessPotion"},{"floor":16,"key":"SpeedPotion"}],"is_trial":false,"path_per_floor":["R","M","M","?","M","$","T","M","?","R","M","M","R","?","M","B",null,"R","M"],"character_chosen":"SLIMEBOUND","items_purchased":["Anchor"],"campfire_rested":1,"item_purchase_floors":[6],"current_hp_per_floor":[60,60,60,60,60,45,45,42,42,60,59,48,48,48,56,38,60,70,70,70,70],"gold":52,"neow_bonus":"THREE_ENEMY_KILL","is_daily":false,"chose_seed":false,"campfire_upgraded":2,"win_rate":0.0,"timestamp":1609654081,"path_taken":["R","M","M","?","?","?","T","M","?","R","M","M","R","?","M","BOSS","R","M"],"items_purchased_type":["Relic"],"build_version":"2020-12-22","purchased_purges":1,"victory":false,"max_hp_per_floor":[60,60,60,60,60,60,60,60,60,60,60,60,60,60,60,60,60,70,70,70,70],"card_choices":[{"not_picked":["Slimebound:SlimeSpikes","Slimebound:ItLooksTasty"],"picked":"Slimebound:LeechEnergy","floor":2},{"not_picked":["Slimebound:FormOfPuddle","Slimebound:AcidTongue"],"picked":"Slimebound:SplitMire","floor":3},{"not_picked":["Slimebound:ComboTackle","Slimebound:SlimeSpikes"],"picked":"Slimebound:FirmFortitude","floor":5},{"not_picked":["Slimebound:SplitLeeching","Slimebound:SamplingLick"],"picked":"Slimebound:LeechEnergy","floor":8},{"not_picked":["Slimebound:AcidTongue","Slimebound:FlameTackle"],"picked":"Slimebound:RollThrough","floor":11},{"not_picked":["Slimebound:SplitMire","Slimebound:SplitBruiser"],"picked":"Slimebound:Equalize","floor":12},{"not_picked":["Slimebound:LeechEnergy","Slimebound:Dissolve"],"picked":"Slimebound:Prepare","floor":15},{"not_picked":["Slimebound:OozeBath","Slimebound:PrepareCrush"],"picked":"Slimebound:OneTwoCombo","floor":16}],"player_experience":279118,"relics_obtained":[],"event_choices":[{"damage_healed":0,"gold_gain":0,"player_choice":"Forge","damage_taken":0,"max_hp_gain":0,"max_hp_loss":0,"event_name":"Accursed Blacksmith","floor":4,"gold_loss":0,"cards_upgraded":["Slimebound:Split"]},{"damage_healed":0,"gold_gain":0,"cards_transformed":["Slimebound:SplitMire"],"player_choice":"Change","damage_taken":0,"max_hp_gain":0,"max_hp_loss":0,"event_name":"Living Wall","floor":14,"gold_loss":0,"cards_obtained":["Slimebound:SlimeSpikes"]}],"is_beta":false,"boss_relics":[{"not_picked":["hubris:TerracottaHorce","Snecko Eye"],"picked":"Slimebound:AbsorbEndCombatUpgraded"}],"items_purged_floors":[6],"is_endless":false,"potions_floor_spawned":[11,16],"killed_by":"Chosen","ascension_level":0}}