{"host":"j0vzbnzm6n2ctevn","time":1609671409,"event":{"mods":["AchievementEnabler","BaseMod","Minty Spire (QoL Compilation)","Quick Restart","Shop Mod","Spicy Shops","StSLib"],"gold_per_floor":[118,118,129,30,40,53,53,71,98,72,98,98,126,139,139,237,237,257,182,82,82,102,127,127,140,140,186,197,214,214,232,232,332,332,344,361,361,361],"floor_reached":37,"playtime":1441,"items_purged":["Strike_R","Bash"],"score":393,"play_id":"918b7c4f-d974-445a-acc1-39a4b02ad504","local_time":"20210103185649","is_ascension_mode":false,"campfire_choices":[{"data":"Flex","floor":7.0,"key":"SMITH"},{"data":"Flex","floor":12.0,"key":"SMITH"},{"data":"Limit Break","floor":15.0,"key":"SMITH"},{"floor":24.0,"key":"REST"},{"data":"Whirlwind","floor":32.0,"key":"SMITH"}],"circlet_count":0,"master_deck":["Strike_R","Strike_R","Strike_R","Defend_R","Defend_R","Defend_R","Defend_R","Discovery","Cleave","Twin Strike","Flex+1","Flex+1","Twin Strike","Limit Break+1","Sword Boomerang","Shrug It Off","Flex","Double Tap","Cleave","Pommel Strike+1","Whirlwind+1","Limit Break","Whirlwind+1","Intimidate+1"],"relics":["Burning Blood","Lantern","Odd Mushroom","Boot","Mark of Pain","Ancient Tea Set","Smiling Mask","Sozu"],"acts_visited":["Exordium","TheCity","TheBeyond"],"potions_floor_usage":[],"damage_taken":[{"damage":1.0,"enemies":"Cultist","floor":1.0,"turns":3.0},{"damage":7.0,"enemies":"2 Louse","floor":3.0,"turns":3.0},{"damage":3.0,"enemies":"Jaw Worm","floor":5.0,"turns":2.0},{"damage":0.0,"enemies":"2 Fungi Beasts","floor":6.0,"turns":4.0},{"damage":15.0,"enemies":"Exordium Thugs","floor":8.0,"turns":3.0},{"damage":0.0,"enemies":"The Mushroom Lair","floor":11.0,"turns":2.0},{"damage":18.0,"enemies":"3 Sentries","floor":13.0,"turns":5.0},{"damage":6.0,"enemies":"Lots of Slimes","floor":14.0,"turns":3.0},{"damage":28.0,"enemies":"The Guardian","floor":16.0,"turns":5.0},{"damage":0.0,"enemies":"Spheric Guardian","floor":18.0,"turns":2.0},{"damage":17.0,"enemies":"2 Thieves","floor":22.0,"turns":4.0},{"damage":47.0,"enemies":"Slavers","floor":23.0,"turns":4.0},{"damage":20.0,"enemies":"Shelled Parasite and Fungi","floor":25.0,"turns":5.0},{"damage":0.0,"enemies":"Sentry and Sphere","floor":28.0,"turns":2.0},{"damage":25.0,"enemies":"Centurion and Healer","floor":29.0,"turns":4.0},{"damage":12.0,"enemies":"3 Cultists","floor":31.0,"turns":3.0},{"damage":75.0,"enemies":"Collector","floor":33.0,"turns":10.0},{"damage":18.0,"enemies":"3 Shapes","floor":35.0,"turns":2.0},{"damage":26.0,"enemies":"3 Darklings","floor":36.0,"turns":3.0},{"damage":49,"enemies":"Writhing Mass","floor":37,"turns":5}],"seed_played":"1072046819933728821","potions_obtained":[{"floor":11.0,"key":"Energy Potion"},{"floor":13.0,"key":"GamblersBrew"},{"floor":14.0,"key":"DistilledChaos"},{"floor":16.0,"key":"PowerPotion"},{"floor":28.0,"key":"DuplicationPotion"},{"floor":29.0,"key":"Block Potion"},{"floor":31.0,"key":"BloodPotion"}],"is_trial":false,"path_per_floor":["M","?","M","$","M","M","R","M","T","$","?","R","E","M","R","B",null,"M","?","$","?","M","E","R","M","T","T","M","M","?","M","R","B",null,"M","M","M"],"character_chosen":"IRONCLAD","items_purchased":["Flex","Sword Boomerang"],"campfire_rested":1,"item_purchase_floors":[4,10],"current_hp_per_floor":[80,80,79,79,80,80,80,71,71,71,77,77,65,65,65,43,80,80,80,80,80,69,28,52,38,38,38,44,25,80,74,74,21,80,68,48,0,0],"gold":361,"neow_bonus":"RANDOM_COLORLESS","is_daily":false,"chose_seed":false,"campfire_upgraded":4,"win_rate":0.0,"timestamp":1609671409,"path_taken":["M","?","M","$","?","M","R","M","T","$","?","R","E","M","R","BOSS","M","?","$","?","?","E","R","M","T","?","M","M","?","M","R","BOSS","M","?","M"],"items_purchased_type":["Card","Card"],"build_version":"2020-12-22","purchased_purges":2,"victory":false,"max_hp_per_floor":[80,80,80,80,80,80,80,80,80,80,80,80,80,80,80,80,80,80,80,80,80,80,80,80,80,80,80,80,80,80,80,80,80,80,80,80,80,80],"card_choices":[{"not_picked":["Finesse","Deep Breath"],"picked":"Discovery","floor":0.0},{"not_picked":["Anger","Feel No Pain"],"picked":"Cleave","floor":1.0},{"not_picked":["Clash","True Grit"],"picked":"Twin Strike","floor":3.0},{"not_picked":["Sentinel","Havoc"],"picked":"Flex","floor":5.0},{"not_picked":["True Grit","Reckless Charge"],"picked":"Twin Strike","floor":6.0},{"not_picked":["Perfected Strike","Shrug It Off"],"picked":"Limit Break","floor":8.0},{"not_picked":["Combust","Clash"],"picked":"Shrug It Off","floor":11.0},{"not_picked":["Heavy Blade","Sword Boomerang"],"picked":"Flex","floor":13.0},{"not_picked":["Sever Soul","Anger","Iron Wave"],"picked":"SKIP","floor":14.0},{"not_picked":["Barricade","Immolate"],"picked":"Double Tap","floor":16.0},{"not_picked":["Armaments","Havoc","Thunderclap"],"picked":"SKIP","floor":18.0},{"not_picked":["Evolve+1","Twin Strike","Body Slam"],"picked":"SKIP","floor":22.0},{"not_picked":["Berserk","Impervious"],"picked":"Cleave","floor":23.0},{"not_picked":["Blood for Blood","Wild Strike"],"picked":"Pommel Strike+1","floor":25.0},{"not_picked":["Wild Strike+1","Power Through+1","Fire Breathing"],"picked":"SKIP","floor":28.0},{"not_picked":["Thunderclap","Body Slam"],"picked":"Whirlwind","floor":29.0},{"not_picked":["Burning Pact","Perfected Strike","Havoc"],"picked":"SKIP","floor":31.0},{"not_picked":["Double Tap","Juggernaut"],"picked":"Limit Break","floor":33.0},{"not_picked":["Hemokinesis","Havoc+1"],"picked":"Whirlwind+1","floor":35.0},{"not_picked":["True Grit","Entrench+1"],"picked":"Intimidate+1","floor":36.0}],"player_experience":109237,"relics_obtained":[{"floor":9.0,"key":"Lantern"},{"floor":11.0,"key":"Odd Mushroom"},{"floor":13.0,"key":"Boot"},{"floor":23.0,"key":"Ancient Tea Set"},{"floor":27.0,"key":"Smiling Mask"}],"event_choices":[{"damage_healed":0.0,"max_hp_gain":0.0,"max_hp_loss":0.0,"gold_gain":0.0,"event_name":"The Woman in Blue","player_choice":"Bought 0 Potions","floor":2.0,"gold_loss":0.0,"damage_taken":0.0},{"damage_healed":0.0,"max_hp_gain":0.0,"max_hp_loss":0.0,"gold_gain":0.0,"event_name":"Mushrooms","player_choice":"Fought Mushrooms","floor":11.0,"gold_loss":0.0,"damage_taken":0.0},{"cards_removed":["Strike_R"],"damage_healed":0.0,"max_hp_gain":0.0,"max_hp_loss":0.0,"gold_gain":0.0,"event_name":"Beggar","player_choice":"Gave Gold","floor":19.0,"gold_loss":75.0,"damage_taken":0.0},{"damage_healed":0.0,"max_hp_gain":0.0,"max_hp_loss":0.0,"gold_gain":0.0,"event_name":"NoteForYourself","player_choice":"Ignored","floor":21.0,"gold_loss":0.0,"damage_taken":0.0},{"damage_healed":55.0,"max_hp_gain":0.0,"max_hp_loss":0.0,"gold_gain":0.0,"event_name":"Wheel of Change","player_choice":"Full Heal","floor":30.0,"gold_loss":0.0,"damage_taken":0.0}],"is_beta":false,"boss_relics":[{"not_picked":["Velvet Choker","Cursed Key"],"picked":"Mark of Pain"},{"not_picked":["Astrolabe","Coffee Dripper"],"picked":"Sozu"}],"items_purged_floors":[4,20],"is_endless":false,"potions_floor_spawned":[11,13,14,16,28,29,31,36],"killed_by":"Writhing Mass","ascension_level":0}}