{"host":"drk0p5jtlzl1xmwe","time":1609713883,"event":{"mods":["2.2 Compatiblity","AchievementEnabler","Act Like it!","Bard","BaseMod","Better Note","Better Vampires","Ekko","Friendly Minions","Hermit","Hubris","Infinite Spire","Luminous","Marisa????????","Minty Spire (QoL Compilation)","Rare Cards Sparkle","Relic Stats","Replay The Spire","Shade Mod","StSLib","The Animator","The Bug Knight","The Cursed","The Disciple","The Gatherer","The Servant 0.9.4","The Spell Scribe"],"gold_per_floor":[115,115,134,151,168,168,194,194,494,528,560,560,590,654,654,755,755,787,814,814,814,832,832,892,892,892,892,892,918,929,957,957,957,957],"floor_reached":33,"playtime":1619,"items_purged":[],"score":424,"play_id":"8fe3948d-cbdc-4850-847c-9123d47a1517","local_time":"20210103224443","is_ascension_mode":true,"campfire_choices":[{"data":"hermit:DeadOrAlive","floor":6,"key":"SMITH"},{"data":"hermit:Gestalt","floor":6,"key":"SMITH"},{"floor":8,"key":"REST"},{"data":"hermit:Gestalt","floor":12,"key":"SMITH"},{"data":"hermit:Quickdraw","floor":12,"key":"SMITH"},{"data":"hermit:Snapshot","floor":15,"key":"SMITH"},{"data":"hermit:Covet","floor":15,"key":"SMITH"},{"floor":23,"key":"REST"},{"floor":25,"key":"REST"},{"floor":27,"key":"REST"},{"data":"hermit:RoundhouseKick","floor":32,"key":"SMITH"},{"data":"hermit:Gestalt","floor":32,"key":"SMITH"}],"circlet_count":0,"master_deck":["hermit:BlackWind+1","hermit:Defend_Hermit","hermit:Defend_Hermit+1","hermit:Defend_Hermit","hermit:Defend_Hermit+1","hermit:Snapshot+1","hermit:Covet+1","hermit:Quickdraw+1","hermit:Gestalt+1","hermit:DeadOrAlive+1","hermit:Gestalt+1","hermit:BlackWind","hermit:CalledShot+1","hermit:Gestalt+1","hermit:Dive+1","Bite","Bite","Bite","Bite","hermit:Gestalt+1","hermit:RoundhouseKick+1"],"relics":["hermit:Momento","Replay:Arrowhead","Turnip","Old Coin","ReplayTheSpireMod:Lightbulb","Quantum Egg","hubris:ScarierMask","Replay:Blank Codex","Question Card","White Beast Statue","War Paint","HollowMod:StagPassRelic"],"acts_visited":["Exordium","TheCity"],"potions_floor_usage":[10,16,16,24,30,31,33],"damage_taken":[{"damage":1,"enemies":"Cultist","floor":1,"turns":3},{"damage":2,"enemies":"Small Slimes","floor":3,"turns":3},{"damage":4,"enemies":"Jaw Worm","floor":4,"turns":3},{"damage":26,"enemies":"Exordium Thugs","floor":5,"turns":6},{"damage":16,"enemies":"Lagavulin","floor":7,"turns":5},{"damage":1,"enemies":"Gremlin Nob","floor":10,"turns":3},{"damage":0,"enemies":"Blue Slaver","floor":11,"turns":1},{"damage":2,"enemies":"3 Louse","floor":13,"turns":3},{"damage":2,"enemies":"Lagavulin","floor":14,"turns":5},{"damage":2,"enemies":"Slime Boss","floor":16,"turns":8},{"damage":31,"enemies":"3 Byrds","floor":18,"turns":5},{"damage":0,"enemies":"Spheric Guardian","floor":19,"turns":1},{"damage":2,"enemies":"Chosen and Byrds","floor":22,"turns":2},{"damage":29,"enemies":"Book of Stabbing","floor":24,"turns":6},{"damage":21,"enemies":"Slavers","floor":29,"turns":9},{"damage":4,"enemies":"Centurion and Healer","floor":30,"turns":5},{"damage":31,"enemies":"Replay:Snechameleon","floor":31,"turns":10},{"damage":77,"enemies":"Collector","floor":33,"turns":12}],"seed_played":"-6562024415261735060","potions_obtained":[{"floor":4,"key":"Elixir"},{"floor":7,"key":"Block Potion"},{"floor":11,"key":"SpeedPotion"},{"floor":14,"key":"CultistPotion"},{"floor":16,"key":"Elixir"},{"floor":22,"key":"Block Potion"},{"floor":29,"key":"Swift Potion"},{"floor":30,"key":"AttackPotion"},{"floor":31,"key":"FairyPotion"}],"is_trial":false,"path_per_floor":["M","?","M","M","M","R","E","R","T","E","M","R","M","E","R","B",null,"M","M","?","?","M","R","E","R","T","R","?","E","M","E","R","B"],"character_chosen":"HERMIT","items_purchased":[],"campfire_rested":4,"item_purchase_floors":[],"current_hp_per_floor":[67,67,65,61,35,35,19,39,39,38,38,38,36,34,34,32,68,37,37,21,21,19,39,10,30,30,50,50,49,51,35,35,0,0],"gold":957,"neow_bonus":"ONE_RARE_RELIC","is_daily":false,"chose_seed":false,"campfire_upgraded":8,"win_rate":0.0,"timestamp":1609713883,"path_taken":["M","?","M","M","M","R","E","R","T","E","?","R","M","E","R","BOSS","M","M","?","?","?","R","E","R","T","R","?","E","M","E","R","BOSS"],"items_purchased_type":[],"build_version":"2020-12-22","purchased_purges":0,"victory":false,"max_hp_per_floor":[68,68,68,68,68,68,68,68,68,68,68,68,68,68,68,68,68,68,68,68,68,68,68,68,68,68,68,51,51,51,51,51,51,51],"relic_stats":{"counters":[18,90],"Turnip":[3],"War Paint":["hermit:Defend_Hermit","hermit:Defend_Hermit"],"Question Card":3,"obtain_stats":[{"Quantum Egg":14,"hubris:ScarierMask":17,"Turnip":7,"War Paint":29,"ReplayTheSpireMod:Lightbulb":10,"Question Card":24,"HollowMod:StagPassRelic":31,"hermit:Momento":0,"Replay:Arrowhead":0,"Replay:Blank Codex":20,"White Beast Statue":26,"Old Coin":9},{"Quantum Egg":9,"hubris:ScarierMask":10,"Turnip":5,"War Paint":15,"ReplayTheSpireMod:Lightbulb":6,"Question Card":14,"HollowMod:StagPassRelic":17,"hermit:Momento":0,"Replay:Arrowhead":0,"Replay:Blank Codex":12,"White Beast Statue":14,"Old Coin":5},{"Quantum Egg":32,"hubris:ScarierMask":40,"Turnip":20,"War Paint":63,"ReplayTheSpireMod:Lightbulb":23,"Question Card":54,"HollowMod:StagPassRelic":78,"hermit:Momento":0,"Replay:Arrowhead":0,"Replay:Blank Codex":46,"White Beast Statue":54,"Old Coin":20}]},"card_choices":[{"not_picked":["hermit:Coalescence","hermit:Desperado"],"picked":"hermit:Quickdraw","floor":1},{"not_picked":["hermit:CalledShot","hermit:Quickdraw"],"picked":"hermit:Gestalt","floor":3},{"not_picked":["hermit:LoneWolf","hermit:Quickdraw","hermit:BodyArmor"],"picked":"SKIP","floor":4},{"not_picked":["hermit:Combo","hermit:Shortfuse"],"picked":"hermit:DeadOrAlive","floor":5},{"not_picked":["hermit:Vantage","hermit:SprayPray"],"picked":"hermit:Gestalt","floor":7},{"not_picked":["hermit:Showdown","hermit:Roulette","hermit:HoleUp"],"picked":"SKIP","floor":10},{"not_picked":["hermit:Malice","hermit:PistolWhip","hermit:HighCaliber"],"picked":"SKIP","floor":11},{"not_picked":["hermit:Glare","hermit:Desperado","hermit:Feint"],"picked":"SKIP","floor":13},{"not_picked":["hermit:Showdown","hermit:HighCaliber","hermit:SprayPray"],"picked":"SKIP","floor":14},{"not_picked":["hermit:Magnum","hermit:Adapt"],"picked":"hermit:BlackWind","floor":16},{"not_picked":["hermit:Vantage","hermit:LoneWolf+1","hermit:ShadowCloak"],"picked":"SKIP","floor":18},{"not_picked":["hermit:WideOpen+1","hermit:SprayPray"],"picked":"hermit:CalledShot+1","floor":19},{"not_picked":["hermit:LoneWolf+1","hermit:Malice+1","hermit:Shortfuse"],"picked":"SKIP","floor":22},{"not_picked":["hermit:FullyLoaded","hermit:Snipe"],"picked":"hermit:Dive+1","floor":24},{"not_picked":["hermit:OverwhelmingPower","hermit:ShadowCloak","hermit:Shortfuse"],"picked":"hermit:Gestalt","floor":29},{"not_picked":["hermit:TrackingShot","hermit:Grudge","hermit:Ricochet","hermit:SprayPray"],"picked":"SKIP","floor":30},{"not_picked":["hermit:Coalescence","hermit:LuckOfTheDraw","hermit:ShadowCloak"],"picked":"hermit:RoundhouseKick","floor":31}],"player_experience":658663,"relics_obtained":[{"floor":7,"key":"Turnip"},{"floor":9,"key":"Old Coin"},{"floor":10,"key":"ReplayTheSpireMod:Lightbulb"},{"floor":14,"key":"Quantum Egg"},{"floor":20,"key":"Replay:Blank Codex"},{"floor":24,"key":"Question Card"},{"floor":26,"key":"White Beast Statue"},{"floor":29,"key":"War Paint"},{"floor":31,"key":"HollowMod:StagPassRelic"}],"event_choices":[{"damage_healed":0,"gold_gain":0,"player_choice":"0 cards matched","damage_taken":0,"max_hp_gain":0,"max_hp_loss":0,"event_name":"Match and Keep!","floor":2,"gold_loss":0,"cards_obtained":[]},{"damage_healed":0,"gold_gain":0,"player_choice":"Obtained Book","damage_taken":16,"max_hp_gain":0,"max_hp_loss":0,"event_name":"Cursed Tome","floor":20,"gold_loss":0},{"damage_healed":0,"gold_gain":0,"player_choice":"Copied","damage_taken":0,"max_hp_gain":0,"max_hp_loss":0,"event_name":"Duplicator","floor":21,"gold_loss":0,"cards_obtained":["hermit:Gestalt"]},{"damage_healed":0,"gold_gain":0,"player_choice":"Became a vampire","damage_taken":0,"max_hp_gain":0,"max_hp_loss":17,"event_name":"Vampires","floor":28,"gold_loss":0,"cards_obtained":["Bite","Bite","Bite","Bite"]}],"is_beta":false,"boss_relics":[{"not_picked":["Abe\u0027s Treasure","ChewingGum"],"picked":"hubris:ScarierMask"}],"items_purged_floors":[],"is_endless":false,"potions_floor_spawned":[4,7,11,14,16,22,29,30,31],"killed_by":"Collector","ascension_level":3}}