{"host":"e8rlfedn69rz2s07","time":1609712663,"event":{"mods":["Act Like it!","BaseMod","Conspire","Hubris","Infinite Spire","Minty Spire (QoL Compilation)","Permanent Neow","Relic Stats","Replay The Spire","Shop Mod","StSLib","The Jungle"],"gold_per_floor":[360,29,29,42,42,42,70,70,70,70,80,113,113,124,124,201,201,213,213,226,237,237,237,237,272,323,323,323,358,374,401,401,475,475,492,520,531,531,531,566,566,579,604,654,667,667,667,239,239,239,239,239,239,539,1310,1310],"floor_reached":57,"playtime":4561,"items_purged":["Strike_B","Strike_B"],"score":2263,"play_id":"7107ba31-027b-498b-8613-c869cbe1acca","local_time":"20210104002422","is_ascension_mode":true,"campfire_choices":[{"data":"hubris:DoWhile","floor":6.0,"key":"SMITH"},{"floor":8.0,"key":"REST"},{"data":"Consume","floor":10.0,"key":"SMITH"},{"data":"Hologram","floor":15.0,"key":"SMITH"},{"floor":23.0,"key":"REST"},{"floor":27.0,"key":"REST"},{"floor":32.0,"key":"REST"},{"floor":41.0,"key":"REST"},{"floor":46.0,"key":"REST"},{"floor":49.0,"key":"RECALL"},{"floor":53,"key":"REST"}],"circlet_count":0,"master_deck":["AscendersBane","Strike_B+1","Defend_B+1","Defend_B+1","Defend_B+1","Defend_B+1","Zap+1","Dualcast","Strike_P+1","Defend_B+1","Leap","ReplayGash","ReplayGash","Cold Snap","hubris:DoWhile+1","Consume+1","ReplayTheSpireMod:Dual Polarity+1","Rip and Tear","Go for the Eyes","Hologram+1","Seek+1","infinitespire:Gouge+1","Glacier+1","Conserve Battery","Core Surge","Conserve Battery+1","Streamline","Capacitor","Buffer","Capacitor","Steam Power+1","Glacier","All For One","ReplayGash","hubris:PowerSurge","Replay:Dark Deal","ReplayTheSpireMod:Calculation Training+1"],"relics":["Cracked Core","Orrery","Ice Cream","conspire:TopHat","Shuriken","Fusion Hammer","Frozen Eye","hubris:Towel","Replay:Antivirus Software","infinitespire:PuzzleCube","infinitespire:Lucky Rock","Gremlin Food","ReplayTheSpireMod:DimensionalGlitch","ReplayTheSpireMod:Ninjato","hubris:Icosahedron","Prayer Wheel","Geode","DataDisk","hubris:NiceRug","OrangePellets","ReplayFunnel","hubris:PeanutButter","infinitespire:Bottled Soul"],"acts_visited":["Exordium","TheCity","TheBeyond","TheEnding"],"potions_floor_usage":[51,55],"damage_taken":[{"damage":9.0,"enemies":"Jaw Worm","floor":1.0,"turns":5.0},{"damage":0.0,"enemies":"Cultist","floor":4.0,"turns":3.0},{"damage":40.0,"enemies":"Gremlin Nob","floor":7.0,"turns":5.0},{"damage":0.0,"enemies":"2 Louse","floor":11.0,"turns":3.0},{"damage":6.0,"enemies":"Lagavulin","floor":12.0,"turns":6.0},{"damage":9.0,"enemies":"conspire:2 RoseBushes","floor":14.0,"turns":8.0},{"damage":3.0,"enemies":"Hexaghost","floor":16.0,"turns":9.0},{"damage":12.0,"enemies":"3 Byrds","floor":18.0,"turns":5.0},{"damage":9.0,"enemies":"Chosen","floor":20.0,"turns":7.0},{"damage":5.0,"enemies":"Sentry and Sphere","floor":21.0,"turns":7.0},{"damage":14.0,"enemies":"Book of Stabbing","floor":25.0,"turns":6.0},{"damage":16.0,"enemies":"Gremlin Leader","floor":29.0,"turns":8.0},{"damage":4.0,"enemies":"Snecko","floor":30.0,"turns":8.0},{"damage":3.0,"enemies":"conspire:Head Lice","floor":31.0,"turns":8.0},{"damage":40.0,"enemies":"Collector","floor":33.0,"turns":16.0},{"damage":40.0,"enemies":"3 Darklings","floor":35.0,"turns":8.0},{"damage":9.0,"enemies":"conspire:MimicChest","floor":36.0,"turns":8.0},{"damage":5.0,"enemies":"3 Shapes","floor":37.0,"turns":15.0},{"damage":0.0,"enemies":"Nightmare","floor":40.0,"turns":17.0},{"damage":0.0,"enemies":"Writhing Mass","floor":42.0,"turns":10.0},{"damage":0.0,"enemies":"Maw","floor":45.0,"turns":8.0},{"damage":0.0,"enemies":"Time Eater","floor":50.0,"turns":6.0},{"damage":25,"enemies":"hubris:GrandSnecko","floor":51,"turns":9},{"damage":0,"enemies":"hubris:Merchant","floor":54,"turns":6},{"damage":4,"enemies":"Shield and Spear","floor":55,"turns":7},{"damage":13,"enemies":"The Heart","floor":56,"turns":11}],"seed_played":"-1077338660004312596","potions_obtained":[{"floor":1.0,"key":"EssenceOfSteel"},{"floor":7.0,"key":"ColorlessPotion"},{"floor":12.0,"key":"BlessingOfTheForge"},{"floor":18.0,"key":"AttackPotion"},{"floor":20.0,"key":"Languid Potion"},{"floor":33.0,"key":"SpeedPotion"},{"floor":42.0,"key":"SkillPotion"},{"floor":45.0,"key":"CultistPotion"},{"floor":54,"key":"DistilledChaos"}],"is_trial":false,"path_per_floor":["M","$","?","M","$","R","E","R","T","R","M","E","T","M","R","B",null,"M","AVR","M","M","?","R","?","E","T","R","?","E","M","E","R","B",null,"M","?","M","?","?","NM","R","M","T","T","M","R","?","$","R","B","B",null,"R","$","E","B",null],"character_chosen":"DEFECT","items_purchased":["ReplayGash","Orrery","ReplayGash","FairyPotion","hubris:PowerSurge","Replay:Dark Deal"],"campfire_rested":7,"item_purchase_floors":[2,2,48,48,48,48],"current_hp_per_floor":[55,55,55,55,55,55,15,36,36,36,36,30,30,21,21,18,58,46,46,37,32,32,53,53,39,39,60,60,44,40,37,58,18,58,18,9,4,4,4,4,25,25,25,25,25,46,46,46,46,46,25,60,71,71,67,54],"gold":1310,"neow_bonus":"TWO_FIFTY_GOLD","is_daily":false,"chose_seed":false,"campfire_upgraded":3,"win_rate":0.0,"timestamp":1609712662,"path_taken":["M","$","?","M","?","R","E","R","T","R","M","E","?","M","R","BOSS","M","AVR","M","M","?","R","?","E","T","R","?","E","M","E","R","BOSS","M","?","M","?","?","NM","R","M","T","?","?","R","?","?","R","BOSS","BOSS","R","$","E","BOSS"],"items_purchased_type":["Card","Relic","Card","Potion","Card","Card"],"build_version":"2020-12-22","purchased_purges":2,"victory":true,"max_hp_per_floor":[71,71,71,71,71,71,71,71,71,71,71,71,71,71,71,71,71,71,71,71,71,71,71,71,71,71,71,71,71,71,71,71,71,71,71,71,71,71,71,71,71,71,71,71,71,71,71,71,71,71,71,71,71,71,71,71],"relic_stats":{"OrangePellets":[3],"counters":[26,209],"Shuriken":[64],"Prayer Wheel":4,"obtain_stats":[{"Ice Cream":7,"Gremlin Food":31,"ReplayFunnel":54,"ReplayTheSpireMod:Ninjato":36,"Geode":43,"infinitespire:Lucky Rock":29,"hubris:Towel":22,"conspire:TopHat":9,"Frozen Eye":19,"OrangePellets":54,"DataDisk":44,"hubris:Icosahedron":39,"Shuriken":12,"infinitespire:Bottled Soul":55,"Orrery":2,"Prayer Wheel":40,"hubris:PeanutButter":54,"Fusion Hammer":17,"Replay:Antivirus Software":25,"Cracked Core":0,"ReplayTheSpireMod:DimensionalGlitch":34,"infinitespire:PuzzleCube":26,"hubris:NiceRug":54},{"Ice Cream":3,"Gremlin Food":14,"ReplayFunnel":24,"ReplayTheSpireMod:Ninjato":17,"Geode":20,"infinitespire:Lucky Rock":12,"hubris:Towel":10,"conspire:TopHat":3,"Frozen Eye":8,"OrangePellets":24,"DataDisk":20,"hubris:Icosahedron":18,"Shuriken":5,"infinitespire:Bottled Soul":25,"Orrery":1,"Prayer Wheel":19,"hubris:PeanutButter":24,"Fusion Hammer":7,"Replay:Antivirus Software":11,"Cracked Core":0,"ReplayTheSpireMod:DimensionalGlitch":15,"infinitespire:PuzzleCube":11,"hubris:NiceRug":24},{"Ice Cream":13,"Gremlin Food":88,"ReplayFunnel":191,"ReplayTheSpireMod:Ninjato":120,"Geode":162,"infinitespire:Lucky Rock":72,"hubris:Towel":58,"conspire:TopHat":13,"Frozen Eye":44,"OrangePellets":191,"DataDisk":162,"hubris:Icosahedron":135,"Shuriken":22,"infinitespire:Bottled Soul":198,"Orrery":5,"Prayer Wheel":152,"hubris:PeanutButter":191,"Fusion Hammer":39,"Replay:Antivirus Software":64,"Cracked Core":0,"ReplayTheSpireMod:DimensionalGlitch":104,"infinitespire:PuzzleCube":64,"hubris:NiceRug":191}]},"card_choices":[{"not_picked":["Steam","Turbo"],"picked":"Leap","floor":1.0},{"not_picked":["Reprogram","Tempest"],"picked":"ReplayGash","floor":2.0},{"not_picked":["Stack","Steam"],"picked":"Cold Snap","floor":2.0},{"not_picked":["hubris:PowerSurge","ReplayTheSpireMod:System Scan"],"picked":"hubris:DoWhile","floor":2.0},{"not_picked":["Streamline","BasicCrystalCard"],"picked":"Consume","floor":2.0},{"not_picked":["Fusion","Doom and Gloom"],"picked":"ReplayTheSpireMod:Dual Polarity","floor":4.0},{"not_picked":["Go for the Eyes","Hyperbeam"],"picked":"Rebound","floor":7.0},{"not_picked":["Streamline","ReplaySort"],"picked":"Rip and Tear","floor":11.0},{"not_picked":["Rip and Tear","conspire:Rain"],"picked":"Go for the Eyes","floor":12.0},{"not_picked":["Doom and Gloom","Panic Button"],"picked":"Hologram","floor":14.0},{"not_picked":["Amplify","hubris:DoWhile"],"picked":"Seek","floor":16.0},{"not_picked":["Blizzard+1","ReplaySort","Redo"],"picked":"SKIP","floor":18.0},{"not_picked":["Loop","conspire:Rain+1"],"picked":"Glacier+1","floor":20.0},{"not_picked":["Reprogram","Hologram"],"picked":"Conserve Battery","floor":21.0},{"not_picked":["Force Field","Rip and Tear"],"picked":"Core Surge","floor":25.0},{"not_picked":["Hologram","hubris:DoWhile"],"picked":"Conserve Battery+1","floor":29.0},{"not_picked":["Meteor Strike","Beam Cell"],"picked":"Streamline","floor":30.0},{"not_picked":["Panic Button","Hello World"],"picked":"Capacitor","floor":31.0},{"not_picked":["Thunder Strike","Electrodynamics"],"picked":"Buffer","floor":33.0},{"not_picked":["Hello World","Ball Lightning"],"picked":"Capacitor","floor":35.0},{"not_picked":["Doom and Gloom","Redo"],"picked":"Steam Power+1","floor":36.0},{"not_picked":["Compile Driver+1","Reprogram","Go for the Eyes+1"],"picked":"SKIP","floor":37.0},{"not_picked":["Stack","Time Bomb","Creative AI"],"picked":"SKIP","floor":40.0},{"not_picked":["ReplaySolidLightProjector","Redo"],"picked":"Glacier","floor":42.0},{"not_picked":["Steam","Tempest","Leap+1"],"picked":"SKIP","floor":42.0},{"not_picked":["Capacitor","ReplayGash"],"picked":"All For One","floor":45.0},{"not_picked":["Hologram","Ball Lightning","Genetic Algorithm"],"picked":"SKIP","floor":45.0},{"not_picked":[],"picked":"ReplayTheSpireMod:Calculation Training+1","floor":54},{"not_picked":["Compile Driver"],"picked":"SKIP","floor":54},{"not_picked":["Barrage"],"picked":"SKIP","floor":54},{"not_picked":["BasicCrystalCard"],"picked":"SKIP","floor":54},{"not_picked":["Crystallizer"],"picked":"SKIP","floor":54},{"not_picked":["Mind Blast"],"picked":"SKIP","floor":54},{"not_picked":["Panache"],"picked":"SKIP","floor":54},{"not_picked":["Ball Lightning+1","Amplify","Rebound"],"picked":"SKIP","floor":55}],"player_experience":943622,"relics_obtained":[{"floor":7.0,"key":"Ice Cream"},{"floor":9.0,"key":"conspire:TopHat"},{"floor":12.0,"key":"Shuriken"},{"floor":25.0,"key":"Replay:Antivirus Software"},{"floor":26.0,"key":"infinitespire:PuzzleCube"},{"floor":29.0,"key":"infinitespire:Lucky Rock"},{"floor":31.0,"key":"Gremlin Food"},{"floor":36.0,"key":"ReplayTheSpireMod:Ninjato"},{"floor":40.0,"key":"Prayer Wheel"},{"floor":43.0,"key":"Geode"},{"floor":44.0,"key":"DataDisk"},{"floor":54,"key":"OrangePellets"},{"floor":54,"key":"ReplayFunnel"},{"floor":54,"key":"hubris:PeanutButter"},{"floor":55,"key":"infinitespire:Bottled Soul"}],"event_choices":[{"cards_removed":["Strike_B"],"damage_healed":0.0,"max_hp_gain":0.0,"max_hp_loss":0.0,"gold_gain":0.0,"event_name":"Purifier","player_choice":"Purged","floor":3.0,"gold_loss":0.0,"damage_taken":0.0},{"damage_healed":0.0,"max_hp_gain":0.0,"max_hp_loss":0.0,"gold_gain":0.0,"event_name":"Ghosts","player_choice":"Ignored","floor":24.0,"gold_loss":0.0,"damage_taken":0.0},{"damage_healed":0.0,"max_hp_gain":0.0,"max_hp_loss":0.0,"gold_gain":0.0,"event_name":"Back to Basics","player_choice":"Simplicity","floor":28.0,"gold_loss":0.0,"damage_taken":0.0,"cards_upgraded":["Strike_B","Defend_B","Defend_B","Defend_B","Defend_B","Strike_P","Defend_B"]},{"cards_removed":["Rebound"],"damage_healed":0.0,"max_hp_gain":0.0,"max_hp_loss":0.0,"gold_gain":0.0,"event_name":"Falling","player_choice":"Removed Attack","floor":38.0,"gold_loss":0.0,"damage_taken":0.0},{"damage_healed":0.0,"max_hp_gain":0.0,"max_hp_loss":0.0,"gold_gain":0.0,"event_name":"Mysterious Sphere","player_choice":"Ignored","floor":47.0,"gold_loss":0.0,"damage_taken":0.0}],"is_beta":false,"boss_relics":[{"not_picked":["ReplayTheSpireMod:SealedPack","Ring of Chaos"],"picked":"Fusion Hammer"},{"not_picked":["hubris:GrandSneckoEye","Pandora\u0027s Box"],"picked":"ReplayTheSpireMod:DimensionalGlitch"}],"items_purged_floors":[2,19],"is_endless":false,"potions_floor_spawned":[1,7,12,18,20,33,42,45],"ascension_level":20}}