{"host":"exyz3r55z4kt6m9o","time":1609667035,"event":{"mods":["2.2 Compatiblity","AchievementEnabler","Aspiration","BaseMod","Better Altar","Better Match","Better Note","Better Sensory Stone","Better Skull","Better Third Choice","BetterRewards","Colored Powertips","Energized Spire","Friendly Minions","GifTheSpireLib","Infinite Spire","Ironclad Rager","Jorbs\u0027s Wanderer Trilogy","Luminous","Marisa????????","Minty Spire (QoL Compilation)","Permanent Neow","Rare Cards Sparkle","Reimu??????","Relic Filter","Replay The Spire","Spicy Shops","StSLib","The Bladedancer","The Blue Laboratory","The Gatherer","The Hayseed","The Mystic","The Runesmith","Wandering Minibosses","yUi"],"gold_per_floor":[109,122,133,133,150,150,150,150,150,150,161,181,181,196,196,292,292,274,274,285,129,144,144,144,144],"floor_reached":24,"playtime":1323,"items_purged":["Runesmith:Strike_RS"],"score":190,"play_id":"6d50bfc6-49bb-4e1c-a0da-45f8a636e644","local_time":"20210103044355","is_ascension_mode":false,"campfire_choices":[{"data":"Runesmith:OneForEveryone","floor":6,"key":"SMITH"},{"data":"Runesmith:CraftFirestone","floor":8,"key":"SMITH"},{"data":"Runesmith:CraftMagma","floor":13,"key":"SMITH"},{"data":"Runesmith:CreatorForm","floor":15,"key":"SMITH"},{"floor":23,"key":"REST"}],"circlet_count":0,"master_deck":["Runesmith:Strike_RS","Runesmith:Strike_RS","Runesmith:Defend_RS","Runesmith:Defend_RS","Runesmith:Defend_RS","Runesmith:Defend_RS","Runesmith:CraftFirestone+1","Runesmith:Fortify","Runesmith:BackupBattery","Runesmith:UnstableHammer","Runesmith:UnstableHammer","Runesmith:OneForEveryone+1","Clumsy","Runesmith:CraftMagma+1","Runesmith:CreatorForm+1","Runesmith:ReplicatingBarrier","Runesmith:Repurpose","Runesmith:LithiumIon","Runesmith:RuneHurl"],"relics":["Cursed Key","Runesmith:UraniumAnvil"],"acts_visited":["Exordium","TheCity"],"potions_floor_usage":[16,16,16,24,24],"damage_taken":[{"damage":1,"enemies":"Cultist","floor":1,"turns":5},{"damage":4,"enemies":"Jaw Worm","floor":2,"turns":5},{"damage":2,"enemies":"Small Slimes","floor":3,"turns":4},{"damage":13,"enemies":"Exordium Wildlife","floor":5,"turns":5},{"damage":3,"enemies":"Exordium Thugs","floor":11,"turns":5},{"damage":1,"enemies":"Gremlin Gang","floor":12,"turns":4},{"damage":0,"enemies":"Large Slime","floor":14,"turns":5},{"damage":39,"enemies":"Fading Forest","floor":16,"turns":11},{"damage":15,"enemies":"2 Thieves","floor":18,"turns":4},{"damage":10,"enemies":"Shell Parasite","floor":20,"turns":7},{"damage":30,"enemies":"3 Cultists","floor":22,"turns":8},{"damage":42,"enemies":"Slavers","floor":24,"turns":3}],"seed_played":"-6414430908498186652","potions_obtained":[{"floor":3,"key":"Energy Potion"},{"floor":12,"key":"Elixir"},{"floor":14,"key":"blueLaboratory:PolymorphPotion"},{"floor":16,"key":"blueLaboratory:EmptyBottle"},{"floor":22,"key":"Strength Potion"}],"is_trial":false,"path_per_floor":["M","M","M","?","M","R","?","R","T","?","M","M","R","M","R","B",null,"M","?","M","$","M","R","E"],"character_chosen":"RUNESMITH_CLASS","items_purchased":["Runesmith:LithiumIon"],"campfire_rested":1,"item_purchase_floors":[21],"current_hp_per_floor":[69,65,63,63,50,50,43,43,43,64,61,60,60,60,60,31,70,55,55,45,45,15,36,0,0],"gold":144,"neow_bonus":"BOSS_RELIC","is_daily":false,"chose_seed":false,"campfire_upgraded":4,"win_rate":0.0,"timestamp":1609667035,"path_taken":["M","M","M","?","M","R","?","R","T","?","M","M","R","M","R","BOSS","M","?","M","$","M","R","E"],"items_purchased_type":["Card"],"build_version":"2020-12-22","purchased_purges":1,"victory":false,"max_hp_per_floor":[70,70,70,70,70,70,70,70,70,70,70,70,70,70,70,70,70,70,70,70,70,70,70,70,70],"card_choices":[{"not_picked":["Runesmith:MakeshiftArmor","Runesmith:Attraction"],"picked":"Runesmith:BackupBattery","floor":1},{"not_picked":["Runesmith:HeatExchange","Runesmith:Accelerate"],"picked":"Runesmith:UnstableHammer","floor":2},{"not_picked":["Runesmith:ShiftingStrike","Runesmith:WhiteBalance"],"picked":"Runesmith:UnstableHammer","floor":3},{"not_picked":["Runesmith:GoWithTheFlow","Runesmith:ChargedHammer"],"picked":"Runesmith:OneForEveryone","floor":5},{"not_picked":["Runesmith:ShiftingStrike","Runesmith:Overpower","Runesmith:HammerThrow"],"picked":"SKIP","floor":11},{"not_picked":["Runesmith:Superposition","Runesmith:HeatExchange"],"picked":"Runesmith:CraftMagma","floor":12},{"not_picked":["Runesmith:Repurpose","Runesmith:HeatExchange"],"picked":"Runesmith:CreatorForm","floor":14},{"not_picked":["Runesmith:MetallurgicalResearch","Runesmith:GenerateForcefield"],"picked":"Runesmith:ReplicatingBarrier","floor":16},{"not_picked":["Runesmith:Overpower","Runesmith:UnstableHammer"],"picked":"Runesmith:Repurpose","floor":18},{"not_picked":["Runesmith:MakeshiftArmor","Runesmith:Empowerment","Runesmith:BackupBattery+1"],"picked":"SKIP","floor":20},{"not_picked":["Runesmith:ShiftingStrike","Runesmith:Discharge"],"picked":"Runesmith:RuneHurl","floor":22}],"player_experience":660624,"relics_obtained":[],"event_choices":[{"cards_removed":["Runesmith:Strike_RS"],"damage_healed":0,"gold_gain":0,"player_choice":"Card Removal","damage_taken":7,"max_hp_gain":0,"max_hp_loss":0,"event_name":"Golden Wing","floor":7,"gold_loss":0},{"cards_removed":["Runesmith:CreatorForm"],"damage_healed":0,"gold_gain":0,"player_choice":"Give","damage_taken":0,"max_hp_gain":0,"max_hp_loss":0,"event_name":"betterNote:BetterNote","floor":19,"gold_loss":0,"cards_obtained":["Crystallizer"]}],"is_beta":false,"boss_relics":[{"not_picked":["RedLine:ReiMu","Honey Jar"],"picked":"Runesmith:UraniumAnvil"}],"items_purged_floors":[21],"is_endless":false,"potions_floor_spawned":[3,12,14,16,22],"killed_by":"Slavers","ascension_level":0}}