{"host":"sum4dy402bbv9y4o","time":1609643827,"event":{"mods":["Aspiration","BaseMod","Conspire","Highlight Path","Minty Spire (QoL Compilation)","StSLib"],"gold_per_floor":[114,114,125,14,28,58,73,73,126,126,8,22,72,88,88,164,164,184,199,216,25,25,25,25],"floor_reached":23,"playtime":754,"items_purged":["Strike_P"],"score":486,"play_id":"09b65515-9e0f-474d-9291-0b1fa059a5b2","local_time":"20210103061707","is_ascension_mode":true,"campfire_choices":[{"data":"TalkToTheHand","floor":8,"key":"SMITH"},{"data":"TalkToTheHand","floor":10,"key":"SMITH"},{"data":"Wallop","floor":15,"key":"SMITH"}],"circlet_count":0,"master_deck":["AscendersBane","Strike_P","Strike_P","Defend_P","Defend_P","Eruption","Vigilance","TalkToTheHand+1","FlurryOfBlows","CarveReality","CrushJoints","Consecrate","TalkToTheHand+1","Adaptation","Conclude","Meditate","Wallop+1","FlurryOfBlows","FlurryOfBlows","EmptyBody","SashWhip","SandsOfTime","DevaForm"],"relics":["PureWater","aspiration:Nostalgia","Ring of the Snake","Calipers","Toy Ornithopter","SacredBark","Anchor"],"acts_visited":["Exordium","TheCity"],"potions_floor_usage":[6,6,14,18,19,20],"damage_taken":[{"damage":0,"enemies":"Jaw Worm","floor":1,"turns":4},{"damage":0,"enemies":"Cultist","floor":3,"turns":3},{"damage":0,"enemies":"2 Louse","floor":5,"turns":1},{"damage":29,"enemies":"3 Sentries","floor":6,"turns":5},{"damage":0,"enemies":"Gremlin Gang","floor":7,"turns":3},{"damage":13,"enemies":"3 Louse","floor":12,"turns":3},{"damage":1,"enemies":"Exordium Thugs","floor":14,"turns":3},{"damage":0,"enemies":"Hexaghost","floor":16,"turns":8},{"damage":4,"enemies":"Shell Parasite","floor":18,"turns":4},{"damage":0,"enemies":"Chosen","floor":19,"turns":4},{"damage":44,"enemies":"Sentry and Sphere","floor":20,"turns":6},{"damage":25,"enemies":"Book of Stabbing","floor":23,"turns":4}],"seed_played":"5563526143431182131","potions_obtained":[{"floor":1,"key":"Fire Potion"},{"floor":5,"key":"SkillPotion"},{"floor":12,"key":"Regen Potion"},{"floor":16,"key":"StancePotion"},{"floor":18,"key":"Weak Potion"},{"floor":19,"key":"Block Potion"}],"is_trial":false,"path_per_floor":["M","?","M","$","M","E","M","R","T","R","$","M","?","M","R","B",null,"M","M","M","$","?","E"],"character_chosen":"WATCHER","items_purchased":["CarveReality","Adaptation","Conclude","Anchor","SashWhip"],"campfire_rested":0,"item_purchase_floors":[4,11,11,21,21],"current_hp_per_floor":[61,61,61,61,61,32,32,32,32,32,32,19,13,26,26,26,58,59,64,25,25,25,0,0],"gold":25,"neow_bonus":"NOSTALGIA","is_daily":false,"chose_seed":false,"campfire_upgraded":3,"win_rate":0.0,"timestamp":1609643827,"path_taken":["M","?","M","$","M","E","?","R","T","R","$","M","?","M","R","BOSS","M","?","M","$","?","E"],"items_purchased_type":["Card","Card","Card","Relic","Card"],"build_version":"2020-12-22","purchased_purges":1,"victory":false,"max_hp_per_floor":[68,68,68,68,68,68,68,68,68,68,68,68,68,68,68,68,68,68,68,68,68,68,68,68],"card_choices":[{"not_picked":["Crescendo","SignatureMove"],"picked":"TalkToTheHand","floor":1},{"not_picked":["ClearTheMind","EmptyBody"],"picked":"FlurryOfBlows","floor":3},{"not_picked":["Evaluate","Prostrate"],"picked":"CrushJoints","floor":5},{"not_picked":["PathToVictory","DeusExMachina"],"picked":"Consecrate","floor":6},{"not_picked":["FlurryOfBlows","Adaptation"],"picked":"TalkToTheHand","floor":7},{"not_picked":["PathToVictory","BowlingBash"],"picked":"Meditate","floor":12},{"not_picked":["PathToVictory","Evaluate"],"picked":"Wallop","floor":14},{"not_picked":["Meditate","Protect"],"picked":"FlurryOfBlows","floor":18},{"not_picked":["SandsOfTime","Prostrate"],"picked":"FlurryOfBlows","floor":19},{"not_picked":["Study","Halt"],"picked":"EmptyBody","floor":20}],"player_experience":2897121,"relics_obtained":[{"floor":6,"key":"Calipers"},{"floor":9,"key":"Toy Ornithopter"}],"event_choices":[{"cards_removed":["Defend_P"],"damage_healed":0,"gold_gain":0,"player_choice":"Offered Basic","damage_taken":0,"max_hp_gain":0,"max_hp_loss":0,"event_name":"Bonfire Elementals","floor":2,"gold_loss":0},{"damage_healed":0,"gold_gain":50,"player_choice":"Touch","damage_taken":6,"max_hp_gain":0,"max_hp_loss":0,"event_name":"FaceTrader","floor":13,"gold_loss":0},{"damage_healed":0,"gold_gain":0,"cards_transformed":["Strike_P","Defend_P"],"player_choice":"Became Test Subject","damage_taken":0,"max_hp_gain":0,"max_hp_loss":0,"event_name":"Drug Dealer","floor":22,"gold_loss":0,"cards_obtained":["SandsOfTime","DevaForm"]}],"is_beta":false,"boss_relics":[{"not_picked":["Fusion Hammer","Velvet Choker"],"picked":"SacredBark"}],"items_purged_floors":[4],"is_endless":false,"potions_floor_spawned":[1,5,12,16,18,19],"killed_by":"Book of Stabbing","ascension_level":20}}