{"host":"00sp0q76b9l1ffhj","time":1609680289,"event":{"mods":["ATMod(∞¢Ë™Mod)","Act Like it!","BaseMod","Marisa£®ÏF”Í°°ƒß¿Ì…≥£©","Minty Spire (QoL Compilation)","Remilia£®¿Ÿ√◊¿Ú—«£©","StSLib","The Servant 0.9.4","Youmu£®ªÍ∆«—˝√Œ£©"],"gold_per_floor":[111,129,204,215,232,232,258,258,284,304,41,52,52,227,227,327,327,342,358,377,387,407,432,432,443,470,498,498,28,47,58,58,163,163,173,173,186,200,249,249,283,283,283,309,39,89,122,122,122,122],"floor_reached":51,"playtime":6308,"items_purged":["Strike_YM","Strike_YM","Defend_YM"],"score":902,"play_id":"008da138-e780-4fb6-861b-2658948b67df","local_time":"20210103212449","is_ascension_mode":false,"campfire_choices":[{"data":"PreachingAvici","floor":6.0,"key":"SMITH"},{"data":"SlashOfAscensionToBuddhahood","floor":8.0,"key":"SMITH"},{"data":"SlashOfPresentWorld","floor":13.0,"key":"SMITH"},{"data":"HellFireSword","floor":15.0,"key":"SMITH"},{"data":"VoidnessSword","floor":24.0,"key":"SMITH"},{"data":"BizarrenessOfSixRealms","floor":32.0,"key":"SMITH"},{"data":"TenKingsRetributionOnThePreta","floor":40,"key":"SMITH"},{"data":"ReincarnationSword","floor":42,"key":"SMITH"},{"data":"SlashOfAscensionToBuddhahood","floor":49,"key":"SMITH"}],"circlet_count":0,"master_deck":["Defend_YM","Defend_YM","SlashOfPresentWorld+1","WheelOfPainOfLivingAndDead","PreachingAvici+1","SwordExtraction","CherryBlossomFlashing","SlashOfAscensionToBuddhahood+1","SwordExtraction","HellFireSword+1","VoidnessSword+1","DoubleWheelOfPain+1","LotusPostureSlash+1","TurningAngelCut","SlashOfAscensionToBuddhahood+1","PretaSword","BizarrenessOfSixRealms+1","FastingOfTheYoungPreta","GreatEnlightenmentAppearingAndDisappearing","TenKingsRetributionOnThePreta+1","Mayhem","FourBirthsSword+1","ReincarnationSword+1","HellGodSword+1"],"relics":["HalfPhantom","AT_ATBox","AT_SeraphEmbrace","Nunchaku","Odd Mushroom","Lantern","Astrolabe","Orichalcum","Toy Ornithopter","ChestCloth","Toolbox","Empty Cage","AT_RabadonDeathcap","Mercury Hourglass","Lizard Tail","FencingExperience","Vajra","Unceasing Top","Centennial Puzzle"],"acts_visited":["Exordium","TheCity","TheBeyond"],"potions_floor_usage":[50,50],"damage_taken":[{"damage":1.0,"enemies":"2 Louse","floor":1.0,"turns":3.0},{"damage":6.0,"enemies":"Jaw Worm","floor":2.0,"turns":4.0},{"damage":0.0,"enemies":"Small Slimes","floor":4.0,"turns":5.0},{"damage":0.0,"enemies":"3 Louse","floor":5.0,"turns":3.0},{"damage":6.0,"enemies":"Lagavulin","floor":7.0,"turns":6.0},{"damage":1.0,"enemies":"The Mushroom Lair","floor":10.0,"turns":4.0},{"damage":0.0,"enemies":"Blue Slaver","floor":12.0,"turns":3.0},{"damage":14.0,"enemies":"The Guardian","floor":16.0,"turns":9.0},{"damage":4.0,"enemies":"3 Byrds","floor":18.0,"turns":4.0},{"damage":7.0,"enemies":"Shell Parasite","floor":19.0,"turns":4.0},{"damage":3.0,"enemies":"Snake Plant","floor":20.0,"turns":2.0},{"damage":0.0,"enemies":"Snecko","floor":21.0,"turns":3.0},{"damage":0.0,"enemies":"Sentry and Sphere","floor":22.0,"turns":3.0},{"damage":0.0,"enemies":"Book of Stabbing","floor":23.0,"turns":3.0},{"damage":0.0,"enemies":"3 Cultists","floor":25.0,"turns":2.0},{"damage":1.0,"enemies":"Gremlin Leader","floor":27.0,"turns":4.0},{"damage":0.0,"enemies":"Snake Plant","floor":30.0,"turns":2.0},{"damage":0.0,"enemies":"Shelled Parasite and Fungi","floor":31.0,"turns":2.0},{"damage":0.0,"enemies":"Champ","floor":33.0,"turns":7.0},{"damage":0,"enemies":"3 Shapes","floor":35,"turns":1},{"damage":0,"enemies":"3 Darklings","floor":37,"turns":1},{"damage":0,"enemies":"Sphere and 2 Shapes","floor":38,"turns":3},{"damage":0,"enemies":"2 Orb Walkers","floor":39,"turns":2},{"damage":0,"enemies":"Nemesis","floor":41,"turns":3},{"damage":0,"enemies":"Reptomancer","floor":44,"turns":3},{"damage":0,"enemies":"Mind Bloom Boss Battle","floor":46,"turns":1},{"damage":6,"enemies":"Nemesis","floor":47,"turns":3},{"damage":3,"enemies":"Awakened One","floor":50,"turns":5}],"seed_played":"-4042967848091979517","potions_obtained":[{"floor":1.0,"key":"LiquidMemories"},{"floor":4.0,"key":"Regen Potion"},{"floor":10.0,"key":"DistilledChaos"},{"floor":19.0,"key":"Fire Potion"},{"floor":21.0,"key":"BlessingOfTheForge"},{"floor":25.0,"key":"BlessingOfTheForge"},{"floor":30.0,"key":"Energy Potion"},{"floor":33.0,"key":"AttackPotion"},{"floor":37,"key":"Block Potion"},{"floor":39,"key":"PowerPotion"},{"floor":46,"key":"SteroidPotion"},{"floor":47,"key":"CultistPotion"}],"is_trial":false,"path_per_floor":["M","M","?","M","M","R","E","R","T","?","$","M","R","?","R","B",null,"M","M","M","M","M","E","R","M","T","E","?","$","M","M","R","B",null,"M","?","M","M","?","R","E","R","T","E","$","?","E","?","R","B",null],"character_chosen":"YOUMU","items_purchased":["HellFireSword","Lantern","TenKingsRetributionOnThePreta","Toolbox","Mayhem","Vajra"],"campfire_rested":0,"item_purchase_floors":[11,11,29,29,29,45],"current_hp_per_floor":[74,68,57,57,57,57,60,60,60,59,59,59,59,59,59,45,75,71,64,61,61,61,61,61,61,61,60,60,60,60,60,60,65,75,75,75,75,75,75,75,75,75,75,75,75,75,69,69,69,72],"gold":122,"neow_bonus":"","is_daily":false,"chose_seed":false,"campfire_upgraded":9,"win_rate":0.0,"timestamp":1609680289,"path_taken":["M","M","?","M","M","R","E","R","T","?","$","M","R","?","R","BOSS","M","M","M","M","M","E","R","M","T","E","?","$","M","M","R","BOSS","M","?","M","M","?","R","E","R","T","E","?","?","E","?","R","BOSS"],"items_purchased_type":["Card","Relic","Card","Relic","Card","Relic"],"build_version":"2020-12-22","purchased_purges":3,"victory":true,"max_hp_per_floor":[75,75,75,75,75,75,75,75,75,75,75,75,75,75,75,75,75,75,75,75,75,75,75,75,75,75,75,75,75,75,75,75,75,75,75,75,75,75,75,75,75,75,75,75,75,75,75,75,75,75],"card_choices":[{"not_picked":["TurningAngelCut","SlashOfDelusionalInnerEye"],"picked":"PreachingAvici","floor":1.0},{"not_picked":["LifeCuttingSword","TwoHundredYojanaInOneSlash"],"picked":"SwordExtraction","floor":2.0},{"not_picked":["SpiderLilyBurial","FantasyOfEnteringEnlightenment"],"picked":"CherryBlossomFlashing","floor":4.0},{"not_picked":["LifeCuttingSword","SwordOfBindingDesires"],"picked":"SlashOfAscensionToBuddhahood","floor":5.0},{"not_picked":["CherryBlossomFlashing","HellGodSword"],"picked":"SwordExtraction","floor":7.0},{"not_picked":["LifeCuttingSword","TransmigrationSlash"],"picked":"HeavenlyHaloSlash","floor":10.0},{"not_picked":["ConstancyOfTheConventionalTruth","HiganSword"],"picked":"RapidSlash","floor":12.0},{"not_picked":["ReincarnationSword","GreatEnlightenmentAppearingAndDisappearing"],"picked":"VoidnessSword","floor":16.0},{"not_picked":["SpiritCuttingSword+1","SlashOfDepartureFromHesitation+1"],"picked":"TurningAngelCut","floor":18.0},{"not_picked":["LotusPostureSlash+1","ConstancyOfTheConventionalTruth"],"picked":"SlashOfAscensionToBuddhahood","floor":19.0},{"not_picked":["ThreeKonsSevenHakus","LotusPostureSlash"],"picked":"PretaSword","floor":20.0},{"not_picked":["SwordOfBindingDesires+1","CrescentMoonSlash","PhosphoricSlash+1"],"picked":"SKIP","floor":21.0},{"not_picked":["SwordOfBindingDesires+1","PretaSword"],"picked":"BizarrenessOfSixRealms","floor":22.0},{"not_picked":["TurningAngelCut","IrresoluteSoul"],"picked":"FastingOfTheYoungPreta","floor":23.0},{"not_picked":["SwordOfBindingDesires","TwoHundredYojanaInOneSlash","ObsessionWithThePresentWorld+1"],"picked":"SKIP","floor":25.0},{"not_picked":["HumanGodSword+1","HesitationCuttingSword+1"],"picked":"GreatEnlightenmentAppearingAndDisappearing","floor":27.0},{"not_picked":["FantasyOfEnteringEnlightenment","PhosphoricSlash+1","DispleasureOfTheSevenHakus"],"picked":"SKIP","floor":30.0},{"not_picked":["HumanGodSword","SwordOfBindingDesires"],"picked":"FourBirthsSword+1","floor":31.0},{"not_picked":["HellRealmSword","MatsuyoiReflectingSatelliteSlash"],"picked":"ReincarnationSword","floor":33.0},{"not_picked":["AsTheSilentNirvana+1","LifeCuttingSword","SlashOfDepartureFromHesitation+1"],"picked":"SKIP","floor":35},{"not_picked":["SlashOfMeditation","HeavenlyHaloSlash+1","SpiderLilyBurial"],"picked":"SKIP","floor":37},{"not_picked":["LifeCuttingSword+1","SuddenPhantomFormationSlashOfKarmicWind+1","HiganSword"],"picked":"SKIP","floor":38},{"not_picked":["ThoughtCuttingSword+1","LowerRealmReflectionSlash+1","SlashOfMeditation+1"],"picked":"SKIP","floor":41},{"not_picked":["CrescentMoonSlash+1","DoubleWheelOfPain"],"picked":"HellGodSword+1","floor":44},{"not_picked":["SlashOfMeditation","PhosphoricSlash","SpiderLilyBurial"],"picked":"SKIP","floor":47}],"player_experience":0,"relics_obtained":[{"floor":7.0,"key":"AT_ArchangelStaff"},{"floor":9.0,"key":"Nunchaku"},{"floor":10.0,"key":"Odd Mushroom"},{"floor":23.0,"key":"Orichalcum"},{"floor":26.0,"key":"Toy Ornithopter"},{"floor":27.0,"key":"ChestCloth"},{"floor":39,"key":"AT_RabadonDeathcap"},{"floor":41,"key":"Mercury Hourglass"},{"floor":43,"key":"Lizard Tail"},{"floor":44,"key":"FencingExperience"},{"floor":46,"key":"Unceasing Top"},{"floor":47,"key":"Centennial Puzzle"}],"event_choices":[{"damage_healed":0.0,"max_hp_gain":0.0,"max_hp_loss":0.0,"gold_gain":75.0,"event_name":"World of Goop","player_choice":"Gather Gold","floor":3.0,"gold_loss":0.0,"damage_taken":11.0},{"damage_healed":0.0,"max_hp_gain":0.0,"max_hp_loss":0.0,"gold_gain":0.0,"event_name":"Mushrooms","player_choice":"Fought Mushrooms","floor":10.0,"gold_loss":0.0,"damage_taken":0.0},{"damage_healed":0.0,"max_hp_gain":0.0,"max_hp_loss":0.0,"gold_gain":175.0,"event_name":"Liars Game","player_choice":"AGREE","floor":14.0,"gold_loss":0.0,"damage_taken":0.0,"cards_obtained":["Doubt"]},{"cards_removed":["Decay"],"damage_healed":0.0,"max_hp_gain":0.0,"max_hp_loss":0.0,"gold_gain":0.0,"event_name":"Back to Basics","player_choice":"Elegance","floor":28.0,"gold_loss":0.0,"damage_taken":0.0},{"damage_healed":0,"gold_gain":0,"player_choice":"Memory 1","damage_taken":0,"max_hp_gain":0,"max_hp_loss":0,"event_name":"SensoryStone","floor":36,"gold_loss":0},{"damage_healed":0,"gold_gain":0,"player_choice":"Fight","damage_taken":0,"max_hp_gain":0,"max_hp_loss":0,"event_name":"Mysterious Sphere","floor":39,"gold_loss":0},{"damage_healed":0,"gold_gain":0,"player_choice":"Fight","damage_taken":0,"max_hp_gain":0,"max_hp_loss":0,"event_name":"MindBloom","floor":46,"gold_loss":0},{"cards_removed":["Defend_YM"],"damage_healed":0,"gold_gain":0,"player_choice":"Removed Skill","damage_taken":0,"max_hp_gain":0,"max_hp_loss":0,"event_name":"Falling","floor":48,"gold_loss":0}],"is_beta":false,"boss_relics":[{"not_picked":["Velvet Choker","Snecko Eye"],"picked":"Astrolabe"},{"not_picked":["Fusion Hammer","Runic Dome"],"picked":"Empty Cage"}],"items_purged_floors":[11,29,45],"is_endless":false,"potions_floor_spawned":[1,4,10,19,21,25,27,30,33,37,39,46,47],"ascension_level":0}}