{"host":"8i4doyxqctgl5qb0","time":1609691068,"event":{"mods":["AchievementEnabler","BaseMod","Block Reminder","Colored Powertips","Downfall","Marisa£®ÏF”Í°°ƒß¿Ì…≥£©","Minty Spire (QoL Compilation)","Permanent Neow","Potion Indicator Mod","Rare Cards Sparkle","StSLib","SuperFastMode"],"gold_per_floor":[112,112,86,104,121,121,150,150,177,189,201,213,242,254,266,379,391,421,449,189,189,202,202,237,237,287,319,348,382,395,235,235,330,330,340,52,102,102,118,118,147,147,147,147,147,174,190,204,204,204],"floor_reached":51,"playtime":2677,"items_purged":["Defend_R+1"],"score":880,"play_id":"0415ee2e-70f7-4540-bcef-4908f7961a9a","local_time":"20210104002428","is_ascension_mode":true,"campfire_choices":[{"data":"Twin Strike","floor":6.0,"key":"SMITH"},{"data":"Flex","floor":8.0,"key":"SMITH"},{"data":"Pommel Strike","floor":10.0,"key":"SMITH"},{"data":"Berserk","floor":15.0,"key":"SMITH"},{"floor":23.0,"key":"REST"},{"floor":25.0,"key":"REST"},{"floor":32.0,"key":"REST"},{"data":"Barricade","floor":40.0,"key":"SMITH"},{"floor":42.0,"key":"REST"},{"floor":49.0,"key":"REST"}],"circlet_count":0,"master_deck":["Defend_R","Defend_R","Bash","Pommel Strike+1","Shrug It Off","Twin Strike+1","Shrug It Off","Flex+1","Rupture","Berserk+1","Berserk","CurseOfTheBell","Disarm+1","Bite","Bite","Bite","Bite","Bite","Rage","Clothesline","Feed","Iron Wave","Pummel+1","Armaments","expansioncontent:DefensiveMode","Barricade+1","Whirlwind+1","expansioncontent:QuickStudy","Thunderclap+1","Rampage+1","Double Tap","Mayhem","Swift Strike","Barricade+1","Metallicize+1","Parasite","Juggernaut","Shrug It Off"],"relics":["Burning Blood","Bag of Preparation","MawBank","Calling Bell","War Paint","Self Forming Clay","StoneCalendar","Membership Card","Kunai","Bronze Scales","PreservedInsect","Blood Vial","Red Mask","InkBottle","Orichalcum","Runic Cube","Ice Cream","Mango","Letter Opener","Mummified Hand","Red Skull"],"acts_visited":["Exordium","TheCity","TheBeyond"],"potions_floor_usage":[50],"damage_taken":[{"damage":0.0,"enemies":"2 Louse","floor":1.0,"turns":2.0},{"damage":1.0,"enemies":"Cultist","floor":4.0,"turns":3.0},{"damage":8.0,"enemies":"Small Slimes","floor":5.0,"turns":3.0},{"damage":2.0,"enemies":"Lagavulin","floor":7.0,"turns":9.0},{"damage":8.0,"enemies":"Blue Slaver","floor":13.0,"turns":3.0},{"damage":54.0,"enemies":"The Guardian","floor":16.0,"turns":11.0},{"damage":5.0,"enemies":"3 Byrds","floor":18.0,"turns":2.0},{"damage":15.0,"enemies":"Chosen","floor":19.0,"turns":6.0},{"damage":36.0,"enemies":"Shelled Parasite and Fungi","floor":22.0,"turns":6.0},{"damage":51.0,"enemies":"Gremlin Leader","floor":24.0,"turns":10.0},{"damage":31.0,"enemies":"Slavers","floor":27.0,"turns":7.0},{"damage":43.0,"enemies":"Masked Bandits","floor":28.0,"turns":5.0},{"damage":14.0,"enemies":"Book of Stabbing","floor":29.0,"turns":6.0},{"damage":13.0,"enemies":"Sentry and Sphere","floor":30.0,"turns":6.0},{"damage":76.0,"enemies":"Collector","floor":33.0,"turns":21.0},{"damage":16.0,"enemies":"3 Shapes","floor":35.0,"turns":7.0},{"damage":10.0,"enemies":"Mind Bloom Boss Battle","floor":37.0,"turns":9.0},{"damage":3.0,"enemies":"Orb Walker","floor":39.0,"turns":3.0},{"damage":42.0,"enemies":"Reptomancer","floor":41.0,"turns":10.0},{"damage":8.0,"enemies":"Nemesis","floor":46.0,"turns":7.0},{"damage":7.0,"enemies":"Writhing Mass","floor":47.0,"turns":7.0},{"damage":42.0,"enemies":"Jaw Worm Horde","floor":48.0,"turns":4.0},{"damage":83,"enemies":"Awakened One","floor":50,"turns":16}],"seed_played":"-2242411006699404960","potions_obtained":[{"floor":0.0,"key":"EssenceOfSteel"},{"floor":0.0,"key":"PowerPotion"},{"floor":0.0,"key":"Fire Potion"},{"floor":2.0,"key":"HeartOfIron"},{"floor":13.0,"key":"LiquidBronze"},{"floor":19.0,"key":"Strength Potion"},{"floor":27.0,"key":"Block Potion"},{"floor":28.0,"key":"SkillPotion"},{"floor":30.0,"key":"HeartOfIron"},{"floor":33.0,"key":"SteroidPotion"},{"floor":35.0,"key":"BlessingOfTheForge"}],"is_trial":false,"path_per_floor":["M","?","$","M","M","R","E","R","T","R","?","$","M","$","R","B",null,"M","M","$","?","M","R","E","R","T","E","?","E","M","$","R","B",null,"M","$","?","?","M","R","E","R","T","?","?","E","M","M","R","B",null],"character_chosen":"IRONCLAD","items_purchased":["Shrug It Off","Membership Card","Kunai","expansioncontent:DefensiveMode","Orichalcum","Ice Cream","Regen Potion","expansioncontent:QuickStudy"],"campfire_rested":5,"item_purchase_floors":[3,20,20,31,31,36,36,36],"current_hp_per_floor":[80,80,80,80,78,78,80,80,80,80,80,80,78,78,78,30,80,80,71,71,56,32,48,35,51,51,40,19,19,25,25,42,24,59,58,58,73,73,73,73,45,66,66,61,61,71,73,37,58,22],"gold":204,"neow_bonus":"THREE_SMALL_POTIONS","is_daily":false,"chose_seed":false,"campfire_upgraded":5,"win_rate":0.0,"timestamp":1609691068,"path_taken":["M","?","?","M","M","R","E","R","T","R","?","$","M","?","R","BOSS","M","M","$","?","M","R","E","R","T","E","?","E","M","$","R","BOSS","M","$","?","?","M","R","E","R","T","?","?","E","?","M","R","BOSS"],"items_purchased_type":["Card","Relic","Relic","Card","Relic","Relic","Potion","Card"],"build_version":"2020-12-22","purchased_purges":1,"victory":true,"max_hp_per_floor":[80,80,80,80,80,80,80,80,80,80,80,80,80,80,80,80,80,80,80,80,56,56,56,56,56,56,56,56,56,59,59,59,59,59,59,59,73,73,73,73,73,73,73,73,73,73,73,73,73,73],"card_choices":[{"not_picked":["Headbutt","Fire Breathing"],"picked":"Pommel Strike","floor":1.0},{"not_picked":["Headbutt","Dropkick"],"picked":"Twin Strike","floor":4.0},{"not_picked":["Body Slam","Perfected Strike"],"picked":"Shrug It Off","floor":5.0},{"not_picked":["Dropkick","Fire Breathing"],"picked":"Flex","floor":7.0},{"not_picked":["Shrug It Off","Seeing Red"],"picked":"Berserk","floor":13.0},{"not_picked":["Feed","Offering"],"picked":"Berserk","floor":16.0},{"not_picked":["Twin Strike","Anger","Reckless Charge"],"picked":"SKIP","floor":18.0},{"not_picked":["Infernal Blade","True Grit+1"],"picked":"Disarm+1","floor":19.0},{"not_picked":["Body Slam","Perfected Strike"],"picked":"Rage","floor":22.0},{"not_picked":["Power Through","Bloodletting"],"picked":"Clothesline","floor":24.0},{"not_picked":["Reckless Charge","Pommel Strike"],"picked":"Feed","floor":27.0},{"not_picked":["Warcry","Burning Pact"],"picked":"Iron Wave","floor":28.0},{"not_picked":["Sword Boomerang","Spot Weakness"],"picked":"Pummel+1","floor":29.0},{"not_picked":["Dark Embrace","Second Wind+1"],"picked":"Armaments","floor":30.0},{"not_picked":["Impervious","Demon Form"],"picked":"Barricade","floor":33.0},{"not_picked":["Ghostly Armor+1","Anger"],"picked":"Whirlwind+1","floor":35.0},{"not_picked":["Headbutt+1","Anger+1"],"picked":"Thunderclap+1","floor":37.0},{"not_picked":["Twin Strike+1","Combust+1"],"picked":"Rampage+1","floor":39.0},{"not_picked":["Headbutt+1","Feel No Pain+1"],"picked":"Double Tap","floor":41.0},{"not_picked":["expansioncontent:Torchfire","expansioncontent:HyperBeam"],"picked":"Mayhem","floor":44.0},{"not_picked":["expansioncontent:PolyBeam","expansioncontent:GoopSpray"],"picked":"Swift Strike","floor":44.0},{"not_picked":["Wild Strike+1","Thunderclap+1"],"picked":"Metallicize+1","floor":46.0},{"not_picked":["Body Slam","Clothesline"],"picked":"Juggernaut","floor":47.0},{"not_picked":["Perfected Strike","Pommel Strike"],"picked":"Shrug It Off","floor":48.0}],"player_experience":43615,"relics_obtained":[{"floor":7.0,"key":"Bag of Preparation"},{"floor":9.0,"key":"MawBank"},{"floor":17.0,"key":"War Paint"},{"floor":17.0,"key":"Self Forming Clay"},{"floor":17.0,"key":"StoneCalendar"},{"floor":24.0,"key":"Bronze Scales"},{"floor":26.0,"key":"PreservedInsect"},{"floor":27.0,"key":"Blood Vial"},{"floor":28.0,"key":"Red Mask"},{"floor":29.0,"key":"InkBottle"},{"floor":37.0,"key":"Mango"},{"floor":41.0,"key":"Letter Opener"},{"floor":43.0,"key":"Mummified Hand"},{"floor":46.0,"key":"Red Skull"}],"event_choices":[{"damage_healed":0.0,"max_hp_gain":0.0,"max_hp_loss":0.0,"gold_gain":0.0,"event_name":"Lab","player_choice":"Got Potions","floor":2.0,"gold_loss":0.0,"damage_taken":0.0},{"damage_healed":0.0,"max_hp_gain":0.0,"max_hp_loss":0.0,"gold_gain":0.0,"cards_transformed":["Strike_R"],"event_name":"Living Wall","player_choice":"Change","floor":11.0,"gold_loss":0.0,"damage_taken":0.0,"cards_obtained":["Rupture"]},{"damage_healed":0.0,"max_hp_gain":0.0,"max_hp_loss":24.0,"gold_gain":0.0,"event_name":"Vampires","player_choice":"Became a vampire","floor":21.0,"gold_loss":0.0,"damage_taken":0.0,"cards_obtained":["Bite","Bite","Bite","Bite","Bite"]},{"damage_healed":0.0,"max_hp_gain":0.0,"max_hp_loss":0.0,"gold_gain":0.0,"event_name":"Masked Bandits","player_choice":"Fought Bandits","floor":28.0,"gold_loss":0.0,"damage_taken":0.0},{"damage_healed":0.0,"max_hp_gain":0.0,"max_hp_loss":0.0,"gold_gain":0.0,"event_name":"MindBloom","player_choice":"Fight","floor":37.0,"gold_loss":0.0,"damage_taken":0.0},{"cards_removed":["Defend_R"],"damage_healed":0.0,"max_hp_gain":0.0,"max_hp_loss":0.0,"gold_gain":0.0,"event_name":"Falling","player_choice":"Removed Skill","floor":38.0,"gold_loss":0.0,"damage_taken":0.0},{"damage_healed":0.0,"max_hp_gain":0.0,"max_hp_loss":0.0,"gold_gain":0.0,"event_name":"SensoryStone","player_choice":"Memory 2","floor":44.0,"gold_loss":0.0,"damage_taken":5.0},{"damage_healed":0.0,"max_hp_gain":0.0,"max_hp_loss":0.0,"gold_gain":0.0,"event_name":"Duplicator","player_choice":"Copied","floor":45.0,"gold_loss":0.0,"damage_taken":0.0,"cards_obtained":["Barricade"]}],"is_beta":false,"boss_relics":[{"not_picked":["Snecko Eye","Cursed Key"],"picked":"Calling Bell"},{"not_picked":["Black Star","Runic Dome"],"picked":"Runic Cube"}],"items_purged_floors":[31],"is_endless":false,"potions_floor_spawned":[1,4,13,19,27,28,30,33,35],"ascension_level":2}}