{"host":"cijwx898anu8dehj","time":1609707169,"event":{"mods":["AchievementEnabler","AlwaysNeverKeys","BaseMod","Colored Map","Colored Powertips","Highlight Path","Minty Spire (QoL Compilation)","Rare Cards Sparkle","Relic Stats","Slay-I"],"gold_per_floor":[117,137,156,169,169,197,217,217,217,217,250,250,250,250,250,327,327,338,355,355,365,365,365],"floor_reached":22,"playtime":1346,"items_purged":[],"score":382,"play_id":"ca2801f0-0f44-4ac6-a315-a4fd47c034f1","local_time":"20210103185249","is_ascension_mode":true,"campfire_choices":[{"floor":8.0,"key":"REST"},{"data":"Armaments","floor":10.0,"key":"SMITH"},{"floor":15.0,"key":"REST"}],"circlet_count":0,"master_deck":["AscendersBane","Strike_R","Strike_R+1","Strike_R","Strike_R","Defend_R+1","Defend_R","Defend_R","Defend_R","Bash","Sword Boomerang","Armaments+1","Spot Weakness","Shrug It Off","Clothesline","Shrug It Off","Sword Boomerang","Impervious","CurseOfTheBell","Iron Wave+1","Anger","Heavy Blade+1"],"relics":["Cursed Key","Oddly Smooth Stone","The Courier","Calling Bell","Omamori","Darkstone Periapt","Ice Cream"],"acts_visited":["Exordium","TheCity"],"potions_floor_usage":[16],"damage_taken":[{"damage":9.0,"enemies":"Jaw Worm","floor":1.0,"turns":4.0},{"damage":5.0,"enemies":"Small Slimes","floor":2.0,"turns":3.0},{"damage":0.0,"enemies":"2 Louse","floor":3.0,"turns":2.0},{"damage":11.0,"enemies":"2 Fungi Beasts","floor":4.0,"turns":3.0},{"damage":7.0,"enemies":"3 Sentries","floor":6.0,"turns":6.0},{"damage":0.0,"enemies":"3 Louse","floor":7.0,"turns":3.0},{"damage":8.0,"enemies":"Gremlin Nob","floor":11.0,"turns":3.0},{"damage":47,"enemies":"Hexaghost","floor":16,"turns":12},{"damage":15,"enemies":"Shell Parasite","floor":18,"turns":5},{"damage":0,"enemies":"Spheric Guardian","floor":19,"turns":5},{"damage":54,"enemies":"Snake Plant","floor":21,"turns":6},{"damage":12,"enemies":"Chosen and Byrds","floor":22,"turns":5}],"seed_played":"1266080519094953010","potions_obtained":[{"floor":1.0,"key":"EntropicBrew"},{"floor":2.0,"key":"ColorlessPotion"},{"floor":6.0,"key":"Explosive Potion"},{"floor":11.0,"key":"FearPotion"},{"floor":19,"key":"SpeedPotion"}],"is_trial":false,"path_per_floor":["M","M","M","M","?","E","M","R","T","R","E","?","?","T","R","B",null,"M","M","?","M","M"],"character_chosen":"IRONCLAD","items_purchased":[],"campfire_rested":2,"item_purchase_floors":[],"current_hp_per_floor":[59,54,54,43,43,36,36,58,58,58,50,27,27,27,49,2,57,42,42,42,10,0,0],"gold":365,"neow_bonus":"BOSS_RELIC","is_daily":false,"chose_seed":false,"campfire_upgraded":1,"win_rate":0.0,"timestamp":1609707169,"path_taken":["M","M","M","M","?","E","M","R","T","R","E","?","?","?","R","BOSS","M","M","?","M","M"],"items_purchased_type":[],"build_version":"2020-12-22","purchased_purges":0,"victory":false,"max_hp_per_floor":[75,75,75,75,75,75,75,75,75,75,75,75,75,75,75,75,75,75,75,75,75,75,75],"relic_stats":{"Darkstone Periapt":0,"counters":[12,57],"Cursed Key":0,"obtain_stats":[{"Calling Bell":17,"Darkstone Periapt":17,"Ice Cream":17,"Oddly Smooth Stone":6,"The Courier":11,"Omamori":17,"Cursed Key":0,"Burning Blood":0},{"Calling Bell":8,"Darkstone Periapt":8,"Ice Cream":8,"Oddly Smooth Stone":5,"The Courier":7,"Omamori":8,"Cursed Key":0,"Burning Blood":0},{"Calling Bell":36,"Darkstone Periapt":36,"Ice Cream":36,"Oddly Smooth Stone":18,"The Courier":24,"Omamori":36,"Cursed Key":0,"Burning Blood":0}]},"card_choices":[{"not_picked":["Sever Soul","Body Slam"],"picked":"Sword Boomerang","floor":1.0},{"not_picked":["Second Wind","Dual Wield"],"picked":"Armaments","floor":2.0},{"not_picked":["Wild Strike","Thunderclap"],"picked":"Spot Weakness","floor":3.0},{"not_picked":["Shockwave","Thunderclap"],"picked":"Shrug It Off","floor":4.0},{"not_picked":["Combust","Wild Strike"],"picked":"Clothesline","floor":6.0},{"not_picked":["Perfected Strike","True Grit"],"picked":"Shrug It Off","floor":7.0},{"not_picked":["Sever Soul","Berserk"],"picked":"Sword Boomerang","floor":11.0},{"not_picked":["Exhume","Berserk"],"picked":"Impervious","floor":16},{"not_picked":["Clothesline","Fire Breathing"],"picked":"Iron Wave+1","floor":18},{"not_picked":["Flex","Armaments"],"picked":"Anger","floor":19},{"not_picked":["Armaments","Pommel Strike"],"picked":"Heavy Blade+1","floor":21}],"player_experience":961470,"relics_obtained":[{"floor":6.0,"key":"Oddly Smooth Stone"},{"floor":11.0,"key":"The Courier"},{"floor":17,"key":"Omamori"},{"floor":17,"key":"Darkstone Periapt"},{"floor":17,"key":"Ice Cream"}],"event_choices":[{"damage_healed":0.0,"max_hp_gain":0.0,"max_hp_loss":0.0,"gold_gain":0.0,"event_name":"Golden Idol","player_choice":"Ignored","floor":5.0,"gold_loss":0.0,"damage_taken":0.0},{"damage_healed":0.0,"max_hp_gain":0.0,"max_hp_loss":0.0,"gold_gain":0.0,"event_name":"Shining Light","player_choice":"Entered Light","floor":12.0,"gold_loss":0.0,"damage_taken":23.0,"cards_upgraded":["Defend_R","Strike_R"]},{"cards_removed":["Strike_R"],"damage_healed":0.0,"max_hp_gain":0.0,"max_hp_loss":0.0,"gold_gain":0.0,"event_name":"Living Wall","player_choice":"Forget","floor":13.0,"gold_loss":0.0,"damage_taken":0.0},{"damage_healed":0,"gold_gain":0,"player_choice":"Ignored","damage_taken":0,"max_hp_gain":0,"max_hp_loss":0,"event_name":"Vampires","floor":20,"gold_loss":0}],"is_beta":false,"boss_relics":[{"not_picked":["SacredBark","Ectoplasm"],"picked":"Calling Bell"}],"items_purged_floors":[],"is_endless":false,"potions_floor_spawned":[1,2,6,11,19],"killed_by":"Chosen and Byrds","ascension_level":19}}