{"host":"whyfdmrq1ty0e9zp","time":1609664250,"event":{"mods":["Act Like it!","BaseMod","Colored Map","Colored Powertips","Conspire","Gensokyo","LagranYue(拉格朗・月)","Marisa（F雨　魔理沙）","Minty Spire (QoL Compilation)","MostiFishMod","Prisma Mod","Quick Restart","Relic Stats","Remilia（蕾米莉亚）","Replay The Spire","StSLib","TestMod","The Servant 0.9.4","Youmu（魂魄妖梦）","vexMod","【遗物卡牌】REMEMod"],"gold_per_floor":[111,36,56,56,76,105,122,155,155,196,228,228,228,228,228,1532,1532,1548,518,518,534,553,553,279,314,341,361,157,191,207,233,233,330,330,947,947,887,353,370,370,386,81,105,133,148,173,173,185,185,185],"floor_reached":51,"playtime":7547,"items_purged":["Strike_YM","Strike_YM+1","Defend_YM","SwordExtraction+1"],"score":1308,"play_id":"b7f6be03-7df5-4aa2-a8b3-348f953cfbbb","local_time":"20210103165730","is_ascension_mode":true,"campfire_choices":[{"data":"SpiritCuttingSword","floor":12,"key":"SMITH"},{"data":"PhosphoricSlash","floor":15,"key":"SMITH"},{"data":"HumanGodSword","floor":23,"key":"SMITH"},{"data":"TransmigrationSlash","floor":32,"key":"SMITH"},{"data":"StrangeHalfBody","floor":40,"key":"SMITH"},{"data":"SlashClearingTheSixSenses","floor":49,"key":"SMITH"}],"circlet_count":0,"master_deck":["Defend_YM+1","Defend_YM+1","Defend_YM+1","SlashOfPresentWorld+1","WheelOfPainOfLivingAndDead+1","PrismaMod:ChloeAnyRareTrace+1","SpiritCuttingSword+1","SwordExtraction+1","CherryBlossomFlashing+1","FlashingScatteredFlowers+1","FourBirthsSword+1","PhosphoricSlash+1","ConstancyOfTheConventionalTruth+1","WickedSoul+1","ConstancyOfTheConventionalTruth+1","DispleasureOfTheSevenHakus+1","HellRealmSword+1","HellFireSword+1","StrangeHalfBody+1","DispleasureOfTheSevenHakus+1","SwordExtraction+1","HumanGodSword+1","SlashOfDelusionalInnerEye+1","TransmigrationSlash+1","SlashOfDepartureFromHesitation","CherryBlossomFlashing","SlashOfAscensionToBuddhahood","HeavenGodSword+1","SlashOfSaigyouSpringWind+1","CherryBlossomFlashing","CherryBlossomFlashing+1","SlashOfTheEternalFuture+1","CherryBlossomFlashing+1","ASingleThoughtAndInfiniteKalpas+1","BloodOfAsura+1","SlashClearingTheSixSenses+1","Gensokyo:CustomPotion","Master of Strategy+1","Panacea+1","CelestialStarSword+1","Pot Of Greed+1","Pot Of Greed+1","Pot Of Greed+1","Pot Of Greed+1","CurseOfTheBell"],"relics":["HalfPhantom","testmod-TestBox","DaveBox","REME_ComplimentaryCards","testmod-OneHitWonder","RhineSuit","LagranYue:RandomDrawCardRelic","NeowsBlessing","SynthV:TestCard","Prayer Wheel","Toxic Egg 2","Replay:Wax Seal","Gremlin Horn","LagranYue:RareGoldArmorRelic","Busted Crown","BirthdayGift-Icosahedron","Replay:Baseball","Gensokyo:DirgeOfMelancholy","BrkXgEgg","Du-Vu Doll","PreservedInsect","Juzu Bracelet","vexMod:FocusSash","vexMod:HeadHunter","HereWithMe","conspire:TreasureMap","vexMod:Spyglass","ReplayTheSpireMod:ShopPack","Grinning Jar","ClockworkSouvenir","Nunchaku","Happy Flower","Letter Opener","Potion Belt","testmod-Justice","testmod-CyclicPeriapt","CeramicFish"],"acts_visited":["Exordium","Exordium","Gensokyo:Gensokyoer"],"potions_floor_usage":[10,33,50,50],"damage_taken":[{"damage":0,"enemies":"Jaw Worm","floor":1,"turns":1},{"damage":0,"enemies":"Cultist","floor":3,"turns":4},{"damage":0,"enemies":"2 Louse","floor":5,"turns":5},{"damage":1,"enemies":"Lagavulin","floor":6,"turns":6},{"damage":7,"enemies":"Blue Slaver","floor":7,"turns":3},{"damage":9,"enemies":"Replay:BlueRogue","floor":8,"turns":6},{"damage":0,"enemies":"Gremlin Gang","floor":10,"turns":13},{"damage":0,"enemies":"Lagavulin","floor":11,"turns":5},{"damage":0,"enemies":"Slime Boss","floor":16,"turns":6},{"damage":0,"enemies":"Gensokyo:Chomper","floor":18,"turns":4},{"damage":0,"enemies":"Gensokyo:2_Gloops","floor":21,"turns":2},{"damage":0,"enemies":"Gensokyo:Slime_Group","floor":22,"turns":2},{"damage":10,"enemies":"Gensokyo:Koishi","floor":25,"turns":4},{"damage":0,"enemies":"Gensokyo:Wraith","floor":27,"turns":6},{"damage":1,"enemies":"Gensokyo:Tenshi","floor":29,"turns":3},{"damage":0,"enemies":"Gensokyo:Mirror_and_Dog","floor":30,"turns":1},{"damage":0,"enemies":"Gensokyo:Reisen","floor":31,"turns":3},{"damage":0,"enemies":"Gensokyo:Eternal_Rivals","floor":33,"turns":3},{"damage":0,"enemies":"Gensokyo:3_Boulders","floor":35,"turns":11},{"damage":0,"enemies":"Gensokyo:3_Bats","floor":39,"turns":6},{"damage":6,"enemies":"Gensokyo:3_Boulders","floor":41,"turns":4},{"damage":24,"enemies":"Gensokyo:Marisa","floor":44,"turns":3},{"damage":0,"enemies":"Gensokyo:AtlasGolem","floor":45,"turns":2},{"damage":0,"enemies":"Gensokyo:Kasen","floor":46,"turns":1},{"damage":0,"enemies":"Gensokyo:SeedOfUnknown","floor":48,"turns":1},{"damage":0,"enemies":"Gensokyo:Scarlet_Devils","floor":50,"turns":2}],"seed_played":"614318760908746951","potions_obtained":[{"floor":1,"key":"FairyPotion"},{"floor":3,"key":"PowerPotion"},{"floor":5,"key":"REME_GoldPotion"},{"floor":10,"key":"Fire Potion"},{"floor":33,"key":"Dexterity Potion"},{"floor":48,"key":"LiquidMemories"}],"is_trial":false,"path_per_floor":["M","$","M","?","M","E","M","E","T","M","E","R","?","?","R","B",null,"M","$","?","M","M","R","COS","E","T","M","$","E","M","E","R","B",null,"M","?","?","COS","M","R","M","$","T","E","M","E","?","M","R","B",null],"character_chosen":"YOUMU","items_purchased":["HumanGodSword","BirthdayGift-Icosahedron","Replay:Baseball","HeavenGodSword+1","ClockworkSouvenir"],"campfire_rested":0,"item_purchase_floors":[19,19,19,28,42],"current_hp_per_floor":[75,75,75,75,75,74,67,58,58,58,58,58,58,51,51,51,75,75,75,75,75,75,75,75,66,66,67,67,73,74,75,75,76,81,81,81,81,81,81,81,76,76,76,53,54,55,55,56,56,57],"gold":185,"neow_bonus":"THREE_ENEMY_KILL","is_daily":false,"chose_seed":false,"campfire_upgraded":6,"win_rate":0.0,"timestamp":1609664250,"path_taken":["M","$","M","?","?","E","M","E","T","M","E","R","?","?","R","BOSS","M","$","?","?","M","R","COS","E","T","?","?","E","M","E","R","BOSS","M","?","?","COS","M","R","M","$","T","E","M","E","?","M","R","BOSS"],"items_purchased_type":["Card","Relic","Relic","Card","Relic"],"build_version":"2020-12-22","purchased_purges":4,"victory":true,"max_hp_per_floor":[75,75,75,75,75,75,75,75,75,75,75,75,75,75,75,75,75,75,75,75,75,75,75,75,75,75,75,75,81,81,81,81,81,81,81,81,81,81,81,81,81,81,81,81,81,81,81,81,81,81],"relic_stats":{"Nunchaku":[4],"Busted Crown":92,"Gremlin Horn":[19,20],"Happy Flower":[2],"counters":[26,106],"CeramicFish":0,"Prayer Wheel":14,"PreservedInsect":250,"Juzu Bracelet":1,"Letter Opener":[70],"obtain_stats":[{"DaveBox":0,"LagranYue:RandomDrawCardRelic":0,"Gremlin Horn":9,"CeramicFish":47,"HalfPhantom":0,"RhineSuit":0,"BirthdayGift-Icosahedron":19,"Juzu Bracelet":27,"LagranYue:RareGoldArmorRelic":11,"vexMod:Spyglass":38,"ClockworkSouvenir":42,"Frozen Eye":25,"Nunchaku":43,"Prayer Wheel":3,"HereWithMe":34,"Toxic Egg 2":6,"Replay:Wax Seal":8,"Potion Belt":46,"conspire:TreasureMap":38,"testmod-TestBox":0,"Gensokyo:DirgeOfMelancholy":20,"NeowsBlessing":0,"Happy Flower":44,"vexMod:BerryBomb":29,"BrkXgEgg":24,"PreservedInsect":26,"testmod-CyclicPeriapt":47,"vexMod:FocusSash":31,"Letter Opener":44,"testmod-Justice":47,"Du-Vu Doll":25,"Calling Bell":47,"Replay:Baseball":19,"SynthV:TestCard":1,"Busted Crown":17,"vexMod:HeadHunter":33,"Grinning Jar":41,"testmod-OneHitWonder":0,"REME_ComplimentaryCards":0,"ReplayTheSpireMod:ShopPack":38},{"DaveBox":0,"LagranYue:RandomDrawCardRelic":0,"Gremlin Horn":6,"CeramicFish":24,"HalfPhantom":0,"RhineSuit":0,"BirthdayGift-Icosahedron":10,"Juzu Bracelet":14,"LagranYue:RareGoldArmorRelic":8,"vexMod:Spyglass":19,"ClockworkSouvenir":21,"Frozen Eye":12,"Nunchaku":21,"Prayer Wheel":2,"HereWithMe":18,"Toxic Egg 2":4,"Replay:Wax Seal":6,"Potion Belt":24,"conspire:TreasureMap":19,"testmod-TestBox":0,"Gensokyo:DirgeOfMelancholy":10,"NeowsBlessing":0,"Happy Flower":22,"vexMod:BerryBomb":15,"BrkXgEgg":12,"PreservedInsect":13,"testmod-CyclicPeriapt":24,"vexMod:FocusSash":17,"Letter Opener":22,"testmod-Justice":24,"Du-Vu Doll":13,"Calling Bell":24,"Replay:Baseball":10,"SynthV:TestCard":1,"Busted Crown":9,"vexMod:HeadHunter":18,"Grinning Jar":21,"testmod-OneHitWonder":0,"REME_ComplimentaryCards":0,"ReplayTheSpireMod:ShopPack":19},{"DaveBox":0,"LagranYue:RandomDrawCardRelic":0,"Gremlin Horn":25,"CeramicFish":103,"HalfPhantom":0,"RhineSuit":0,"BirthdayGift-Icosahedron":53,"Juzu Bracelet":62,"LagranYue:RareGoldArmorRelic":43,"vexMod:Spyglass":87,"ClockworkSouvenir":97,"Frozen Eye":57,"Nunchaku":97,"Prayer Wheel":5,"HereWithMe":76,"Toxic Egg 2":16,"Replay:Wax Seal":25,"Potion Belt":103,"conspire:TreasureMap":87,"testmod-TestBox":0,"Gensokyo:DirgeOfMelancholy":53,"NeowsBlessing":0,"Happy Flower":100,"vexMod:BerryBomb":69,"BrkXgEgg":57,"PreservedInsect":60,"testmod-CyclicPeriapt":103,"vexMod:FocusSash":73,"Letter Opener":100,"testmod-Justice":103,"Du-Vu Doll":60,"Calling Bell":103,"Replay:Baseball":53,"SynthV:TestCard":1,"Busted Crown":49,"vexMod:HeadHunter":76,"Grinning Jar":94,"testmod-OneHitWonder":0,"REME_ComplimentaryCards":0,"ReplayTheSpireMod:ShopPack":87}]},"card_choices":[{"not_picked":["LifeCuttingSword","ObsessionWithThePresentWorld"],"picked":"SpiritCuttingSword","floor":1},{"not_picked":["GhostSword","TenKingsRetributionOnThePreta","LowerRealmReflectionSlash","HeartExcerptSlash"],"picked":"SwordExtraction","floor":3},{"not_picked":["FiveSignsOfTheDyingDeva","FourBirthsSword","ObsessionWithThePresentWorld","LowerRealmReflectionSlash"],"picked":"CherryBlossomFlashing","floor":3},{"not_picked":["CrescentMoonSlash","SlashOfDepartureFromHesitation","SanzenSekai","ConstancyOfTheConventionalTruth"],"picked":"FlashingScatteredFlowers","floor":5},{"not_picked":["ThreeKonsSevenHakus","HumanKnowledgeSword","PhosphoricSlash","GreatEnlightenmentAppearingAndDisappearing"],"picked":"FourBirthsSword","floor":5},{"not_picked":["LowerRealmReflectionSlash","SlashOfMeditation","TwoHundredYojanaInOneSlash","ThreeKonsSevenHakus+1"],"picked":"SwordExtraction+1","floor":6},{"not_picked":["FastingOfTheYoungPreta+1","FlashingScatteredFlowers","SpiritCuttingSword+1","FourBirthsSword+1"],"picked":"PhosphoricSlash","floor":7},{"not_picked":["TurningAngelCut+1","LifeCuttingSword","HumanKnowledgeSword","FlashingScatteredFlowers"],"picked":"ConstancyOfTheConventionalTruth+1","floor":7},{"not_picked":["EchoesOfTheInclemencyOfAllBeings+1","AsuraSword","FiveSignsOfTheDyingDeva","LifeCuttingSword"],"picked":"WickedSoul+1","floor":8},{"not_picked":["PhosphoricSlash","HumanKnowledgeSword","CrescentMoonSlash","LowerRealmReflectionSlash"],"picked":"ConstancyOfTheConventionalTruth+1","floor":10},{"not_picked":["HumanKnowledgeSword","LowerRealmReflectionSlash","SanzenSekai","DoubleWheelOfPain+1","SpiritCuttingSword+1"],"picked":"SKIP","floor":10},{"not_picked":["SanzenSekai","LowerRealmReflectionSlash","GreatEnlightenmentAppearingAndDisappearing+1","SwordOfBindingDesires+1"],"picked":"DispleasureOfTheSevenHakus+1","floor":11},{"not_picked":["ASingleThoughtAndInfiniteKalpas","DeadlyForm","GreatEnlightenmentAppearingAndDisappearing+1","SlashOfTheEternalFuture"],"picked":"HellRealmSword","floor":16},{"not_picked":["LowerRealmReflectionSlash","FlashingScatteredFlowers"],"picked":"HellFireSword","floor":16},{"not_picked":["HumanRealmSword","CherryBlossomSword"],"picked":"StrangeHalfBody","floor":18},{"not_picked":["TransmigrationSlash","TurningAngelCut+1"],"picked":"DispleasureOfTheSevenHakus+1","floor":18},{"not_picked":["HumanRealmSword+1","CrescentMoonSlash"],"picked":"SwordExtraction+1","floor":18},{"not_picked":["GhostSword+1","LightFlashOfTheNetherworld"],"picked":"SlashOfDelusionalInnerEye+1","floor":21},{"not_picked":["SuddenPhantomFormationSlashOfKarmicWind+1","HumanKnowledgeSword"],"picked":"TransmigrationSlash","floor":21},{"not_picked":["SuddenPhantomFormationSlashOfKarmicWind+1","HumanRealmSword+1"],"picked":"SwordExtraction+1","floor":22},{"not_picked":["ObsessionSword+1","ConstancyOfTheConventionalTruth+1"],"picked":"SlashOfDepartureFromHesitation","floor":22},{"not_picked":["LightFlashOfTheNetherworld","TransmigrationSlash","SuddenPhantomFormationSlashOfKarmicWind"],"picked":"SKIP","floor":22},{"not_picked":["SpiderLilyBurial+1","HumanKnowledgeSword"],"picked":"SpiritCuttingSword+1","floor":25},{"not_picked":["LifeCuttingSword+1","ThreeKonsSevenHakus+1"],"picked":"CherryBlossomFlashing","floor":27},{"not_picked":["SwordOfBindingDesires+1","TurningAngelCut+1"],"picked":"SlashOfAscensionToBuddhahood","floor":27},{"not_picked":["SlashOfMeditation","FlashingScatteredFlowers"],"picked":"SlashOfSaigyouSpringWind","floor":29},{"not_picked":["HellFireSword","KarmicPunishmentOfTheIdleAndUnfocused+1","AsTheSilentNirvana+1"],"picked":"SKIP","floor":29},{"not_picked":["LifeCuttingSword","SwordOfBindingDesires+1"],"picked":"CherryBlossomFlashing","floor":30},{"not_picked":["HellFireSword+1","SanzenSekai"],"picked":"CherryBlossomFlashing","floor":30},{"not_picked":["CrescentMoonSlash","SwordOfBindingDesires+1","DispleasureOfTheSevenHakus+1"],"picked":"SKIP","floor":30},{"not_picked":["SlashOfMeditation","BloodOfAsura"],"picked":"SlashOfTheEternalFuture","floor":31},{"not_picked":["LowerRealmReflectionSlash","SlashOfAscensionToBuddhahood"],"picked":"CherryBlossomFlashing+1","floor":31},{"not_picked":["VoidnessSword+1","DeadlyForm+1"],"picked":"ASingleThoughtAndInfiniteKalpas+1","floor":33},{"not_picked":["HumanKnowledgeSword","LowerRealmReflectionSlash"],"picked":"BloodOfAsura","floor":35},{"not_picked":["SwordOfBindingDesires+1","HellFireSword"],"picked":"SlashClearingTheSixSenses","floor":35},{"not_picked":["LowerRealmReflectionSlash","DispleasureOfTheSevenHakus+1","SwordOfBindingDesires+1"],"picked":"SKIP","floor":35},{"not_picked":["MostiFishMod:Mottled","testmod-RepeatForm"],"picked":"Master of Strategy","floor":38},{"not_picked":["HandOfGreed","testmod-Wormhole"],"picked":"Panacea","floor":38},{"not_picked":["ConstancyOfTheConventionalTruth","PreachingAvici"],"picked":"CelestialStarSword","floor":39},{"not_picked":["CherryBlossomFlashing+1","LowerRealmReflectionSlash+1","ConstancyOfTheConventionalTruth+1"],"picked":"SKIP","floor":39},{"not_picked":["HeavenGodSword+1","LightFlashOfTheNetherworld","SpiderLilyBurial+1"],"picked":"SKIP","floor":39},{"not_picked":["ReincarnationSword","SanzenSekai","SpiderLilyBurial"],"picked":"SKIP","floor":41},{"not_picked":["LifeCuttingSword+1","SlashOfMeditation+1","CherryBlossomFlashing+1"],"picked":"SKIP","floor":41},{"not_picked":["ThreeKonsSevenHakus+1","ThoughtCuttingSword","PhosphoricSlash+1"],"picked":"SKIP","floor":41},{"not_picked":["VoidnessSword"],"picked":"SKIP","floor":44},{"not_picked":["HellGodSword","HumanKnowledgeSword","HumanKnowledgeSword"],"picked":"SKIP","floor":44},{"not_picked":["ThreeKonsSevenHakus+1","CherryBlossomFlashing+1","FantasyOfEnteringEnlightenment+1"],"picked":"SKIP","floor":44},{"not_picked":["ConstancyOfTheConventionalTruth+1","SpiritCuttingSword+1","CrescentMoonSlash"],"picked":"SKIP","floor":45},{"not_picked":["FlashingScatteredFlowers","SlashOfMeditation+1","LowerRealmReflectionSlash+1"],"picked":"SKIP","floor":45},{"not_picked":["HeavenSword"],"picked":"SKIP","floor":46},{"not_picked":["FlashingScatteredFlowers","HumanKnowledgeSword","HumanGodSword"],"picked":"SKIP","floor":46},{"not_picked":["HumanKnowledgeSword","FantasyOfEnteringEnlightenment+1","SanzenSekai+1"],"picked":"SKIP","floor":46},{"not_picked":["HumanKnowledgeSword","SanzenSekai","SwordExtraction"],"picked":"SKIP","floor":48},{"not_picked":["CherryBlossomFlashing","PhosphoricSlash+1","SpiritCuttingSword+1"],"picked":"SKIP","floor":48},{"not_picked":["SanzenSekai","CrescentMoonSlash+1","ConstancyOfTheConventionalTruth+1"],"picked":"SKIP","floor":48}],"player_experience":472332,"relics_obtained":[{"floor":1,"key":"SynthV:TestCard"},{"floor":6,"key":"Toxic Egg 2"},{"floor":8,"key":"Replay:Wax Seal"},{"floor":9,"key":"Gremlin Horn"},{"floor":11,"key":"LagranYue:RareGoldArmorRelic"},{"floor":25,"key":"Du-Vu Doll"},{"floor":26,"key":"PreservedInsect"},{"floor":29,"key":"vexMod:BerryBomb"},{"floor":31,"key":"vexMod:FocusSash"},{"floor":43,"key":"Nunchaku"},{"floor":44,"key":"Letter Opener"},{"floor":46,"key":"Potion Belt"},{"floor":47,"key":"testmod-Justice"},{"floor":47,"key":"testmod-CyclicPeriapt"},{"floor":47,"key":"CeramicFish"}],"event_choices":[{"cards_removed":["Strike_YM"],"damage_healed":0,"gold_gain":0,"player_choice":"Purged","damage_taken":0,"max_hp_gain":0,"max_hp_loss":0,"event_name":"Purifier","floor":4,"gold_loss":0},{"damage_healed":0,"gold_gain":0,"player_choice":"Ignored","damage_taken":0,"max_hp_gain":0,"max_hp_loss":0,"event_name":"Liars Game","floor":13,"gold_loss":0},{"cards_removed":["Strike_YM"],"damage_healed":0,"gold_gain":0,"player_choice":"Card Removal","damage_taken":7,"max_hp_gain":0,"max_hp_loss":0,"event_name":"Golden Wing","floor":14,"gold_loss":0},{"damage_healed":0,"gold_gain":0,"player_choice":"Swap Relic","damage_taken":0,"relics_obtained":["Calling Bell"],"max_hp_gain":0,"max_hp_loss":0,"event_name":"给自己的盒子","floor":47,"relics_lost":["Calling Bell"],"gold_loss":0}],"is_beta":false,"boss_relics":[{"not_picked":["vexMod:FluxCapacitor","testmod-BatchProcessingSystem"],"picked":"Busted Crown"},{"not_picked":["MiniYoumu","Tiny House"],"picked":"HereWithMe"}],"items_purged_floors":[2,19,28,42],"is_endless":false,"potions_floor_spawned":[1,3,5,10,11,21,22,29,31,33,41,45,48],"ascension_level":1}}