{"host":"0i8dz4ityulxi1rd","time":1609636930,"event":{"mods":["BaseMod","Colored Map","Colored Powertips","Custom Start","Highlight Path","Hubris","Keyboard Shortcuts","Minty Spire (QoL Compilation)","StSLib","SuperFastMode"],"gold_per_floor":[115,128,128,148,164,164,175,192,219,73,87,87,87],"floor_reached":12,"playtime":392,"items_purged":["Pain"],"score":148,"play_id":"68b31805-3bcd-443a-ac68-63e35523f836","local_time":"20210103102210","is_ascension_mode":true,"campfire_choices":[{"floor":6,"key":"REST"}],"circlet_count":0,"master_deck":["AscendersBane","Strike_R","Strike_R","Strike_R","Strike_R","Defend_R","Defend_R","Defend_R","Defend_R","Bash","Twin Strike","Pommel Strike","Shrug It Off","Evolve","True Grit","Power Through"],"relics":["Burning Blood","WarpedTongs","CeramicFish"],"acts_visited":["Exordium"],"potions_floor_usage":[12],"damage_taken":[{"damage":9,"enemies":"Jaw Worm","floor":1,"turns":5},{"damage":6,"enemies":"Cultist","floor":2,"turns":3},{"damage":10,"enemies":"2 Louse","floor":4,"turns":3},{"damage":43,"enemies":"Gremlin Gang","floor":5,"turns":6},{"damage":16,"enemies":"Blue Slaver","floor":7,"turns":4},{"damage":11,"enemies":"Looter","floor":8,"turns":4},{"damage":3,"enemies":"3 Louse","floor":11,"turns":4},{"damage":28,"enemies":"Gremlin Nob","floor":12,"turns":4}],"seed_played":"198557201940537840","potions_obtained":[{"floor":2,"key":"SpeedPotion"},{"floor":7,"key":"SteroidPotion"}],"is_trial":false,"path_per_floor":["M","M","?","M","M","R","M","M","T","$","M","E"],"character_chosen":"IRONCLAD","items_purchased":["Power Through"],"campfire_rested":1,"item_purchase_floors":[10],"current_hp_per_floor":[65,65,65,61,24,46,36,31,31,31,34,6,6],"gold":87,"neow_bonus":"REMOVE_CARD","is_daily":false,"chose_seed":false,"campfire_upgraded":0,"win_rate":0.0,"timestamp":1609636930,"path_taken":["M","M","?","M","M","R","?","M","T","$","M","E"],"items_purchased_type":["Card"],"build_version":"2020-12-22","purchased_purges":1,"victory":false,"max_hp_per_floor":[75,75,75,75,75,75,75,75,75,75,75,75,75],"card_choices":[{"not_picked":["Feel No Pain","Armaments"],"picked":"Twin Strike","floor":1},{"not_picked":["Warcry","Shockwave"],"picked":"Pommel Strike","floor":2},{"not_picked":["Iron Wave","Warcry"],"picked":"Shrug It Off","floor":4},{"not_picked":["Feel No Pain","Sword Boomerang"],"picked":"Evolve","floor":5},{"not_picked":["Iron Wave","Clothesline","Armaments"],"picked":"SKIP","floor":7},{"not_picked":["Intimidate","Armaments"],"picked":"True Grit","floor":8},{"not_picked":["Evolve","hubris:StunningStrike","Metallicize"],"picked":"SKIP","floor":11}],"player_experience":1304963,"relics_obtained":[{"floor":9,"key":"CeramicFish"}],"event_choices":[{"damage_healed":0,"gold_gain":0,"player_choice":"Rummage","damage_taken":0,"relics_obtained":["WarpedTongs"],"max_hp_gain":0,"max_hp_loss":0,"event_name":"Accursed Blacksmith","floor":3,"gold_loss":0,"cards_obtained":["Pain"]}],"is_beta":false,"boss_relics":[],"items_purged_floors":[10],"is_endless":false,"potions_floor_spawned":[2,7,11],"killed_by":"Gremlin Nob","ascension_level":20}}