{"host":"t9wo05e1llrbe5dt","time":1609692970,"event":{"mods":["2.2 Compatiblity","AchievementEnabler","Ascension Unlocker","BaseMod","Bestiary","Better Altar","Better Match","Better Note","Better Sensory Stone","Better Skull","Better Third Choice","Better Vampires","Better-Laid Plans","Block Reminder","Colored Map","Colored Powertips","Curses Come First","DeckTracker","Displayed Cursed Tome","Downfall","Filter the Spire","Googly Eyes","Gremlin Mod","GungeonMod","Hermit","Highlight Path","Marked Mod","Minty Spire (QoL Compilation)","Quick Restart","Random Character Button","Rare Cards Sparkle","Reorder Act Four","Reworked Bosses","Spicy Shops","StSLib","The Bug Knight","The Cursed","The Hierophant","The IronCluck","The Mystic","The Necromancer","The Runesmith","Transform Curses","Uncapped","everything is the same but u backflip on backflip","slay the spire mod where everything is the same but ironclad has a cowboy hat"],"gold_per_floor":[199,214,224,240,240,258,258,284,284,284,284,295,322,334,348,452,452,452,462,52,52,112,145,170,270,270,295,295,295,367,367,385,529,529,304,315,375,394,135,135,135,153,182,198,230,230,230,260,273,273],"floor_reached":51,"playtime":3187,"items_purged":[],"score":974,"play_id":"0cb1b175-2b96-4c17-a702-6d019485808c","local_time":"20210103105610","is_ascension_mode":true,"campfire_choices":[{"data":"Slimebound:Split","floor":1,"key":"SMITH"},{"data":"Slimebound:RollThrough","floor":9,"key":"SMITH"},{"floor":18,"key":"RECALL"},{"data":"Slimebound:FirmFortitude","floor":35,"key":"SMITH"},{"data":"Slimebound:Gluttony","floor":40,"key":"SMITH"}],"circlet_count":0,"master_deck":["Slimebound:Strike_Slimebound","Slimebound:Strike_Slimebound","Slimebound:Strike_Slimebound","Slimebound:Tackle","Slimebound:Defend_Slimebound","Slimebound:Defend_Slimebound","Slimebound:Defend_Slimebound","Slimebound:Defend_Slimebound","Slimebound:Split+1","Slimebound:CorrosiveSpit","Slimebound:RollThrough+1","Slimebound:SamplingLick","Slimebound:GoopTackle","Slimebound:LeechEnergy","Slimebound:AcidTongue","Slimebound:RejuvenatingLick","Slimebound:PressTheAttack","Slimebound:SplitLeeching","Slimebound:MassFeed","Slimebound:Schlurp","Slimebound:SplitAcid+1","Slimebound:FirmFortitude+1","Slimebound:SplitMire","Slimebound:Chomp","Slimebound:LeadByExample+1","Slimebound:ForwardTackle+1","Slimebound:RainOfGoop","Slimebound:SamplingLick+1","Slimebound:SplitBruiser+1","Slimebound:MassRepurpose+1","Slimebound:FormOfPuddle+1","Slimebound:GoopSpray+1","Slimebound:Gluttony+1","Slimebound:Prepare+1","Slimebound:RollThrough","Slimebound:Equalize","Slimebound:ComboTackle","Slimebound:SlimeTap+1","Slimebound:Schlurp+1","expansioncontent:LastStand","Slimebound:Darklings+1","Slimebound:SamplingLick+1","Slimebound:Repurpose+1"],"relics":["Slimebound:AbsorbEndCombat","downfall:ShatteredFragment","DemoMod:SerJunkan","DemoMod:Junk","Slimebound:MaxSlimesRelic","Thread and Needle","Black Star","DemoMod:WhiteGuonStone","downfall:KnowingSkull","Question Card","Meat on the Bone","Toxic Egg 2","DemoMod:MonsterBlood","Sozu","downfall:HeartBlessingGreen","downfall:HeartBlessingRed","downfall:HeartBlessingBlue","Slimebound:SelfDamagePreventRelic","Oddly Smooth Stone","Darkstone Periapt","CaptainsWheel"],"acts_visited":["Exordium","TheCity","TheBeyond"],"potions_floor_usage":[8,16,16,23,27,32],"damage_taken":[{"damage":8,"enemies":"2 Louse","floor":2,"turns":2},{"damage":18,"enemies":"Small Slimes","floor":3,"turns":3},{"damage":15,"enemies":"Jaw Worm","floor":4,"turns":3},{"damage":9,"enemies":"3 Louse","floor":6,"turns":2},{"damage":21,"enemies":"3 Sentries","floor":8,"turns":6},{"damage":19,"enemies":"Large Slime","floor":12,"turns":3},{"damage":27,"enemies":"Gremlin Nob","floor":13,"turns":3},{"damage":4,"enemies":"2 Fungi Beasts","floor":14,"turns":2},{"damage":4,"enemies":"Blue Slaver","floor":15,"turns":3},{"damage":30,"enemies":"downfall:Defect","floor":16,"turns":6},{"damage":46,"enemies":"3 Byrds","floor":19,"turns":5},{"damage":16,"enemies":"downfall:FleeingMerchant","floor":20,"turns":4},{"damage":19,"enemies":"Shelled Parasite and Fungi","floor":22,"turns":5},{"damage":13,"enemies":"Gremlin Leader","floor":23,"turns":6},{"damage":50,"enemies":"Slavers","floor":27,"turns":4},{"damage":27,"enemies":"HollowMod:Nosk","floor":30,"turns":5},{"damage":9,"enemies":"Sentry and Sphere","floor":32,"turns":3},{"damage":56,"enemies":"downfall:Ironclad","floor":33,"turns":5},{"damage":4,"enemies":"Orb Walker","floor":36,"turns":3},{"damage":12,"enemies":"3 Shapes","floor":37,"turns":3},{"damage":20,"enemies":"Sphere and 2 Shapes","floor":38,"turns":4},{"damage":17,"enemies":"downfall:FleeingMerchant","floor":39,"turns":4},{"damage":4,"enemies":"Transient","floor":42,"turns":5},{"damage":36,"enemies":"Giant Head","floor":43,"turns":7},{"damage":13,"enemies":"Spire Growth","floor":44,"turns":2},{"damage":43,"enemies":"Nemesis","floor":45,"turns":3},{"damage":4,"enemies":"Reptomancer","floor":48,"turns":3},{"damage":4,"enemies":"Jaw Worm Horde","floor":49,"turns":2},{"damage":26,"enemies":"downfall:Silent","floor":50,"turns":4}],"seed_played":"7816771594577869744","potions_obtained":[{"floor":4,"key":"LiquidMemories"},{"floor":13,"key":"LiquidBronze"},{"floor":14,"key":"SpeedPotion"},{"floor":22,"key":"Slimebound:SpawnSlimePotion"},{"floor":28,"key":"CultistPotion"},{"floor":32,"key":"EssenceOfSteel"}],"is_trial":false,"path_per_floor":["R","M","M","M","?","M","T","E","R","?","?","M","E","M","M","B",null,"R","M","$","?","M","E","T","?","?","E","?","T","E","?","M","B",null,"R","M","M","M","$","R","T","M","E","M","E","?","?","E","M","B",null],"character_chosen":"SLIMEBOUND","items_purchased":["DemoMod:WhiteGuonStone","Slimebound:FirmFortitude","Slimebound:SplitMire","Slimebound:Chomp","DemoMod:LeadSkinPotion","Slimebound:SelfDamagePreventRelic","Slimebound:RollThrough","Slimebound:Equalize"],"campfire_rested":0,"item_purchase_floors":[20,20,20,20,20,39,39,39],"current_hp_per_floor":[60,60,52,51,33,34,34,25,25,45,38,33,22,28,34,38,60,60,40,52,46,54,60,60,60,60,47,47,47,61,61,60,55,70,80,80,77,78,78,78,78,80,62,61,42,42,42,54,68,68],"gold":273,"neow_bonus":"HUNDRED_GOLD","is_daily":false,"chose_seed":false,"campfire_upgraded":4,"win_rate":0.0,"timestamp":1609692970,"path_taken":["R","M","M","M","?","M","T","E","R","?","?","M","E","M","M","BOSS","R","M","$","?","M","E","T","?","?","E","?","?","E","?","M","BOSS","R","M","M","M","$","R","T","M","E","M","E","?","?","E","M","BOSS"],"items_purchased_type":["Relic","Card","Card","Card","Undefined","Relic","Card","Card"],"build_version":"2020-12-22","purchased_purges":0,"victory":true,"max_hp_per_floor":[60,60,60,60,60,60,60,60,60,60,60,60,60,60,60,60,60,60,60,60,60,60,60,60,60,60,63,63,63,70,70,70,70,70,80,80,80,80,80,80,80,80,83,83,83,83,83,83,89,89],"card_choices":[{"not_picked":["Slimebound:SplitAcid","Slimebound:GoopTackle"],"picked":"Slimebound:RollThrough","floor":2},{"not_picked":["Slimebound:SplitBruiser","Slimebound:ViciousTackle"],"picked":"Slimebound:SamplingLick","floor":3},{"not_picked":["Slimebound:Schlurp","Slimebound:DisruptingSlam"],"picked":"Slimebound:GoopTackle","floor":4},{"not_picked":["Slimebound:GoopSpray","Slimebound:DisruptingSlam"],"picked":"Slimebound:LeechEnergy","floor":6},{"not_picked":["Slimebound:LeechEnergy","Slimebound:FinishingTackle"],"picked":"Slimebound:AcidTongue","floor":8},{"not_picked":["Slimebound:FinishingTackle","Slimebound:ComboTackle","Slimebound:ViciousTackle"],"picked":"SKIP","floor":12},{"not_picked":["Slimebound:LeechLife","Slimebound:AcidTongue"],"picked":"Slimebound:RejuvenatingLick","floor":13},{"not_picked":["Slimebound:ViciousTackle","Slimebound:SpikyOuterGoop"],"picked":"Slimebound:PressTheAttack","floor":14},{"not_picked":["Slimebound:SamplingLick","Slimebound:LeechEnergy"],"picked":"Slimebound:SplitLeeching","floor":15},{"not_picked":["Slimebound:SlimeSlap","Slimebound:DuplicatedForm"],"picked":"Slimebound:MassFeed","floor":16},{"not_picked":["Slimebound:GoopTackle","Slimebound:PressTheAttack"],"picked":"Slimebound:Schlurp","floor":19},{"not_picked":["Slimebound:HauntingLick+1","Slimebound:MassFeed"],"picked":"Slimebound:SplitAcid+1","floor":20},{"not_picked":["Slimebound:DivideAndConquer","Slimebound:MegaLick"],"picked":"Slimebound:LeadByExample","floor":22},{"not_picked":["Slimebound:SamplingLick","Slimebound:SlimeTap"],"picked":"Slimebound:ForwardTackle+1","floor":23},{"not_picked":["Slimebound:SelfFormingGoo","Slimebound:PressTheAttack","Slimebound:Replication"],"picked":"Slimebound:RainOfGoop","floor":27},{"not_picked":["Slimebound:DivideAndConquer+1","Slimebound:SpikyOuterGoop","Slimebound:SplitAcid+1"],"picked":"Slimebound:SamplingLick+1","floor":30},{"not_picked":["Slimebound:RollThrough","Slimebound:LeechingTouch","Slimebound:ComboTackle"],"picked":"Slimebound:SplitBruiser+1","floor":32},{"not_picked":["Slimebound:Overexert","Slimebound:PrepareCrush+1","Slimebound:DouseInSlime+1"],"picked":"Slimebound:MassRepurpose+1","floor":33},{"not_picked":["Slimebound:PressTheAttack+1","Slimebound:MegaLick+1","Slimebound:SplitMire+1"],"picked":"Slimebound:FormOfPuddle+1","floor":36},{"not_picked":["Slimebound:SplitAcid+1","Slimebound:ViciousTackle+1","Slimebound:MegaLick+1"],"picked":"Slimebound:GoopSpray+1","floor":37},{"not_picked":["Slimebound:Schlurp+1","Slimebound:SplitAcid+1","Slimebound:PressTheAttack+1"],"picked":"Slimebound:Gluttony","floor":38},{"not_picked":["Slimebound:SlimeSpikes+1","Slimebound:LeechEnergy","Slimebound:SplitLeeching+1"],"picked":"Slimebound:Prepare+1","floor":39},{"not_picked":["Slimebound:Prepare+1","Slimebound:FirmFortitude","Slimebound:DivideAndConquer+1"],"picked":"Slimebound:ComboTackle","floor":42},{"not_picked":["Slimebound:PressTheAttack","Slimebound:DisruptingSlam+1","Slimebound:Equalize+1"],"picked":"Slimebound:SlimeTap+1","floor":43},{"not_picked":["Slimebound:FinishingTackle","Slimebound:Chomp+1","Slimebound:SplitAcid+1","Slimebound:ComboTackle"],"picked":"SKIP","floor":44},{"not_picked":["Slimebound:ViciousTackle+1","Slimebound:RollThrough","Slimebound:SplitBruiser+1"],"picked":"Slimebound:Schlurp+1","floor":45},{"not_picked":["expansioncontent:HyperBeam","expansioncontent:DefensiveStance","expansioncontent:Flail"],"picked":"expansioncontent:LastStand","floor":46},{"not_picked":["Slimebound:SplitLeeching+1","Slimebound:LeechingTouch+1","Slimebound:RollThrough+1"],"picked":"Slimebound:SamplingLick+1","floor":48},{"not_picked":["Slimebound:SplitAcid+1","Slimebound:LivingWall+1","Slimebound:SplitBruiser+1"],"picked":"Slimebound:Repurpose+1","floor":49}],"player_experience":163070,"relics_obtained":[{"floor":7,"key":"DemoMod:SerJunkan"},{"floor":8,"key":"DemoMod:Junk"},{"floor":13,"key":"Thread and Needle"},{"floor":23,"key":"DemoMod:Junk"},{"floor":23,"key":"Question Card"},{"floor":27,"key":"DemoMod:Junk"},{"floor":27,"key":"Meat on the Bone"},{"floor":29,"key":"Toxic Egg 2"},{"floor":30,"key":"DemoMod:Junk"},{"floor":30,"key":"DemoMod:MonsterBlood"},{"floor":41,"key":"DemoMod:Junk"},{"floor":43,"key":"DemoMod:Junk"},{"floor":43,"key":"DemoMod:Junk"},{"floor":45,"key":"Oddly Smooth Stone"},{"floor":45,"key":"DemoMod:Junk"},{"floor":48,"key":"Darkstone Periapt"},{"floor":48,"key":"CaptainsWheel"}],"event_choices":[{"damage_healed":20,"gold_gain":0,"player_choice":"Banana","damage_taken":0,"max_hp_gain":0,"max_hp_loss":0,"event_name":"Big Fish","floor":10,"gold_loss":0},{"damage_healed":0,"gold_gain":0,"player_choice":"Success","damage_taken":7,"relics_obtained":["Slimebound:MaxSlimesRelic"],"max_hp_gain":0,"max_hp_loss":0,"event_name":"Scrap Ooze","floor":11,"gold_loss":0},{"damage_healed":0,"gold_gain":0,"player_choice":"Upgraded","damage_taken":0,"max_hp_gain":0,"max_hp_loss":0,"event_name":"Upgrade Shrine","floor":31,"gold_loss":0,"cards_upgraded":["Slimebound:LeadByExample"]}],"is_beta":false,"boss_relics":[{"not_picked":["Empty Cage","Tiny House"],"picked":"Black Star"},{"not_picked":["Astrolabe","Slimebound:TarBlob"],"picked":"Sozu"}],"items_purged_floors":[],"is_endless":false,"potions_floor_spawned":[4,8,13,14,22,30,32,33,37,42,49],"ascension_level":1}}