{"host":"eemx8njkng76fu5x","time":1609689771,"event":{"mods":["2.2 Compatiblity","BaseMod","Downfall","Minty Spire (QoL Compilation)","Permanent Neow","StSLib","Unceasing Turn Reminder","Unknown Chances"],"gold_per_floor":[99,112,112,112,125,144,144,144,144,94,129,4,33,45,60,134,134,84,99,114,126,126,143,143,93,108,133,133,148,52,82,98,171,171,46,56,296,312,327,358,384,400,275,275,225,175,175,175,190,190,190,190,190,190],"floor_reached":52,"playtime":2075,"items_purged":["Slimebound:Tackle"],"score":1205,"play_id":"fddcc085-5bac-4988-8dae-c1684e361190","local_time":"20210104000251","is_ascension_mode":true,"campfire_choices":[{"data":"Slimebound:Split","floor":1.0,"key":"SMITH"},{"data":"Slimebound:CorrosiveSpit","floor":10,"key":"SMITH"},{"data":"expansioncontent:Collect","floor":12,"key":"SMITH"},{"data":"Slimebound:Overexert","floor":18,"key":"SMITH"},{"data":"Writhe","floor":25,"key":"PURGE"},{"floor":35,"key":"RECALL"},{"data":"Slimebound:Darklings","floor":43,"key":"SMITH"},{"data":"Slimebound:LeadByExample","floor":45,"key":"SMITH"},{"data":"Slimebound:Strike_Slimebound+1","floor":46,"key":"PURGE"}],"circlet_count":0,"master_deck":["AscendersBane","Slimebound:Strike_Slimebound+1","Slimebound:Defend_Slimebound+1","Slimebound:Defend_Slimebound+1","Slimebound:Defend_Slimebound+1","Slimebound:Defend_Slimebound+1","Slimebound:Split+1","Slimebound:CorrosiveSpit+1","expansioncontent:Collect+1","Slimebound:SplitAcid","Slimebound:SplitMire","Slimebound:SlimeSpikes","Slimebound:SlimeSpikes","Slimebound:Overexert+1","Slimebound:SplitLeeching","Slimebound:SplitLeeching","Slimebound:Prepare","Slimebound:LeadByExample+1","Slimebound:SlimeSpikes","Slimebound:Darklings+1","Slimebound:Repurpose+1"],"relics":["Slimebound:AbsorbEndCombat","downfall:ShatteredFragment","Slimebound:GreedOozeRelic","Letter Opener","downfall:HeartBlessingBlue","Guardian:PocketSentry","Busted Crown","Peace Pipe","Darkstone Periapt","Dream Catcher","Oddly Smooth Stone","SlaversCollar","downfall:HeartBlessingGreen","WingedGreaves","Regal Pillow","downfall:HeartBlessingRed"],"acts_visited":["Exordium","TheCity","TheBeyond","TheEnding"],"potions_floor_usage":[13,16,27],"damage_taken":[{"damage":10.0,"enemies":"Jaw Worm","floor":2.0,"turns":5.0},{"damage":8,"enemies":"2 Louse","floor":5,"turns":3},{"damage":17,"enemies":"Small Slimes","floor":6,"turns":3},{"damage":30,"enemies":"3 Sentries","floor":11,"turns":6},{"damage":8,"enemies":"Gremlin Nob","floor":13,"turns":3},{"damage":0,"enemies":"Exordium Wildlife","floor":14,"turns":3},{"damage":12,"enemies":"2 Fungi Beasts","floor":15,"turns":2},{"damage":43,"enemies":"downfall:Silent","floor":16,"turns":6},{"damage":8,"enemies":"Spheric Guardian","floor":19,"turns":3},{"damage":20,"enemies":"Centurion and Healer","floor":20,"turns":5},{"damage":19,"enemies":"Snake Plant","floor":21,"turns":3},{"damage":8,"enemies":"Snecko","floor":23,"turns":3},{"damage":27,"enemies":"Shelled Parasite and Fungi","floor":26,"turns":4},{"damage":38,"enemies":"Slavers","floor":27,"turns":4},{"damage":20,"enemies":"Centurion and Healer","floor":29,"turns":5},{"damage":24,"enemies":"downfall:FleeingMerchant","floor":30,"turns":4},{"damage":25,"enemies":"Book of Stabbing","floor":31,"turns":4},{"damage":12,"enemies":"Snecko","floor":32,"turns":4},{"damage":57,"enemies":"downfall:Ironclad","floor":33,"turns":6},{"damage":8,"enemies":"Orb Walker","floor":36,"turns":4},{"damage":24,"enemies":"downfall:FleeingMerchant","floor":37,"turns":4},{"damage":16,"enemies":"3 Shapes","floor":38,"turns":3},{"damage":30,"enemies":"Spire Growth","floor":39,"turns":4},{"damage":28,"enemies":"Reptomancer","floor":40,"turns":5},{"damage":24,"enemies":"Sphere and 2 Shapes","floor":42,"turns":4},{"damage":20,"enemies":"Jaw Worm Horde","floor":49,"turns":3},{"damage":45,"enemies":"downfall:Defect","floor":50,"turns":6},{"damage":99,"enemies":"downfall:CharBossMerchant","floor":52,"turns":7}],"seed_played":"3293935760354417029","potions_obtained":[{"floor":2.0,"key":"hexamod:EctoCoolerPotion"},{"floor":13,"key":"Slimebound:SpawnSlimePotion"},{"floor":14,"key":"PowerPotion"},{"floor":19,"key":"SteroidPotion"},{"floor":29,"key":"Swift Potion"},{"floor":32,"key":"LiquidBronze"},{"floor":39,"key":"Guardian:BlockOnCardUsePotion"}],"is_trial":false,"path_per_floor":["R","M","?","?","M","M","T","?","?","R","E","R","E","M","M","B",null,"R","M","M","M","?","M","T","R","M","E","?","M","$","E","M","B",null,"R","M","$","M","M","E","T","M","R","?","R","R","$","?","M","B",null,"E"],"character_chosen":"SLIMEBOUND","items_purchased":["Slimebound:LeadByExample"],"campfire_rested":0,"item_purchase_floors":[30],"current_hp_per_floor":[49,54,54,36,40,39,39,39,44,44,32,42,50,52,56,51,65,65,65,69,56,56,60,60,60,53,35,35,45,51,48,54,35,61,61,61,69,65,65,67,67,61,61,61,61,61,61,61,65,68,69,0,0,0],"gold":190,"neow_bonus":"RANDOM_COLORLESS","is_daily":false,"chose_seed":false,"campfire_upgraded":6,"win_rate":0.0,"timestamp":1609689771,"path_taken":["R","M","?","?","M","M","T","?","?","R","E","R","E","M","M","BOSS","R","M","M","M","?","M","T","R","M","E","?","M","$","E","M","BOSS","R","M","$","M","M","E","T","M","R","?","R","R","$","?","M","BOSS","E"],"items_purchased_type":["Card"],"build_version":"2020-12-22","purchased_purges":1,"victory":false,"max_hp_per_floor":[54,54,54,54,54,54,54,54,59,59,59,69,69,69,69,69,69,69,69,69,69,69,69,69,69,69,69,69,69,69,69,69,69,69,69,69,69,69,69,69,69,69,69,69,69,69,69,69,69,69,69,69,69,69],"card_choices":[{"not_picked":["expansioncontent:LastStand","expansioncontent:AwakenDeath"],"picked":"expansioncontent:Collect","floor":0.0},{"not_picked":["Slimebound:SlimeBarrage","Slimebound:ViciousTackle"],"picked":"Slimebound:SplitAcid","floor":2.0},{"not_picked":["Slimebound:TongueLash","Slimebound:SplitBruiser","Slimebound:RollThrough"],"picked":"SKIP","floor":5},{"not_picked":["Slimebound:ViciousTackle","Slimebound:ComboTackle","Slimebound:SlimeSlap"],"picked":"SKIP","floor":6},{"not_picked":["Slimebound:PressTheAttack","Slimebound:AcidTongue"],"picked":"Slimebound:SplitMire","floor":11},{"not_picked":["Slimebound:SplitLeeching","Slimebound:BestDefense"],"picked":"Slimebound:SlimeSpikes","floor":13},{"not_picked":["Slimebound:SplitBruiser","Slimebound:SplitLeeching"],"picked":"Slimebound:SlimeSpikes","floor":14},{"not_picked":["Slimebound:LeechEnergy","Slimebound:AcidTongue","Slimebound:ComboTackle"],"picked":"SKIP","floor":15},{"not_picked":["Slimebound:MinionMaster","Slimebound:DuplicatedForm"],"picked":"Slimebound:Overexert","floor":16},{"not_picked":[],"picked":"Slimebound:SplitLeeching","floor":19},{"not_picked":["Slimebound:SamplingLick"],"picked":"SKIP","floor":20},{"not_picked":["Slimebound:Gluttony+1"],"picked":"SKIP","floor":21},{"not_picked":["Slimebound:FlameTackle"],"picked":"SKIP","floor":23},{"not_picked":["Slimebound:Schlurp+1"],"picked":"SKIP","floor":26},{"not_picked":[],"picked":"Slimebound:SplitLeeching","floor":27},{"not_picked":[],"picked":"Slimebound:Prepare","floor":29},{"not_picked":["Slimebound:DivideAndConquer"],"picked":"SKIP","floor":30},{"not_picked":["Slimebound:HungryTackle"],"picked":"SKIP","floor":31},{"not_picked":[],"picked":"Slimebound:SlimeSpikes","floor":32},{"not_picked":[],"picked":"Slimebound:Darklings","floor":33},{"not_picked":["Slimebound:PressTheAttack"],"picked":"SKIP","floor":36},{"not_picked":["Slimebound:ComboTackle"],"picked":"SKIP","floor":37},{"not_picked":["Slimebound:GoopTackle"],"picked":"SKIP","floor":38},{"not_picked":[],"picked":"Slimebound:Repurpose+1","floor":39},{"not_picked":["Slimebound:FormOfPuddle"],"picked":"SKIP","floor":40},{"not_picked":["Slimebound:SplitAcid"],"picked":"SKIP","floor":42},{"not_picked":["Slimebound:Repurpose+1"],"picked":"SKIP","floor":49}],"player_experience":442198,"relics_obtained":[{"floor":11,"key":"Letter Opener"},{"floor":13,"key":"Guardian:PocketSentry"},{"floor":24,"key":"Darkstone Periapt"},{"floor":27,"key":"Dream Catcher"},{"floor":31,"key":"Oddly Smooth Stone"},{"floor":40,"key":"WingedGreaves"},{"floor":41,"key":"Regal Pillow"}],"event_choices":[{"damage_healed":0,"gold_gain":0,"player_choice":"Donut","damage_taken":0,"max_hp_gain":5,"max_hp_loss":0,"event_name":"Big Fish","floor":9,"gold_loss":0},{"damage_healed":0,"gold_gain":0,"player_choice":"Simplicity","damage_taken":0,"max_hp_gain":0,"max_hp_loss":0,"event_name":"Back to Basics","floor":28,"gold_loss":0,"cards_upgraded":["Slimebound:Strike_Slimebound","Slimebound:Strike_Slimebound","Slimebound:Strike_Slimebound","Slimebound:Defend_Slimebound","Slimebound:Defend_Slimebound","Slimebound:Defend_Slimebound","Slimebound:Defend_Slimebound"]},{"cards_removed":["Slimebound:Strike_Slimebound"],"damage_healed":0,"gold_gain":0,"player_choice":"Removed Attack","damage_taken":0,"max_hp_gain":0,"max_hp_loss":0,"event_name":"Falling","floor":44,"gold_loss":0}],"is_beta":false,"boss_relics":[{"not_picked":["SacredBark","downfall:Hecktoplasm"],"picked":"Busted Crown"},{"not_picked":["Snecko Eye","Velvet Choker"],"picked":"SlaversCollar"}],"items_purged_floors":[37],"is_endless":false,"potions_floor_spawned":[2,13,14,19,21,29,32,39,42],"killed_by":"downfall:CharBossMerchant","ascension_level":14}}