{"host":"2461dio7vetlq1z3","time":1609692007,"event":{"mods":["2.2 Compatiblity","AchievementEnabler","Aspiration","BaseMod","Better Third Choice","Friendly Minions","Minty Spire (QoL Compilation)","Relic Stats","Spicy Shops","StSLib","Waifu the Spire"],"gold_per_floor":[115,115,40,40,60,60,93,145,172,172,201,215,227,33,33,108,108,127,127,44,61,61,61,94,94,94,142,161,194,208,98,98,170,170,181,181,201,29,29,63,63,63,63],"floor_reached":42,"playtime":2500,"items_purged":["Strike_R","Strike_R"],"score":1080,"play_id":"9c4ccebb-6dda-44bb-a93d-4b431501ff15","local_time":"20210103174007","is_ascension_mode":true,"campfire_choices":[{"data":"Bash","floor":6,"key":"SMITH"},{"floor":10,"key":"REST"},{"data":"Armaments","floor":15,"key":"SMITH"},{"data":"Feel No Pain","floor":23,"key":"SMITH"},{"floor":25,"key":"REST"},{"floor":32,"key":"REST"},{"data":"Barricade","floor":41,"key":"SMITH"}],"circlet_count":0,"master_deck":["AscendersBane","Strike_R+1","Defend_R+1","Defend_R","Defend_R","Defend_R","Bash+1","Inflame","Disarm","Seeing Red","Impervious","Armaments+1","Headbutt","Feel No Pain+1","Flame Barrier+1","Barricade+1","Flame Barrier","Feel No Pain","Headbutt+1","Fiend Fire","Entrench","Demon Form","Disarm"],"relics":["aspiration:SecretTechniqueScroll","HornCleat","Boot","Orichalcum","aspiration:FetidBarrel","Mark of Pain","MutagenicStrength","The Courier","Paper Frog","Letter Opener","Oddly Smooth Stone","Runic Pyramid","Anchor"],"acts_visited":["Exordium","TheCity","TheBeyond"],"potions_floor_usage":[7,16,27,29,33,42],"damage_taken":[{"damage":4,"enemies":"Jaw Worm","floor":1,"turns":4},{"damage":4,"enemies":"Small Slimes","floor":5,"turns":4},{"damage":25,"enemies":"3 Sentries","floor":7,"turns":8},{"damage":15,"enemies":"Gremlin Nob","floor":11,"turns":4},{"damage":0,"enemies":"2 Louse","floor":12,"turns":2},{"damage":1,"enemies":"Exordium Thugs","floor":13,"turns":5},{"damage":15,"enemies":"Hexaghost","floor":16,"turns":9},{"damage":0,"enemies":"3 Byrds","floor":18,"turns":5},{"damage":4,"enemies":"Shell Parasite","floor":21,"turns":7},{"damage":18,"enemies":"Book of Stabbing","floor":24,"turns":7},{"damage":49,"enemies":"Slavers","floor":27,"turns":10},{"damage":4,"enemies":"Snake Plant","floor":28,"turns":5},{"damage":0,"enemies":"Gremlin Leader","floor":29,"turns":8},{"damage":0,"enemies":"Cultist and Chosen","floor":30,"turns":7},{"damage":12,"enemies":"Champ","floor":33,"turns":13},{"damage":1,"enemies":"Orb Walker","floor":35,"turns":3},{"damage":1,"enemies":"3 Darklings","floor":37,"turns":6},{"damage":1,"enemies":"Nemesis","floor":40,"turns":9},{"damage":71,"enemies":"Reptomancer","floor":42,"turns":12}],"seed_played":"-1531035291355788661","potions_obtained":[{"floor":1,"key":"SkillPotion"},{"floor":12,"key":"AttackPotion"},{"floor":21,"key":"ColorlessPotion"},{"floor":27,"key":"Strength Potion"},{"floor":28,"key":"GamblersBrew"},{"floor":33,"key":"Fire Potion"},{"floor":35,"key":"Dexterity Potion"},{"floor":37,"key":"Dexterity Potion"}],"is_trial":false,"path_per_floor":["M","?","?","$","M","R","E","T","T","R","E","M","M","$","R","B",null,"M","?","$","M","?","R","E","R","T","E","M","E","M","?","R","B",null,"M","?","M","$","?","E","R","E"],"character_chosen":"IRONCLAD","items_purchased":["Feel No Pain","Flame Barrier","Feel No Pain","Disarm"],"campfire_rested":3,"item_purchase_floors":[14,14,20,38],"current_hp_per_floor":[64,41,41,41,37,37,12,12,12,34,19,19,18,18,18,3,57,57,57,57,53,53,53,35,57,57,8,4,4,4,4,26,14,60,59,63,62,62,62,61,61,0,0],"gold":63,"neow_bonus":"BOSS_RELIC","is_daily":false,"chose_seed":false,"campfire_upgraded":4,"win_rate":0.0,"timestamp":1609692007,"path_taken":["M","?","?","$","M","R","E","?","T","R","E","M","M","$","R","BOSS","M","?","$","M","?","R","E","R","T","E","M","E","M","?","R","BOSS","M","?","M","$","?","E","R","E"],"items_purchased_type":["Card","Card","Card","Card"],"build_version":"2020-12-22","purchased_purges":2,"victory":false,"max_hp_per_floor":[75,75,75,75,75,75,75,75,75,75,75,75,75,75,75,75,75,75,75,75,75,75,75,75,75,75,75,75,75,75,75,75,75,75,75,75,75,75,75,75,75,75,75],"relic_stats":{"counters":[19,128],"Letter Opener":[122],"Orichalcum":[54],"Boot":[26],"obtain_stats":[{"aspiration:FetidBarrel":11,"Oddly Smooth Stone":29,"The Courier":24,"aspiration:SecretTechniqueScroll":0,"Letter Opener":27,"Orichalcum":9,"Boot":8,"Burning Blood":0,"Anchor":40,"HornCleat":7,"MutagenicStrength":19,"Mark of Pain":17,"Paper Frog":26,"Runic Pyramid":34},{"aspiration:FetidBarrel":4,"Oddly Smooth Stone":13,"The Courier":10,"aspiration:SecretTechniqueScroll":0,"Letter Opener":11,"Orichalcum":3,"Boot":3,"Burning Blood":0,"Anchor":18,"HornCleat":3,"MutagenicStrength":8,"Mark of Pain":7,"Paper Frog":10,"Runic Pyramid":15},{"aspiration:FetidBarrel":20,"Oddly Smooth Stone":78,"The Courier":55,"aspiration:SecretTechniqueScroll":0,"Letter Opener":65,"Orichalcum":16,"Boot":16,"Burning Blood":0,"Anchor":116,"HornCleat":16,"MutagenicStrength":41,"Mark of Pain":36,"Paper Frog":55,"Runic Pyramid":98}]},"card_choices":[{"not_picked":["Armaments","Whirlwind"],"picked":"Inflame","floor":1},{"not_picked":["Shrug It Off","Iron Wave"],"picked":"Disarm","floor":5},{"not_picked":["Berserk","Warcry"],"picked":"Seeing Red","floor":7},{"not_picked":["True Grit","Reckless Charge"],"picked":"Impervious","floor":11},{"not_picked":["Ghostly Armor","Dual Wield"],"picked":"Armaments","floor":12},{"not_picked":["Perfected Strike","Heavy Blade"],"picked":"Headbutt","floor":13},{"not_picked":["Offering","Bludgeon"],"picked":"Barricade","floor":16},{"not_picked":["Wild Strike","Anger"],"picked":"Flame Barrier","floor":18},{"not_picked":["Sword Boomerang","Pommel Strike","Clash"],"picked":"SKIP","floor":21},{"not_picked":["Flex","Anger"],"picked":"Headbutt+1","floor":24},{"not_picked":["Sever Soul","Searing Blow"],"picked":"Fiend Fire","floor":27},{"not_picked":["Clothesline","Blood for Blood","Warcry"],"picked":"SKIP","floor":28},{"not_picked":["Sword Boomerang+1","Flex","Wild Strike"],"picked":"SKIP","floor":29},{"not_picked":["Rampage","Body Slam"],"picked":"Entrench","floor":30},{"not_picked":["Limit Break","Feed"],"picked":"Demon Form","floor":33},{"not_picked":["Headbutt","Uppercut","Clothesline+1"],"picked":"SKIP","floor":35},{"not_picked":["Perfected Strike+1","Shrug It Off"],"picked":"Body Slam","floor":37},{"not_picked":["Sword Boomerang","Immolate","Thunderclap"],"picked":"SKIP","floor":40}],"player_experience":1040826,"relics_obtained":[{"floor":7,"key":"HornCleat"},{"floor":8,"key":"Boot"},{"floor":9,"key":"Orichalcum"},{"floor":11,"key":"aspiration:FetidBarrel"},{"floor":24,"key":"The Courier"},{"floor":26,"key":"Paper Frog"},{"floor":27,"key":"Letter Opener"},{"floor":29,"key":"Oddly Smooth Stone"},{"floor":40,"key":"Anchor"}],"event_choices":[{"damage_healed":64,"gold_gain":0,"player_choice":"Upgrade","damage_taken":23,"max_hp_gain":0,"max_hp_loss":75,"event_name":"betterThird:BetterShining","floor":2,"gold_loss":0,"cards_upgraded":["Strike_R","Defend_R"]},{"cards_removed":["Strike_R"],"damage_healed":0,"gold_gain":0,"player_choice":"Card Removal","damage_taken":0,"max_hp_gain":0,"max_hp_loss":0,"event_name":"The Cleric","floor":3,"gold_loss":75},{"damage_healed":0,"gold_gain":0,"player_choice":"Inject Mutagens","damage_taken":0,"relics_obtained":["MutagenicStrength"],"max_hp_gain":0,"max_hp_loss":0,"event_name":"Drug Dealer","floor":19,"gold_loss":0},{"damage_healed":0,"gold_gain":0,"player_choice":"Ignored","damage_taken":0,"max_hp_gain":0,"max_hp_loss":0,"event_name":"The Mausoleum","floor":22,"gold_loss":0},{"cards_removed":["Strike_R"],"damage_healed":0,"gold_gain":0,"player_choice":"Upgrade and Remove","damage_taken":0,"max_hp_gain":0,"max_hp_loss":0,"event_name":"Designer","floor":31,"gold_loss":110,"cards_upgraded":["Flame Barrier"]},{"cards_removed":["Body Slam"],"damage_healed":0,"gold_gain":0,"player_choice":"Removed Attack","damage_taken":0,"max_hp_gain":0,"max_hp_loss":0,"event_name":"Falling","floor":39,"gold_loss":0}],"is_beta":false,"boss_relics":[{"not_picked":["SlaversCollar","SacredBark"],"picked":"Mark of Pain"},{"not_picked":["Calling Bell","Busted Crown"],"picked":"Runic Pyramid"}],"items_purged_floors":[38,38],"is_endless":false,"potions_floor_spawned":[1,12,21,27,28,33,35,37],"killed_by":"Reptomancer","ascension_level":20}}