{"host":"j2lclbvdfoh0nnbr","time":1609653741,"event":{"mods":["Aspiration","BaseMod","Downfall","Lobotomy","LobotomyExtend","Minty Spire (QoL Compilation)","READ ME - Guardian Mod","Replay The Spire","StSLib","The Animator","The Bug Knight","[IsaacMod]ÒÔÈö¼âËþ"],"gold_per_floor":[110,129,129,129,141,141,156,156,230,40,40,60,60,80,80,176,176,176,176,176,195,195,195,195,545,545,560,579,154,154,169,169,327,327,342,405,405,425,438,438,473,473,473,97,133,133,8,8,8,8],"floor_reached":51,"playtime":6874,"items_purged":["Rudolta","Normality","SpecialBullet"],"score":741,"play_id":"adeaf2f0-c5b5-406b-b977-2ba7c2be1da5","local_time":"20210103140221","is_ascension_mode":false,"campfire_choices":[{"floor":32.0,"key":"REST"}],"circlet_count":0,"master_deck":["SpecialBullet","SpecialBullet","SpecialBullet","SpecialBullet","SpecialBullet","SpecialBullet","SpecialBullet","BloodyBrimstone+1","SpecialBullet","FairyFestival","Gaze","SecurityCode","CentralCode","Laetitia_ego","ControlCode","ReplayTheSpireMod:Private Reserves","InTheNameOfLoveAndHate","Acrobatics","Soda","TrainingCode","ShedSkin","InformationCode","ParadiseLost+2","TodaysExpression","expansioncontent:Sear+1","Replay:Hysterical Blindness","Sickly","Normality","Adrenaline","TT2Protocol","AbeCurse","ReplayTheSpireMod:IOU","Hallucinations","Guardian:ExploitGems","animator:Curse_GriefSeed","CENSORED","Recycle","RecordCode","CommonCold","expansioncontent:Corrupt","DaCapo","animator:Curse_GriefSeed","DisciplinaryCode"],"relics":["CogitoBucket","HushsDoor","aspiration:Nostalgia","Replay:M_StaffOfTheSnake","BloodDonationMachine","LetterFromLob","Pear","BargainBundle","Regal Pillow","Replay:Grab Bag","Fusion Hammer","Cursed Key","SacredBark","Moonlight_r","Gaze_r","aspiration:Stabinomicon","PrismaticShard","Ring of Greed","Ring of Fangs","Old Coin","Golden Idol","ReplayTheSpireMod:TigerMarble","Shuriken","BehaviorAdjustment","Replay:Bronze Core","Gaze_r","Theresia","Replay:Ringing Soul","Incense Burner","YumHeart"],"acts_visited":["Exordium","TheCity","TheBeyond"],"potions_floor_usage":[50,50],"damage_taken":[{"damage":10.0,"enemies":"Small Slimes","floor":1.0,"turns":2.0},{"damage":11.0,"enemies":"Jaw Worm","floor":2.0,"turns":2.0},{"damage":0.0,"enemies":"Cultist","floor":5.0,"turns":3.0},{"damage":35.0,"enemies":"2 Fungi Beasts","floor":7.0,"turns":3.0},{"damage":8.0,"enemies":"Large Slime","floor":12.0,"turns":5.0},{"damage":36.0,"enemies":"Looter","floor":14.0,"turns":15.0},{"damage":35.0,"enemies":"The Guardian","floor":16.0,"turns":24.0},{"damage":14.0,"enemies":"Spheric Guardian","floor":18.0,"turns":7.0},{"damage":2.0,"enemies":"Spheric Guardian","floor":21.0,"turns":5.0},{"damage":3.0,"enemies":"3 Byrds","floor":27.0,"turns":4.0},{"damage":0.0,"enemies":"3 Cultists","floor":28.0,"turns":4.0},{"damage":46.0,"enemies":"Sentry and Sphere","floor":31.0,"turns":12.0},{"damage":29.0,"enemies":"Pondfish","floor":33.0,"turns":17.0},{"damage":34.0,"enemies":"3 Shapes","floor":35.0,"turns":5.0},{"damage":63.0,"enemies":"2 Orb Walkers","floor":36.0,"turns":5.0},{"damage":0.0,"enemies":"3 Darklings","floor":38.0,"turns":1.0},{"damage":38.0,"enemies":"Maw","floor":39.0,"turns":13.0},{"damage":26.0,"enemies":"R_Hoarder","floor":41.0,"turns":8.0},{"damage":14.0,"enemies":"HollowMod:StalkingDevout","floor":45.0,"turns":10.0},{"damage":122,"enemies":"FixerMidnight","floor":50,"turns":11},{"damage":64,"enemies":"Malkuth","floor":51,"turns":17},{"damage":83,"enemies":"Netzach","floor":51,"turns":23}],"seed_played":"8981229823646617033","potions_obtained":[{"floor":1.0,"key":"DuplicationPotion"},{"floor":2.0,"key":"Fire Potion"},{"floor":5.0,"key":"SkillPotion"},{"floor":21.0,"key":"AttackPotion"},{"floor":31.0,"key":"LiquidBronze"},{"floor":38.0,"key":"ColorlessPotion"},{"floor":39.0,"key":"Fire Potion"},{"floor":39.0,"key":"Cursed Concoction"},{"floor":48.0,"key":"Venom Potion"}],"is_trial":false,"path_per_floor":["M","M","?","$","M","R","M","R","T","$","R","M","?","M","R","B",null,"M","?","?","M","?","R","?","?","T","M","M","$","R","M","R","B",null,"M","?","?","M","M","?","E","R","T","$","E","R","$","?","R","B",null],"character_chosen":"Angela","items_purchased":["BargainBundle","ReplayTheSpireMod:Private Reserves","InTheNameOfLoveAndHate","Acrobatics","Soda","Adrenaline","Shuriken","expansioncontent:Corrupt","DaCapo","Explosive Potion"],"campfire_rested":1,"item_purchase_floors":[10,10,10,10,10,29,29,44,44,44],"current_hp_per_floor":[60,49,49,49,52,52,27,27,37,37,37,48,36,42,42,69,80,37,21,13,31,31,31,31,31,31,39,51,51,51,35,73,78,78,62,14,66,66,65,65,66,69,72,75,78,78,78,78,78,60],"gold":8,"neow_bonus":"NOSTALGIA","is_daily":false,"chose_seed":false,"campfire_upgraded":0,"win_rate":0.0,"timestamp":1609653741,"path_taken":["M","M","?","$","M","R","M","R","T","$","R","?","?","M","R","BOSS","M","?","?","M","?","R","?","?","T","M","M","$","R","M","R","BOSS","M","?","?","M","?","?","E","R","T","$","E","R","?","?","R","BOSS"],"items_purchased_type":["Relic","Card","Card","Card","Card","Card","Relic","Card","Card","Potion"],"build_version":"2020-12-22","purchased_purges":3,"victory":true,"max_hp_per_floor":[70,70,70,70,70,70,70,70,80,80,80,80,80,80,80,80,80,81,81,81,81,81,81,81,81,81,81,81,81,81,78,78,78,78,78,75,66,66,66,66,66,69,72,75,78,78,78,78,78,75],"card_choices":[{"not_picked":[],"picked":"BloodyBrimstone","floor":0.0},{"not_picked":["SolemnVow","SashWhip"],"picked":"SKIP","floor":1.0},{"not_picked":["Variant","PunishingBird"],"picked":"FairyFestival","floor":2.0},{"not_picked":["Regret_ego"],"picked":"Gaze","floor":2.0},{"not_picked":["BeautyBeast","Murderer"],"picked":"Rudolta","floor":5.0},{"not_picked":["BloodyDesire","Lantern"],"picked":"SKIP","floor":5.0},{"not_picked":["LifeForTheDareDevil"],"picked":"Laetitia_ego","floor":7.0},{"not_picked":["Beak"],"picked":"ShedSkin","floor":12.0},{"not_picked":["BlueScar","Gaze"],"picked":"SKIP","floor":14.0},{"not_picked":["CENSORED_ego"],"picked":"ParadiseLost","floor":16.0},{"not_picked":["RapturousDream"],"picked":"TodaysExpression","floor":20.0},{"not_picked":["sneckomod:UnknownWeak+1"],"picked":"expansioncontent:Sear+1","floor":21.0},{"not_picked":["champ:AdrenalArmor","Slimebound:ForwardTackle"],"picked":"SKIP","floor":27.0},{"not_picked":["champ:AdrenalArmor","Slimebound:ForwardTackle"],"picked":"SKIP","floor":27.0},{"not_picked":["Replay:SS_hec_2","HollowMod:BlackTendrils"],"picked":"SKIP","floor":28.0},{"not_picked":["Coolheaded","hexamod:SwordOfDarkness"],"picked":"SKIP","floor":31.0},{"not_picked":["HollowMod:NewInfectedGuardian"],"picked":"Guardian:ExploitGems","floor":33.0},{"not_picked":["Guardian:PolyBeam","animator:Priestess"],"picked":"SKIP","floor":35.0},{"not_picked":["BodiesMountain","HappyTeddy"],"picked":"CENSORED","floor":36.0},{"not_picked":["animator:Tatsumaki+1"],"picked":"Recycle","floor":36.0},{"not_picked":["Go for the Eyes","sneckomod:QuickMove"],"picked":"SKIP","floor":38.0},{"not_picked":["animator:ElricAlphonse","Coolheaded"],"picked":"SKIP","floor":39.0},{"not_picked":["sneckomod:TrashToTreasure+1","BowlingBash+1"],"picked":"SKIP","floor":41.0},{"not_picked":["animator:Kuroyukihime+1","animator:YaoHaDucy+1"],"picked":"SKIP","floor":45.0}],"player_experience":315526,"relics_obtained":[{"floor":1.0,"key":"LetterFromLob"},{"floor":9.0,"key":"Pear"},{"floor":19.0,"key":"aspiration:Stabinomicon"},{"floor":20.0,"key":"PrismaticShard"},{"floor":25.0,"key":"Ring of Greed"},{"floor":25.0,"key":"Ring of Fangs"},{"floor":25.0,"key":"Old Coin"},{"floor":25.0,"key":"Golden Idol"},{"floor":26.0,"key":"ReplayTheSpireMod:TigerMarble"},{"floor":36.0,"key":"Diplopia"},{"floor":41.0,"key":"Replay:Ringing Soul"},{"floor":43.0,"key":"Incense Burner"},{"floor":45.0,"key":"YumHeart"}],"event_choices":[{"damage_healed":0.0,"max_hp_gain":0.0,"max_hp_loss":0.0,"gold_gain":0.0,"event_name":"Scrap Ooze","player_choice":"Success","floor":13.0,"gold_loss":0.0,"damage_taken":12.0,"relics_obtained":["Regal Pillow"]},{"damage_healed":0.0,"max_hp_gain":0.0,"max_hp_loss":0.0,"gold_gain":0.0,"event_name":"Cursed Tome","player_choice":"Obtained Book","floor":19.0,"gold_loss":0.0,"damage_taken":16.0},{"damage_healed":0.0,"max_hp_gain":0.0,"max_hp_loss":0.0,"gold_gain":0.0,"event_name":"Ghosts","player_choice":"Ignored","floor":22.0,"gold_loss":0.0,"damage_taken":0.0},{"damage_healed":0.0,"max_hp_gain":0.0,"max_hp_loss":0.0,"gold_gain":0.0,"event_name":"Mysterious Sphere","player_choice":"Fight","floor":36.0,"gold_loss":0.0,"damage_taken":0.0},{"damage_healed":66.0,"max_hp_gain":0.0,"max_hp_loss":9.0,"gold_gain":0.0,"event_name":"The Moai Head","player_choice":"Heal","floor":37.0,"gold_loss":0.0,"damage_taken":0.0},{"damage_healed":0.0,"max_hp_gain":0.0,"max_hp_loss":0.0,"gold_gain":0.0,"event_name":"Lab","player_choice":"Got Potions","floor":48.0,"gold_loss":0.0,"damage_taken":0.0}],"is_beta":false,"boss_relics":[{"not_picked":["Velvet Choker","Runic Dome"],"picked":"Replay:Grab Bag"},{"not_picked":["ChewingGum","Philosopher\u0027s Stone"],"picked":"Fusion Hammer"},{"not_picked":["Coffee Dripper","ChampionBelt"],"picked":"Cursed Key"},{"not_picked":["aspiration:DefectSkillbook","aspiration:SecretTechniqueScroll"],"picked":"SacredBark"},{"not_picked":[]},{"not_picked":["Runic Pyramid","aspiration:RunicSpoon"],"picked":"Replay:Bronze Core"},{"not_picked":[]}],"items_purged_floors":[10,29,47],"is_endless":false,"potions_floor_spawned":[1,2,5,21,38],"ascension_level":0}}