{"host":"dw8ij7emqco3quom","time":1609637956,"event":{"mods":["BaseMod","Minty Spire (QoL Compilation)"],"gold_per_floor":[214,226,226,246,264,291,291,33,87,87,100,100,116,157,157,264,264,290,290,390,400,423,423,432,474,474,583,583,583,620,649,649,758,830,849,471,480,490,508,508,522,264,264,264,290,290,318,318,318,318,318,318,37,37,37],"floor_reached":54,"playtime":3342,"items_purged":["Combust"],"score":954,"play_id":"296e43eb-dbaa-4ae8-9f00-379ced2f1d0e","local_time":"20210103023916","is_ascension_mode":true,"campfire_choices":[{"data":"Uppercut","floor":7,"key":"SMITH"},{"floor":12,"key":"REST"},{"data":"Body Slam","floor":15,"key":"SMITH"},{"data":"Fire Breathing","floor":23,"key":"SMITH"},{"floor":29,"key":"REST"},{"data":"Barricade","floor":32,"key":"SMITH"},{"data":"Armaments","floor":40,"key":"SMITH"},{"floor":44,"key":"RECALL"},{"floor":46,"key":"REST"},{"data":"Armaments","floor":49,"key":"SMITH"},{"floor":52,"key":"REST"}],"circlet_count":0,"master_deck":["Bash","Uppercut+1","Twin Strike","Cleave","Ghostly Armor","Fire Breathing+1","Body Slam+1","Shrug It Off","Power Through","Impervious","Headbutt","Shrug It Off","Writhe","Barricade+1","Entrench","Flame Barrier+1","Warcry+1","Feed","Twin Strike","Reckless Charge","Bludgeon","Dark Embrace","Armaments+1","Corruption","Fiend Fire","Armaments+1","Mayhem","Demon Form","Impervious","Metamorphosis"],"relics":["Black Blood","Orichalcum","Kunai","Anchor","CeramicFish","HornCleat","Vajra","Bag of Marbles","TungstenRod","Mercury Hourglass","Du-Vu Doll","Pandora\u0027s Box","White Beast Statue","Regal Pillow","Nunchaku","Happy Flower"],"acts_visited":["Exordium","TheCity","TheBeyond","TheEnding"],"potions_floor_usage":[6,14,21,25,25,27,41,45,45,47,50,54],"damage_taken":[{"damage":6,"enemies":"Cultist","floor":1,"turns":3},{"damage":15,"enemies":"Small Slimes","floor":2,"turns":3},{"damage":4,"enemies":"Jaw Worm","floor":4,"turns":3},{"damage":7,"enemies":"Large Slime","floor":5,"turns":5},{"damage":15,"enemies":"Gremlin Nob","floor":6,"turns":5},{"damage":15,"enemies":"2 Fungi Beasts","floor":11,"turns":4},{"damage":0,"enemies":"Red Slaver","floor":13,"turns":4},{"damage":10,"enemies":"3 Sentries","floor":14,"turns":4},{"damage":18,"enemies":"Slime Boss","floor":16,"turns":9},{"damage":27,"enemies":"Spheric Guardian","floor":18,"turns":8},{"damage":5,"enemies":"Chosen","floor":21,"turns":5},{"damage":24,"enemies":"Centurion and Healer","floor":22,"turns":11},{"damage":11,"enemies":"Book of Stabbing","floor":25,"turns":6},{"damage":9,"enemies":"Colosseum Slavers","floor":27,"turns":5},{"damage":29,"enemies":"Colosseum Nobs","floor":27,"turns":6},{"damage":33,"enemies":"Slavers","floor":30,"turns":6},{"damage":3,"enemies":"Shelled Parasite and Fungi","floor":31,"turns":4},{"damage":35,"enemies":"Automaton","floor":33,"turns":14},{"damage":5,"enemies":"Orb Walker","floor":35,"turns":5},{"damage":12,"enemies":"3 Shapes","floor":38,"turns":6},{"damage":24,"enemies":"Spire Growth","floor":39,"turns":6},{"damage":23,"enemies":"Sphere and 2 Shapes","floor":41,"turns":6},{"damage":30,"enemies":"Reptomancer","floor":45,"turns":6},{"damage":117,"enemies":"Giant Head","floor":47,"turns":12},{"damage":77,"enemies":"Awakened One","floor":50,"turns":16},{"damage":80,"enemies":"Shield and Spear","floor":54,"turns":5}],"seed_played":"-3508780756332628315","potions_obtained":[{"floor":4,"key":"HeartOfIron"},{"floor":6,"key":"GamblersBrew"},{"floor":11,"key":"ElixirPotion"},{"floor":13,"key":"Explosive Potion"},{"floor":18,"key":"Block Potion"},{"floor":22,"key":"DistilledChaos"},{"floor":27,"key":"EssenceOfSteel"},{"floor":31,"key":"Fire Potion"},{"floor":33,"key":"FairyPotion"},{"floor":41,"key":"Block Potion"},{"floor":45,"key":"EssenceOfSteel"},{"floor":47,"key":"Weak Potion"}],"is_trial":false,"path_per_floor":["M","M","T","M","M","E","R","$","T","?","M","R","M","E","R","B",null,"M","?","?","M","M","R","?","E","T","?","?","R","E","M","R","B",null,"M","$","?","M","M","R","M","$","T","R","E","R","E","?","R","B",null,"R","$","E"],"character_chosen":"IRONCLAD","items_purchased":["Kunai","Mayhem","Demon Form","White Beast Statue","Metamorphosis","HeartOfIron"],"campfire_rested":4,"item_purchase_floors":[8,36,36,42,53,53],"current_hp_per_floor":[80,71,71,73,72,63,63,63,63,63,54,78,80,76,76,64,76,61,61,61,68,56,56,56,57,57,43,38,62,41,50,50,27,67,77,77,77,77,65,65,58,58,58,58,44,86,39,80,80,15,64,80,80,0,0],"gold":37,"neow_bonus":"HUNDRED_GOLD","is_daily":false,"chose_seed":false,"campfire_upgraded":6,"win_rate":0.0,"timestamp":1609637956,"path_taken":["M","M","?","?","M","E","R","$","T","?","M","R","?","E","R","BOSS","M","?","?","?","M","R","?","E","T","?","?","R","E","?","R","BOSS","M","$","?","?","M","R","M","$","T","R","E","R","E","?","R","BOSS","R","$","E"],"items_purchased_type":["Relic","Card","Card","Relic","Card","Potion"],"build_version":"2020-12-22","purchased_purges":1,"victory":false,"max_hp_per_floor":[80,80,80,80,80,80,80,80,80,80,80,80,80,80,80,80,80,80,80,80,80,80,80,80,80,80,80,80,80,80,80,80,80,80,83,83,83,83,83,83,87,87,87,87,91,91,91,80,80,80,80,80,80,80,80],"card_choices":[{"not_picked":["Havoc","Headbutt"],"picked":"Uppercut","floor":1},{"not_picked":["Clash","Whirlwind"],"picked":"Twin Strike","floor":2},{"not_picked":["Perfected Strike","Wild Strike"],"picked":"Cleave","floor":4},{"not_picked":["Battle Trance","Perfected Strike"],"picked":"Ghostly Armor","floor":5},{"not_picked":["Dark Embrace","Rage"],"picked":"Fire Breathing","floor":6},{"not_picked":["Flex","Clash"],"picked":"Body Slam","floor":11},{"not_picked":["Warcry","Iron Wave"],"picked":"Shrug It Off","floor":13},{"not_picked":["Flame Barrier","Anger"],"picked":"Power Through","floor":14},{"not_picked":["Brutality","Exhume"],"picked":"Impervious","floor":16},{"not_picked":["Heavy Blade","Sword Boomerang"],"picked":"Headbutt","floor":18},{"not_picked":["Feel No Pain","Wild Strike","Pummel+1"],"picked":"SKIP","floor":21},{"not_picked":["Sword Boomerang","Thunderclap"],"picked":"Shrug It Off","floor":22},{"not_picked":["Seeing Red","Sword Boomerang"],"picked":"Barricade","floor":25},{"not_picked":["Clash","Sword Boomerang"],"picked":"Entrench","floor":27},{"not_picked":["Ghostly Armor","Thunderclap"],"picked":"Flame Barrier+1","floor":30},{"not_picked":["True Grit+1","Spot Weakness"],"picked":"Warcry+1","floor":31},{"not_picked":["Berserk","Demon Form"],"picked":"Feed","floor":33},{"not_picked":["Carnage","Twin Strike"],"picked":"Armaments","floor":35},{"not_picked":["Headbutt","Thunderclap","Dark Embrace+1"],"picked":"SKIP","floor":38},{"not_picked":["Sword Boomerang","Clash+1","Cleave"],"picked":"SKIP","floor":39},{"not_picked":["True Grit+1","Ghostly Armor","Armaments"],"picked":"SKIP","floor":41},{"not_picked":["Rage","Burning Pact","Shrug It Off"],"picked":"SKIP","floor":45},{"not_picked":["Perfected Strike","Pommel Strike","Iron Wave+1"],"picked":"SKIP","floor":47}],"player_experience":597749,"relics_obtained":[{"floor":6,"key":"Orichalcum"},{"floor":9,"key":"Anchor"},{"floor":14,"key":"CeramicFish"},{"floor":25,"key":"Vajra"},{"floor":26,"key":"Bag of Marbles"},{"floor":27,"key":"TungstenRod"},{"floor":27,"key":"Mercury Hourglass"},{"floor":30,"key":"Du-Vu Doll"},{"floor":43,"key":"Regal Pillow"},{"floor":45,"key":"Nunchaku"},{"floor":47,"key":"Happy Flower"}],"event_choices":[{"cards_removed":["Strike_R"],"damage_healed":0,"gold_gain":0,"player_choice":"Purged","damage_taken":0,"max_hp_gain":0,"max_hp_loss":0,"event_name":"Purifier","floor":10,"gold_loss":0},{"damage_healed":0,"gold_gain":0,"player_choice":"Ignored","damage_taken":0,"max_hp_gain":0,"max_hp_loss":0,"event_name":"Vampires","floor":19,"gold_loss":0},{"damage_healed":0,"gold_gain":100,"player_choice":"Pray","damage_taken":0,"max_hp_gain":0,"max_hp_loss":0,"event_name":"Golden Shrine","floor":20,"gold_loss":0},{"damage_healed":0,"gold_gain":0,"player_choice":"Opened","damage_taken":0,"relics_obtained":["HornCleat"],"max_hp_gain":0,"max_hp_loss":0,"event_name":"The Mausoleum","floor":24,"gold_loss":0,"cards_obtained":["Writhe"]},{"damage_healed":0,"gold_gain":0,"player_choice":"Fight","damage_taken":0,"max_hp_gain":0,"max_hp_loss":0,"event_name":"Colosseum","floor":27,"gold_loss":0},{"damage_healed":0,"gold_gain":0,"player_choice":"Fought Nobs","damage_taken":0,"max_hp_gain":0,"max_hp_loss":0,"event_name":"Colosseum","floor":27,"gold_loss":0},{"damage_healed":0,"gold_gain":0,"player_choice":"","damage_taken":6,"max_hp_gain":0,"max_hp_loss":0,"event_name":"Knowing Skull","floor":28,"potions_obtained":[],"gold_loss":0,"cards_obtained":[]},{"damage_healed":0,"gold_gain":0,"player_choice":"Copied","damage_taken":0,"max_hp_gain":0,"max_hp_loss":0,"event_name":"Duplicator","floor":37,"gold_loss":0,"cards_obtained":["Impervious"]},{"damage_healed":80,"gold_gain":0,"player_choice":"Heal","damage_taken":0,"max_hp_gain":0,"max_hp_loss":11,"event_name":"The Moai Head","floor":48,"gold_loss":0}],"is_beta":false,"boss_relics":[{"not_picked":["SlaversCollar","Sozu"],"picked":"Black Blood"},{"not_picked":["SacredBark","Black Star"],"picked":"Pandora\u0027s Box"}],"items_purged_floors":[36],"is_endless":false,"potions_floor_spawned":[4,6,11,13,18,22,27,31,33,41,45,47],"killed_by":"Shield and Spear","ascension_level":5}}