{"host":"ymkn3onire5n3afh","time":1609632670,"event":{"mods":["Arknights The Spire","Astrologer","BaseMod","Beaked The Cultist","BetterRewards","ChefMod","Colored Map","Conspire","Decade(???)","Downfall","Duelist Mod","Googly Eyes","GungeonMod","Hermit","Hubris","Hunter ??","Infinite Spire","Jedi Mod","LagranYue(???·?)","Luminous","Mad Scientist","Marisa????????","Mimic Mod","Minty Spire (QoL Compilation)","MostiFishMod","Prisma Mod","Railgun Mod","Replay The Spire","Robot Space Explorer","Shade Mod","Shop Mod","StSLib","Td1madao Mod","The Alterego","The Blackbeard","The Bladedancer","The Bug Knight","The Clintock","The Construct","The Cursed","The Death Knight","The Disciple","The Dragon Tamer","The Exalted","The Florist","The Forsaken","The Gatherer","The Hayseed","The Hierophant","The IronCluck","The Judge","The Marked","The Mystic","The Necromancer","The Runesmith","The Saiyan","The Senshi","The Servant 0.9.4","The Spell Scribe","The Trickster","The Witch","TheBandit","TheSwordswoman"],"gold_per_floor":[99,113,125,187,48,48,80,5,21,51,85,85,105,125,141,141,141,141],"floor_reached":16,"playtime":1542,"items_purged":["Slimebound:Strike_Slimebound"],"score":102,"play_id":"3182c956-e69b-4f8b-9c02-892b31974d0f","local_time":"20210102191110","is_ascension_mode":false,"campfire_choices":[{"floor":1.0,"key":"RECALL"},{"data":"Pot Of Greed","floor":8,"key":"SMITH"}],"circlet_count":0,"master_deck":["Slimebound:Strike_Slimebound","Slimebound:Tackle","Slimebound:Defend_Slimebound","Slimebound:Defend_Slimebound","Slimebound:Defend_Slimebound","Slimebound:Defend_Slimebound","Slimebound:Split","Slimebound:CorrosiveSpit","Slimebound:Gluttony","Slimebound:ViciousTackle","Pot Of Greed+1","Pot Of Greed","Slimebound:FirmFortitude","Slimebound:BestDefense","Slimebound:Grow+1","Slimebound:RollThrough","Slimebound:SplitAcid","Slimebound:SplitMire","Slimebound:SamplingLick","Slimebound:ComboTackle","Slimebound:SamplingLick","Slimebound:GoopSpray"],"relics":["Slimebound:AbsorbEndCombat","DaveBox","LagranYue:RandomDrawCardRelic","Grinning Jar","downfall:HeartBlessingRed","Question Card","Pet Ghost"],"acts_visited":["Exordium"],"potions_floor_usage":[10],"damage_taken":[{"damage":7.0,"enemies":"2 Louse","floor":2.0,"turns":2.0},{"damage":5,"enemies":"conspire:RoseBush","floor":3,"turns":4},{"damage":58,"enemies":"Lagavulin Event","floor":4,"turns":8},{"damage":12,"enemies":"downfall:FleeingMerchant","floor":5,"turns":4},{"damage":6,"enemies":"Cultist","floor":7,"turns":8},{"damage":11,"enemies":"Cultist","floor":9,"turns":4},{"damage":33,"enemies":"Gremlin Nob","floor":10,"turns":4},{"damage":9,"enemies":"Large Slime","floor":11,"turns":6},{"damage":7,"enemies":"Large Slime","floor":13,"turns":3},{"damage":13,"enemies":"3 Louse","floor":14,"turns":3},{"damage":15,"enemies":"conspire:2 RoseBushes","floor":15,"turns":5},{"damage":66,"enemies":"downfall:Silent","floor":16,"turns":10}],"seed_played":"8472518273050450528","potions_obtained":[{"floor":9,"key":"sneckomod:MuddlingPotion"},{"floor":13,"key":"Block Potion"},{"floor":15,"key":"Strength Potion"}],"is_trial":false,"path_per_floor":["R","M","M","?","$","?","MIM","R","M","E","MIM","?","M","M","M","B"],"character_chosen":"SLIMEBOUND","items_purchased":["Slimebound:Grow+1"],"campfire_rested":0,"item_purchase_floors":[5],"current_hp_per_floor":[66,66,65,27,27,27,45,45,46,29,40,40,45,40,41,0,0,0],"gold":141,"neow_bonus":"TEN_PERCENT_HP_BONUS","is_daily":false,"chose_seed":false,"campfire_upgraded":1,"win_rate":0.0,"timestamp":1609632670,"path_taken":["R","M","M","?","$","?","MIM","R","M","E","?","?","M","?","M","BOSS"],"items_purchased_type":["Card"],"build_version":"2020-12-22","purchased_purges":1,"victory":false,"max_hp_per_floor":[66,66,66,66,66,66,66,66,66,66,66,66,66,66,66,66,66,66],"card_choices":[{"not_picked":["Slimebound:FinishingTackle","Slimebound:ViciousTackle"],"picked":"Slimebound:Gluttony","floor":2},{"not_picked":["Slimebound:GrowthPunch","Slimebound:Repurpose"],"picked":"Slimebound:ViciousTackle","floor":3},{"not_picked":["Slimebound:PressTheAttack","Slimebound:FlameTackle"],"picked":"Slimebound:FirmFortitude","floor":4},{"not_picked":["Slimebound:Nibble","Slimebound:ItLooksTasty"],"picked":"Slimebound:BestDefense","floor":5},{"not_picked":["Slimebound:FinishingTackle","Slimebound:OozeBath"],"picked":"Slimebound:RollThrough","floor":7},{"not_picked":["Slimebound:GoopSpray","Slimebound:GrowthPunch"],"picked":"Slimebound:SplitAcid","floor":9},{"not_picked":["Slimebound:ViciousTackle","Slimebound:PressTheAttack"],"picked":"Slimebound:SplitMire","floor":10},{"not_picked":["Slimebound:LeechEnergy","Slimebound:SplitAcid","Slimebound:Repurpose"],"picked":"Slimebound:SamplingLick","floor":11},{"not_picked":["Slimebound:OozeBath","Slimebound:ViciousTackle","Slimebound:LeechEnergy"],"picked":"Slimebound:ComboTackle","floor":13},{"not_picked":["Slimebound:FlameTackle","Slimebound:PressTheAttack","Slimebound:LeechingTouch"],"picked":"Slimebound:SamplingLick","floor":14},{"not_picked":["Slimebound:LeechingTouch","Slimebound:DuplicatedForm","Slimebound:RollThrough"],"picked":"Slimebound:GoopSpray","floor":15}],"player_experience":408892,"relics_obtained":[{"floor":4,"key":"Grinning Jar"},{"floor":10,"key":"Question Card"},{"floor":11,"key":"Pet Ghost"}],"event_choices":[{"damage_healed":0,"gold_gain":0,"player_choice":"Leave","damage_taken":0,"max_hp_gain":0,"max_hp_loss":0,"event_name":"conspire:Investor","floor":6,"gold_loss":0},{"cards_removed":["Slimebound:Strike_Slimebound"],"damage_healed":0,"gold_gain":0,"player_choice":"Purged","damage_taken":0,"max_hp_gain":0,"max_hp_loss":0,"event_name":"Purifier","floor":12,"gold_loss":0}],"is_beta":false,"boss_relics":[],"items_purged_floors":[5],"is_endless":false,"potions_floor_spawned":[9,13,15],"killed_by":"downfall:Silent","ascension_level":0}}