{"host":"daa8jqyg4gqfaysm","time":1609688536,"event":{"mods":["BaseMod","Colored Powertips","Minty Spire (QoL Compilation)","StSLib"],"gold_per_floor":[109,126,126,201,201,201,225,225,225,260,260,293,293,293,293,391,391,407,407,80,94,117,153,153,166,189,210,228,264,287,325,325,420,420,438,771,784,163,163,188,200,200,200,250,268,293,303,318,318,318,318,318],"floor_reached":51,"playtime":2783,"items_purged":["Strike_B","Hello World"],"score":1629,"play_id":"3ab4de01-5610-4430-9a8d-209a60cd8b10","local_time":"20210103234216","is_ascension_mode":true,"campfire_choices":[{"floor":6,"key":"REST"},{"data":"Capacitor","floor":8,"key":"SMITH"},{"floor":11,"key":"REST"},{"data":"Heatsinks","floor":13,"key":"SMITH"},{"data":"Coolheaded","floor":15,"key":"SMITH"},{"floor":24,"key":"RECALL"},{"floor":32,"key":"REST"},{"floor":42,"key":"REST"},{"floor":49,"key":"REST"}],"circlet_count":0,"master_deck":["AscendersBane","Zap","Dualcast+1","Electrodynamics+1","Ball Lightning","Ball Lightning","Capacitor+1","Coolheaded+1","Heatsinks+1","Biased Cognition","Hologram","Compile Driver","Self Repair","Glacier","Biased Cognition","Skim","Echo Form","Biased Cognition","Reboot","Fusion","Hello World","Recycle","Go for the Eyes","Lockon"],"relics":["Cracked Core","Centennial Puzzle","Mummified Hand","Symbiotic Virus","Blood Vial","Fusion Hammer","ClockworkSouvenir","War Paint","Singing Bowl","DataDisk","Pandora\u0027s Box","PreservedInsect","Pantograph","Letter Opener","Bottled Tornado","Orichalcum"],"acts_visited":["Exordium","TheCity","TheBeyond"],"potions_floor_usage":[29,37],"damage_taken":[{"damage":9,"enemies":"2 Louse","floor":1,"turns":2},{"damage":7,"enemies":"Jaw Worm","floor":2,"turns":3},{"damage":0,"enemies":"Small Slimes","floor":7,"turns":2},{"damage":20,"enemies":"Lagavulin","floor":10,"turns":7},{"damage":8,"enemies":"Gremlin Nob","floor":12,"turns":3},{"damage":23,"enemies":"The Guardian","floor":16,"turns":12},{"damage":13,"enemies":"2 Thieves","floor":18,"turns":3},{"damage":0,"enemies":"Chosen","floor":21,"turns":3},{"damage":0,"enemies":"Snecko","floor":22,"turns":4},{"damage":15,"enemies":"Gremlin Leader","floor":23,"turns":4},{"damage":19,"enemies":"Shelled Parasite and Fungi","floor":25,"turns":5},{"damage":17,"enemies":"Snake Plant","floor":27,"turns":3},{"damage":2,"enemies":"3 Cultists","floor":28,"turns":4},{"damage":9,"enemies":"Slavers","floor":29,"turns":2},{"damage":0,"enemies":"Snecko","floor":30,"turns":4},{"damage":15,"enemies":"Book of Stabbing","floor":31,"turns":5},{"damage":0,"enemies":"Collector","floor":33,"turns":5},{"damage":0,"enemies":"3 Darklings","floor":35,"turns":1},{"damage":13,"enemies":"3 Shapes","floor":37,"turns":2},{"damage":4,"enemies":"Nemesis","floor":40,"turns":5},{"damage":0,"enemies":"Sphere and 2 Shapes","floor":41,"turns":3},{"damage":20,"enemies":"Spire Growth","floor":45,"turns":3},{"damage":0,"enemies":"Reptomancer","floor":46,"turns":2},{"damage":26,"enemies":"Jaw Worm Horde","floor":47,"turns":3},{"damage":0,"enemies":"Maw","floor":48,"turns":3},{"damage":77,"enemies":"Awakened One","floor":50,"turns":11},{"damage":44,"enemies":"Time Eater","floor":51,"turns":7}],"seed_played":"-6601986926362392299","potions_obtained":[{"floor":1,"key":"Fire Potion"},{"floor":12,"key":"FocusPotion"},{"floor":31,"key":"GamblersBrew"}],"is_trial":false,"path_per_floor":["M","M","?","?","?","R","M","R","T","E","R","E","R","?","R","B",null,"M","?","$","M","M","E","R","M","T","M","M","E","M","E","R","B",null,"M","?","M","$","?","E","M","R","T","?","M","E","M","M","R","B","B"],"character_chosen":"DEFECT","items_purchased":["ClockworkSouvenir","Compile Driver","Self Repair","PreservedInsect","Pantograph","PotionOfCapacity"],"campfire_rested":5,"item_purchase_floors":[20,20,20,38,38,38],"current_hp_per_floor":[55,48,48,37,37,56,56,56,56,36,55,47,47,36,36,15,52,41,64,64,64,64,56,56,46,46,38,45,47,56,52,68,68,68,70,70,66,66,68,73,76,76,76,76,65,69,54,65,84,14,0,0],"gold":318,"neow_bonus":"ONE_RANDOM_RARE_CARD","is_daily":false,"chose_seed":false,"campfire_upgraded":3,"win_rate":0.0,"timestamp":1609688536,"path_taken":["M","M","?","?","?","R","M","R","T","E","R","E","R","?","R","BOSS","M","?","$","?","?","E","R","M","T","M","?","E","M","E","R","BOSS","M","?","M","$","?","E","?","R","T","?","?","E","M","M","R","BOSS","BOSS"],"items_purchased_type":["Relic","Card","Card","Relic","Relic","Potion"],"build_version":"2020-12-22","purchased_purges":2,"victory":false,"max_hp_per_floor":[71,71,64,64,64,64,64,64,64,64,64,64,64,64,64,64,64,64,64,64,64,64,64,64,64,64,64,64,66,66,68,68,68,68,70,70,72,72,74,74,76,76,76,76,78,80,82,84,84,84,84,84],"card_choices":[{"not_picked":["Undo","Beam Cell"],"picked":"Ball Lightning","floor":1},{"not_picked":["Gash","Barrage"],"picked":"Ball Lightning","floor":2},{"not_picked":["Redo","Self Repair"],"picked":"Capacitor","floor":7},{"not_picked":["Go for the Eyes","Reinforced Body"],"picked":"Coolheaded","floor":10},{"not_picked":["Tempest","Beam Cell"],"picked":"Heatsinks","floor":12},{"not_picked":["Thunder Strike","Amplify"],"picked":"Biased Cognition","floor":16},{"not_picked":["Go for the Eyes","Fusion"],"picked":"Hologram","floor":18},{"not_picked":["Hologram","Stack"],"picked":"Glacier","floor":21},{"not_picked":["Leap","Coolheaded","Gash"],"picked":"SKIP","floor":22},{"not_picked":["Recycle","Electrodynamics","Conserve Battery"],"picked":"SKIP","floor":23},{"not_picked":["Turbo","Go for the Eyes","Beam Cell"],"picked":"SKIP","floor":25},{"not_picked":["Rebound","Cold Snap","Recycle"],"picked":"SKIP","floor":27},{"not_picked":["Leap","Coolheaded"],"picked":"Biased Cognition","floor":28},{"not_picked":["Double Energy","Rebound+1","Machine Learning"],"picked":"Singing Bowl","floor":29},{"not_picked":["Coolheaded","Cold Snap+1"],"picked":"Skim","floor":30},{"not_picked":["Steam","Coolheaded","Go for the Eyes"],"picked":"Singing Bowl","floor":31},{"not_picked":["Thunder Strike","Meteor Strike"],"picked":"Echo Form","floor":33},{"not_picked":["Compile Driver","Darkness","Leap"],"picked":"Singing Bowl","floor":35},{"not_picked":["Steam","Rip and Tear+1","Reprogram+1"],"picked":"Singing Bowl","floor":37},{"not_picked":["Blind","Sadistic Nature","Good Instincts"],"picked":"Singing Bowl","floor":39},{"not_picked":["Gash","Cold Snap"],"picked":"Lockon","floor":40},{"not_picked":["Aggregate+1","Go for the Eyes","Stack"],"picked":"Singing Bowl","floor":41},{"not_picked":["Streamline","Leap","Coolheaded"],"picked":"Singing Bowl","floor":45},{"not_picked":["Rebound","Cold Snap+1","Sweeping Beam"],"picked":"Singing Bowl","floor":46},{"not_picked":["Static Discharge","Redo","Chaos"],"picked":"Singing Bowl","floor":47},{"not_picked":["Coolheaded","Steam","Buffer"],"picked":"Singing Bowl","floor":48}],"player_experience":772315,"relics_obtained":[{"floor":9,"key":"Centennial Puzzle"},{"floor":10,"key":"Mummified Hand"},{"floor":12,"key":"Symbiotic Virus"},{"floor":23,"key":"War Paint"},{"floor":29,"key":"Singing Bowl"},{"floor":31,"key":"DataDisk"},{"floor":40,"key":"Letter Opener"},{"floor":43,"key":"Bottled Tornado"},{"floor":46,"key":"Orichalcum"}],"event_choices":[{"damage_healed":0,"gold_gain":0,"player_choice":"Lose Max HP","damage_taken":0,"relics_obtained":["Golden Idol"],"max_hp_gain":0,"max_hp_loss":7,"event_name":"Golden Idol","floor":3,"gold_loss":0},{"damage_healed":0,"gold_gain":75,"player_choice":"Gather Gold","damage_taken":11,"max_hp_gain":0,"max_hp_loss":0,"event_name":"World of Goop","floor":4,"gold_loss":0},{"damage_healed":0,"gold_gain":0,"player_choice":"Grow","damage_taken":0,"max_hp_gain":0,"max_hp_loss":0,"event_name":"Living Wall","floor":5,"gold_loss":0,"cards_upgraded":["Electrodynamics"]},{"damage_healed":0,"gold_gain":0,"player_choice":"Success","damage_taken":11,"relics_obtained":["Blood Vial"],"max_hp_gain":0,"max_hp_loss":0,"event_name":"Scrap Ooze","floor":14,"gold_loss":0},{"damage_healed":23,"gold_gain":0,"player_choice":"Full Heal","damage_taken":0,"max_hp_gain":0,"max_hp_loss":0,"event_name":"Wheel of Change","floor":19,"gold_loss":0},{"damage_healed":0,"gold_gain":333,"player_choice":"Gave Idol","damage_taken":0,"max_hp_gain":0,"max_hp_loss":0,"event_name":"The Moai Head","floor":36,"relics_lost":["Golden Idol"],"gold_loss":0},{"damage_healed":0,"gold_gain":0,"player_choice":"Memory 1","damage_taken":0,"max_hp_gain":0,"max_hp_loss":0,"event_name":"SensoryStone","floor":39,"gold_loss":0},{"damage_healed":0,"gold_gain":50,"player_choice":"Pray","damage_taken":0,"max_hp_gain":0,"max_hp_loss":0,"event_name":"Golden Shrine","floor":44,"gold_loss":0}],"is_beta":false,"boss_relics":[{"not_picked":["Busted Crown","Snecko Eye"],"picked":"Fusion Hammer"},{"not_picked":["Velvet Choker","Philosopher\u0027s Stone"],"picked":"Pandora\u0027s Box"}],"items_purged_floors":[20,38],"is_endless":false,"potions_floor_spawned":[1,12,16,18,23,28,31,33,35,40,45],"killed_by":"Time Eater","ascension_level":20}}