{"host":"qj91dvco5uhu9oti","time":1609673173,"event":{"mods":["BaseMod","Colored Map","Keyboard Shortcuts","Minty Spire (QoL Compilation)","Permanent Neow","Relic Stats","StSLib","SuperFastMode","everything is the same but u backflip on backflip"],"gold_per_floor":[113,113,133,133,143,143,159,177,177,177,26,26,45,65,65,142,142,159,169,203,203,47,47,61,61,61],"floor_reached":25,"playtime":493,"items_purged":["Strike_G","Strike_G"],"score":390,"play_id":"f1a314d9-05a5-419e-94ab-967ee37f3935","local_time":"20210103202613","is_ascension_mode":true,"campfire_choices":[{"data":"Envenom","floor":6.0,"key":"SMITH"},{"data":"Blade Dance","floor":10.0,"key":"SMITH"},{"data":"Catalyst","floor":12.0,"key":"SMITH"},{"data":"Blade Dance","floor":15.0,"key":"SMITH"},{"floor":23,"key":"REST"}],"circlet_count":0,"master_deck":["AscendersBane","Strike_G","Strike_G","Strike_G","Defend_G","Defend_G","Defend_G","Defend_G","Defend_G","Survivor","Neutralize","Predator","Envenom+1","Deadly Poison","Blade Dance+1","Dagger Spray","Outmaneuver","Catalyst+1","Crippling Poison","Blade Dance+1","Corpse Explosion","CurseOfTheBell","Dodge and Roll","Accuracy","Cloak And Dagger"],"relics":["Ring of the Snake","Snake Skull","Darkstone Periapt","Calling Bell","Art of War","Mercury Hourglass","Turnip","Red Mask"],"acts_visited":["Exordium","TheCity"],"potions_floor_usage":[16,25,25],"damage_taken":[{"damage":2.0,"enemies":"2 Louse","floor":1.0,"turns":4.0},{"damage":1.0,"enemies":"Cultist","floor":3.0,"turns":3.0},{"damage":1.0,"enemies":"Small Slimes","floor":5.0,"turns":4.0},{"damage":9.0,"enemies":"Red Slaver","floor":7.0,"turns":3.0},{"damage":5.0,"enemies":"3 Louse","floor":8.0,"turns":2.0},{"damage":1.0,"enemies":"2 Fungi Beasts","floor":13.0,"turns":3.0},{"damage":19.0,"enemies":"Exordium Thugs","floor":14.0,"turns":4.0},{"damage":25,"enemies":"Slime Boss","floor":16,"turns":6},{"damage":19,"enemies":"Spheric Guardian","floor":18,"turns":4},{"damage":24,"enemies":"Shell Parasite","floor":19,"turns":5},{"damage":6,"enemies":"Masked Bandits","floor":20,"turns":3},{"damage":24,"enemies":"Snake Plant","floor":24,"turns":4},{"damage":12,"enemies":"Slavers","floor":25,"turns":1}],"seed_played":"1240270052388436746","potions_obtained":[{"floor":1.0,"key":"Poison Potion"},{"floor":4.0,"key":"Regen Potion"},{"floor":16,"key":"PowerPotion"},{"floor":18,"key":"Energy Potion"},{"floor":19,"key":"Block Potion"}],"is_trial":false,"path_per_floor":["M","?","M","?","M","R","M","M","T","R","$","R","M","M","R","B",null,"M","M","?","?","$","R","M","E"],"character_chosen":"THE_SILENT","items_purchased":["Catalyst","Cloak And Dagger"],"campfire_rested":1,"item_purchase_floors":[11,22],"current_hp_per_floor":[57,57,56,56,55,55,46,41,41,41,41,41,40,33,33,8,58,39,15,9,9,9,30,6,0,0],"gold":61,"neow_bonus":"RANDOM_COMMON_RELIC","is_daily":false,"chose_seed":false,"campfire_upgraded":4,"win_rate":0.0,"timestamp":1609673173,"path_taken":["M","?","?","?","?","R","M","M","T","R","?","R","M","M","R","BOSS","M","M","?","?","$","R","M","E"],"items_purchased_type":["Card","Card"],"build_version":"2020-12-22","purchased_purges":2,"victory":false,"max_hp_per_floor":[66,66,66,66,66,66,66,66,66,66,66,66,66,66,66,66,72,72,72,72,72,72,72,72,72,72],"relic_stats":{"Darkstone Periapt":6,"counters":[13,46],"Snake Skull":[79],"Turnip":[9],"Art of War":[3],"obtain_stats":[{"Darkstone Periapt":9,"Calling Bell":17,"Snake Skull":0,"Turnip":17,"Art of War":17,"Red Mask":20,"Ring of the Snake":0,"Mercury Hourglass":17},{"Darkstone Periapt":5,"Calling Bell":8,"Snake Skull":0,"Turnip":8,"Art of War":8,"Red Mask":11,"Ring of the Snake":0,"Mercury Hourglass":8},{"Darkstone Periapt":16,"Calling Bell":29,"Snake Skull":0,"Turnip":29,"Art of War":29,"Red Mask":41,"Ring of the Snake":0,"Mercury Hourglass":29}],"Ring of the Snake":[26],"Mercury Hourglass":[36]},"card_choices":[{"not_picked":["Caltrops","Outmaneuver"],"picked":"Predator","floor":1.0},{"not_picked":["Underhanded Strike","PiercingWail"],"picked":"Deadly Poison","floor":3.0},{"not_picked":["Flying Knee","Well Laid Plans"],"picked":"Blade Dance","floor":5.0},{"not_picked":["Dagger Spray","Dagger Throw","Poisoned Stab"],"picked":"SKIP","floor":7.0},{"not_picked":["Dagger Throw","Poisoned Stab"],"picked":"Dagger Spray","floor":7.0},{"not_picked":["Bane","Acrobatics"],"picked":"Outmaneuver","floor":8.0},{"not_picked":["Grand Finale","Acrobatics"],"picked":"Crippling Poison","floor":13.0},{"not_picked":["Deflect","Flying Knee"],"picked":"Blade Dance","floor":14.0},{"not_picked":["Die Die Die","A Thousand Cuts"],"picked":"Corpse Explosion","floor":16},{"not_picked":["Deadly Poison","Prepared","Slice"],"picked":"SKIP","floor":18},{"not_picked":["Reflex","Backstab"],"picked":"Dodge and Roll","floor":19},{"not_picked":["Finisher","PiercingWail"],"picked":"Accuracy","floor":20},{"not_picked":["Sucker Punch","Expertise","Noxious Fumes"],"picked":"SKIP","floor":24}],"player_experience":334274,"relics_obtained":[{"floor":9.0,"key":"Darkstone Periapt"},{"floor":17,"key":"Art of War"},{"floor":17,"key":"Mercury Hourglass"},{"floor":17,"key":"Turnip"},{"floor":20,"key":"Red Mask"}],"event_choices":[{"damage_healed":0.0,"max_hp_gain":0.0,"max_hp_loss":0.0,"gold_gain":0.0,"event_name":"Match and Keep!","player_choice":"1 cards matched","floor":2.0,"gold_loss":0.0,"damage_taken":0.0,"cards_obtained":["Envenom"]},{"damage_healed":0.0,"max_hp_gain":0.0,"max_hp_loss":0.0,"gold_gain":0.0,"event_name":"Lab","player_choice":"Got Potions","floor":4.0,"gold_loss":0.0,"damage_taken":0.0},{"damage_healed":0,"gold_gain":0,"player_choice":"Fought Bandits","damage_taken":0,"max_hp_gain":0,"max_hp_loss":0,"event_name":"Masked Bandits","floor":20,"gold_loss":0},{"damage_healed":0,"gold_gain":0,"player_choice":"Ignored","damage_taken":0,"max_hp_gain":0,"max_hp_loss":0,"event_name":"Vampires","floor":21,"gold_loss":0}],"is_beta":false,"boss_relics":[{"not_picked":["Runic Dome","Ectoplasm"],"picked":"Calling Bell"}],"items_purged_floors":[11,22],"is_endless":false,"potions_floor_spawned":[1,5,7,16,18,19],"killed_by":"Slavers","ascension_level":20}}