{"host":"sc0o2qwpf9j16a4i","time":1609685729,"event":{"mods":["AchievementEnabler","BaseMod","BetterRewards","Block Reminder","Colored Map","Colored Powertips","Custom Start","Highlight Path","Minty Spire (QoL Compilation)","Relic Stats"],"gold_per_floor":[113,133,145,145,164,164,193,204,204,204,204,230,249,264,264,338,338,352,352,370,285,285,285,296,296,370,382,414,429,440,465,465,539,539,552,562,573,584,8,8,42,42,42,72,72,72,72],"floor_reached":46,"playtime":1894,"items_purged":["Pray"],"score":1118,"play_id":"2549fe98-94c8-4446-aae5-81d17c7bcb76","local_time":"20210103165529","is_ascension_mode":true,"campfire_choices":[{"data":"SashWhip","floor":6,"key":"SMITH"},{"floor":10,"key":"REST"},{"data":"LikeWater","floor":15,"key":"SMITH"},{"floor":23,"key":"REST"},{"data":"Scrawl","floor":25,"key":"SMITH"},{"floor":32,"key":"REST"},{"floor":40,"key":"REST"},{"floor":42,"key":"RECALL"}],"circlet_count":0,"master_deck":["AscendersBane","Eruption","Vigilance","SashWhip+1","EmptyFist","LikeWater+1","Crescendo","Scrawl+1","CarveReality+1","CrushJoints+1","ClearTheMind","CutThroughFate+1","Ragnarok+1","Protect","EmptyBody","Wallop+1","WreathOfFlame","Vault","DeusExMachina","Study","Crescendo","FearNoEvil+1","InnerPeace","SandsOfTime+1","Halt+1","Vault"],"relics":["PureWater","FossilizedHelix","Molten Egg 2","Vajra","Ancient Tea Set","Runic Pyramid","Pantograph","Enchiridion","Gremlin Horn","Blue Candle","Pandora\u0027s Box","Regal Pillow","HornCleat","Orichalcum","Frozen Egg 2","Meat on the Bone"],"acts_visited":["Exordium","TheCity","TheBeyond"],"potions_floor_usage":[7,16,16,28,31,31,31,33,44,44],"damage_taken":[{"damage":0,"enemies":"2 Louse","floor":1,"turns":4},{"damage":0,"enemies":"Cultist","floor":2,"turns":3},{"damage":0,"enemies":"Jaw Worm","floor":3,"turns":3},{"damage":0,"enemies":"Exordium Thugs","floor":5,"turns":5},{"damage":8,"enemies":"Lagavulin","floor":7,"turns":7},{"damage":0,"enemies":"3 Louse","floor":8,"turns":4},{"damage":15,"enemies":"3 Sentries","floor":12,"turns":8},{"damage":0,"enemies":"2 Fungi Beasts","floor":13,"turns":3},{"damage":0,"enemies":"Large Slime","floor":14,"turns":2},{"damage":17,"enemies":"Hexaghost","floor":16,"turns":5},{"damage":12,"enemies":"2 Thieves","floor":18,"turns":3},{"damage":0,"enemies":"Chosen","floor":20,"turns":3},{"damage":0,"enemies":"Snake Plant","floor":24,"turns":3},{"damage":0,"enemies":"Shelled Parasite and Fungi","floor":27,"turns":2},{"damage":25,"enemies":"Book of Stabbing","floor":28,"turns":5},{"damage":0,"enemies":"Cultist and Chosen","floor":29,"turns":3},{"damage":0,"enemies":"Sentry and Sphere","floor":30,"turns":2},{"damage":8,"enemies":"Slavers","floor":31,"turns":6},{"damage":42,"enemies":"Collector","floor":33,"turns":9},{"damage":0,"enemies":"3 Shapes","floor":35,"turns":2},{"damage":7,"enemies":"3 Darklings","floor":36,"turns":4},{"damage":17,"enemies":"Jaw Worm Horde","floor":37,"turns":4},{"damage":0,"enemies":"Transient","floor":38,"turns":7},{"damage":0,"enemies":"Reptomancer","floor":41,"turns":5},{"damage":65,"enemies":"Giant Head","floor":44,"turns":10},{"damage":73,"enemies":"Time Eater","floor":46,"turns":4}],"seed_played":"1183720752794222157","potions_obtained":[{"floor":2,"key":"Dexterity Potion"},{"floor":5,"key":"EssenceOfSteel"},{"floor":8,"key":"DistilledChaos"},{"floor":13,"key":"AttackPotion"},{"floor":16,"key":"AttackPotion"},{"floor":18,"key":"AttackPotion"},{"floor":24,"key":"LiquidBronze"},{"floor":27,"key":"EntropicBrew"},{"floor":28,"key":"Fire Potion"},{"floor":35,"key":"Weak Potion"},{"floor":37,"key":"Block Potion"}],"is_trial":false,"path_per_floor":["M","M","M","?","M","R","E","M","T","R","?","E","M","M","R","B",null,"M","?","M","?","?","R","M","R","T","M","E","M","M","E","R","B",null,"M","M","M","M","$","R","E","R","T","E","?","B"],"character_chosen":"WATCHER","items_purchased":["Regal Pillow","HornCleat","Vault"],"campfire_rested":4,"item_purchase_floors":[39,39,39],"current_hp_per_floor":[43,43,43,43,43,43,35,35,35,55,55,40,40,40,40,23,57,45,45,45,45,24,44,44,44,44,44,19,19,19,11,31,14,55,55,48,31,31,31,66,66,66,66,1,1,0,0],"gold":72,"neow_bonus":"ONE_RARE_RELIC","is_daily":false,"chose_seed":false,"campfire_upgraded":3,"win_rate":0.0,"timestamp":1609685729,"path_taken":["M","M","M","?","?","R","E","M","T","R","?","E","?","M","R","BOSS","M","?","M","?","?","R","M","R","T","M","E","?","M","E","R","BOSS","M","M","?","?","$","R","E","R","T","E","?","BOSS"],"items_purchased_type":["Relic","Relic","Card"],"build_version":"2020-12-22","purchased_purges":1,"victory":false,"max_hp_per_floor":[68,68,68,68,68,68,68,68,68,68,68,68,68,68,68,68,68,68,68,68,68,68,68,68,68,68,68,68,68,68,68,68,68,68,68,68,68,68,68,68,68,68,68,68,68,68,68],"relic_stats":{"Regal Pillow":15,"Gremlin Horn":[20,18],"counters":[26,116],"Pantograph":50,"Blue Candle":[0],"Pandora\u0027s Box":["DeusExMachina","Study","Crescendo","Pray","FearNoEvil","InnerPeace"],"Orichalcum":[18],"obtain_stats":[{"Regal Pillow":39,"Gremlin Horn":28,"Blue Candle":31,"Vajra":9,"Enchiridion":22,"Orichalcum":41,"Frozen Egg 2":43,"Ancient Tea Set":12,"HornCleat":39,"Pantograph":21,"Molten Egg 2":7,"Pandora\u0027s Box":34,"PureWater":0,"FossilizedHelix":0,"Runic Pyramid":17,"Meat on the Bone":44},{"Regal Pillow":23,"Gremlin Horn":15,"Blue Candle":18,"Vajra":6,"Enchiridion":12,"Orichalcum":24,"Frozen Egg 2":24,"Ancient Tea Set":7,"HornCleat":23,"Pantograph":12,"Molten Egg 2":5,"Pandora\u0027s Box":19,"PureWater":0,"FossilizedHelix":0,"Runic Pyramid":10,"Meat on the Bone":25},{"Regal Pillow":97,"Gremlin Horn":60,"Blue Candle":71,"Vajra":26,"Enchiridion":50,"Orichalcum":102,"Frozen Egg 2":102,"Ancient Tea Set":34,"HornCleat":97,"Pantograph":50,"Molten Egg 2":22,"Pandora\u0027s Box":80,"PureWater":0,"FossilizedHelix":0,"Runic Pyramid":44,"Meat on the Bone":112}],"Meat on the Bone":0},"card_choices":[{"not_picked":["Protect","Nirvana"],"picked":"SashWhip","floor":1},{"not_picked":["JustLucky","PathToVictory"],"picked":"EmptyFist","floor":2},{"not_picked":["JustLucky","FlurryOfBlows"],"picked":"LikeWater","floor":3},{"not_picked":["EmptyBody","Collect"],"picked":"Crescendo","floor":5},{"not_picked":["FlurryOfBlows+1","EmptyMind"],"picked":"Scrawl","floor":7},{"not_picked":["WindmillStrike+1","Consecrate+1"],"picked":"CarveReality+1","floor":8},{"not_picked":["Prostrate","ForeignInfluence"],"picked":"CrushJoints+1","floor":12},{"not_picked":["FlurryOfBlows+1","Study"],"picked":"ClearTheMind","floor":13},{"not_picked":["SignatureMove+1","ForeignInfluence"],"picked":"CutThroughFate+1","floor":14},{"not_picked":["SpiritShield","Vault"],"picked":"Ragnarok+1","floor":16},{"not_picked":["JustLucky+1","FlyingSleeves+1"],"picked":"Protect","floor":18},{"not_picked":["FlyingSleeves+1","Adaptation","EmptyFist+1"],"picked":"SKIP","floor":20},{"not_picked":["Prostrate","CarveReality+1","CrushJoints+1"],"picked":"SKIP","floor":24},{"not_picked":["Prostrate","CarveReality+1","CrushJoints+1"],"picked":"SKIP","floor":24},{"not_picked":["CarveReality+1","Worship"],"picked":"EmptyBody","floor":27},{"not_picked":["FlurryOfBlows+1","SignatureMove+1","EmptyFist+1"],"picked":"SKIP","floor":28},{"not_picked":["CrushJoints+1","ClearTheMind+1"],"picked":"Wallop+1","floor":29},{"not_picked":["CrushJoints+1","FlyingSleeves+1","SashWhip+1"],"picked":"SKIP","floor":30},{"not_picked":["Ragnarok+1","Indignation"],"picked":"WreathOfFlame","floor":31},{"not_picked":["Scrawl","DeusExMachina"],"picked":"Vault","floor":33},{"not_picked":["Weave+1","CarveReality+1","Prostrate"],"picked":"SKIP","floor":35},{"not_picked":["EmptyBody","ClearTheMind","Vengeance"],"picked":"SKIP","floor":36},{"not_picked":["ThirdEye","InnerPeace"],"picked":"SandsOfTime+1","floor":37},{"not_picked":["FollowUp+1","PathToVictory"],"picked":"Halt+1","floor":38},{"not_picked":["Protect","PathToVictory","WaveOfTheHand"],"picked":"SKIP","floor":41},{"not_picked":["Judgement","FollowUp+1","WaveOfTheHand"],"picked":"SKIP","floor":44}],"player_experience":537084,"relics_obtained":[{"floor":7,"key":"Molten Egg 2"},{"floor":9,"key":"Vajra"},{"floor":12,"key":"Ancient Tea Set"},{"floor":22,"key":"Enchiridion"},{"floor":28,"key":"Gremlin Horn"},{"floor":31,"key":"Blue Candle"},{"floor":41,"key":"Orichalcum"},{"floor":43,"key":"Frozen Egg 2"},{"floor":44,"key":"Meat on the Bone"}],"event_choices":[{"cards_removed":["Strike_P"],"damage_healed":0,"gold_gain":0,"player_choice":"Purged","damage_taken":0,"max_hp_gain":0,"max_hp_loss":0,"event_name":"Purifier","floor":4,"gold_loss":0},{"cards_removed":["Strike_P"],"damage_healed":0,"gold_gain":0,"player_choice":"Card Removal","damage_taken":0,"max_hp_gain":0,"max_hp_loss":0,"event_name":"Wheel of Change","floor":11,"gold_loss":0},{"damage_healed":0,"gold_gain":0,"player_choice":"Simplicity","damage_taken":0,"max_hp_gain":0,"max_hp_loss":0,"event_name":"Back to Basics","floor":19,"gold_loss":0,"cards_upgraded":["Strike_P","Strike_P","Defend_P","Defend_P","Defend_P","Defend_P"]},{"damage_healed":0,"gold_gain":0,"player_choice":"Obtained Relic","damage_taken":0,"relics_obtained":["Pantograph"],"max_hp_gain":0,"max_hp_loss":0,"event_name":"Addict","floor":21,"gold_loss":85},{"damage_healed":0,"gold_gain":0,"player_choice":"Obtained Book","damage_taken":21,"max_hp_gain":0,"max_hp_loss":0,"event_name":"Cursed Tome","floor":22,"gold_loss":0},{"damage_healed":0,"gold_gain":0,"player_choice":"Took Portal","damage_taken":0,"max_hp_gain":0,"max_hp_loss":0,"event_name":"SecretPortal","floor":45,"gold_loss":0}],"is_beta":false,"boss_relics":[{"not_picked":["SlaversCollar","Cursed Key"],"picked":"Runic Pyramid"},{"not_picked":["Black Star","Runic Dome"],"picked":"Pandora\u0027s Box"}],"items_purged_floors":[39],"is_endless":false,"potions_floor_spawned":[2,5,8,13,16,18,24,27,28,35,37,38],"killed_by":"Time Eater","ascension_level":20}}