{"host":"0m6xeyk0gsehb5i3","time":1609665386,"event":{"mods":["BaseMod","Better Altar","Better Match","Better Note","Better Sensory Stone","Better Skull","Better Third Choice","Colored Powertips","Minty Spire (QoL Compilation)","Relic Stats","StSLib"],"gold_per_floor":[116,132,143,161,161,189,189,189,189,37,37,37,37,53,53,157,157,169,169,119,119,29,29,45,45,45,61,61,0,0,18,18,113,113,131,151,151,151,151,179,199,217,217,167,178,190,190,204,204,204],"floor_reached":51,"playtime":2601,"items_purged":["Strike_G","Defend_G"],"score":860,"play_id":"ce0ce275-e78a-47b0-a0ea-c3216746d6e7","local_time":"20210103031626","is_ascension_mode":true,"campfire_choices":[{"floor":8,"key":"REST"},{"data":"Neutralize","floor":13,"key":"SMITH"},{"data":"Survivor","floor":15,"key":"SMITH"},{"data":"Crippling Poison","floor":23,"key":"SMITH"},{"data":"Bouncing Flask","floor":28,"key":"SMITH"},{"data":"Distraction","floor":30,"key":"SMITH"},{"data":"Crippling Poison","floor":32,"key":"SMITH"},{"floor":47,"key":"REST"},{"data":"Backflip","floor":49,"key":"SMITH"}],"circlet_count":0,"master_deck":["Defend_G","Defend_G","Survivor+1","Neutralize+1","Prepared","Infinite Blades","Flying Knee","Backflip+1","Venomology","Crippling Poison+1","Deadly Poison+1","Distraction+1","Bullet Time+1","Bouncing Flask+1","Venomology","Expertise+1","Corpse Explosion","Dagger Spray","Escape Plan","Bane+1","Crippling Poison+1","After Image+1","Quick Slash+1","AscendersBane","Well Laid Plans+1","Tools of the Trade+1","Well Laid Plans+1","Acrobatics+1","Footwork+1","After Image+1"],"relics":["Ring of the Snake","Prayer Wheel","Smiling Mask","Paper Crane","Cursed Key","Frozen Egg 2","Empty Cage","Dead Branch"],"acts_visited":["Exordium","TheCity","TheBeyond"],"potions_floor_usage":[4,6,12,16,18,24,27,31,31,33,33,35,40,40,41,42,42,42,45,46,48,48,50,50,50],"damage_taken":[{"damage":2,"enemies":"Small Slimes","floor":1,"turns":5},{"damage":0,"enemies":"2 Louse","floor":2,"turns":5},{"damage":1,"enemies":"Cultist","floor":3,"turns":4},{"damage":9,"enemies":"Large Slime","floor":4,"turns":7},{"damage":14,"enemies":"Lagavulin","floor":6,"turns":6},{"damage":0,"enemies":"2 Fungi Beasts","floor":12,"turns":2},{"damage":5,"enemies":"Looter","floor":14,"turns":4},{"damage":12,"enemies":"Hexaghost","floor":16,"turns":10},{"damage":10,"enemies":"3 Byrds","floor":18,"turns":6},{"damage":6,"enemies":"Spheric Guardian","floor":24,"turns":3},{"damage":22,"enemies":"Snecko","floor":27,"turns":5},{"damage":7,"enemies":"Shelled Parasite and Fungi","floor":31,"turns":4},{"damage":47,"enemies":"Collector","floor":33,"turns":7},{"damage":0,"enemies":"Orb Walker","floor":35,"turns":3},{"damage":0,"enemies":"3 Shapes","floor":36,"turns":3},{"damage":4,"enemies":"Giant Head","floor":40,"turns":8},{"damage":0,"enemies":"Maw","floor":41,"turns":6},{"damage":3,"enemies":"Writhing Mass","floor":42,"turns":5},{"damage":13,"enemies":"4 Shapes","floor":45,"turns":4},{"damage":11,"enemies":"Spire Growth","floor":46,"turns":5},{"damage":0,"enemies":"Maw","floor":48,"turns":6},{"damage":0,"enemies":"Donu and Deca","floor":50,"turns":6}],"seed_played":"-8062228340243144902","potions_obtained":[{"floor":1,"key":"CunningPotion"},{"floor":2,"key":"DuplicationPotion"},{"floor":24,"key":"Dexterity Potion"},{"floor":31,"key":"LiquidBronze"},{"floor":33,"key":"Poison Potion"},{"floor":42,"key":"Weak Potion"}],"is_trial":false,"path_per_floor":["M","M","M","M","?","E","?","R","T","$","?","M","R","M","R","B",null,"M","?","$","?","?","R","M","$","T","M","R","?","R","M","R","B",null,"M","M","?","?","?","E","M","M","T","$","M","M","R","M","R","B",null],"character_chosen":"THE_SILENT","items_purchased":["Bullet Time"],"campfire_rested":2,"item_purchase_floors":[10],"current_hp_per_floor":[47,47,46,37,30,16,16,37,37,37,37,37,37,32,32,20,70,60,60,60,60,60,60,54,54,54,32,32,32,32,25,25,3,70,70,70,70,70,70,66,66,63,63,63,50,39,60,60,60,60],"gold":204,"neow_bonus":"ONE_RARE_RELIC","is_daily":false,"chose_seed":false,"campfire_upgraded":7,"win_rate":0.0,"timestamp":1609665386,"path_taken":["M","M","M","M","?","E","?","R","T","$","?","?","R","M","R","BOSS","M","?","$","?","?","R","?","?","T","M","R","?","R","M","R","BOSS","M","M","?","?","?","E","M","M","T","$","M","M","R","M","R","BOSS"],"items_purchased_type":["Card"],"build_version":"2020-12-22","purchased_purges":2,"victory":true,"max_hp_per_floor":[70,70,70,70,70,70,70,70,70,70,70,70,70,70,70,70,70,70,70,70,70,70,70,70,70,70,70,70,70,70,70,70,70,70,70,70,70,70,70,70,70,70,70,70,70,70,70,70,70,70],"relic_stats":{"counters":[27,131],"Dead Branch":[70],"Prayer Wheel":16,"Smiling Mask":125,"Cursed Key":1,"obtain_stats":[{"Blood Vial":9,"Matryoshka":40,"Dead Branch":40,"Fusion Hammer":17,"Toxic Egg 2":14,"Smiling Mask":26,"MawBank":36,"Burning Blood":0,"Runic Pyramid":34},{"Blood Vial":5,"Matryoshka":19,"Dead Branch":21,"Fusion Hammer":8,"Toxic Egg 2":7,"Smiling Mask":11,"MawBank":17,"Burning Blood":0,"Runic Pyramid":16},{"Blood Vial":15,"Matryoshka":88,"Dead Branch":99,"Fusion Hammer":32,"Toxic Egg 2":24,"Smiling Mask":45,"MawBank":77,"Burning Blood":0,"Runic Pyramid":76}],"Ring of the Snake":[44]},"card_choices":[{"not_picked":["Caltrops","Choke"],"picked":"Prepared","floor":1},{"not_picked":["Sucker Punch","Poisoned Stab"],"picked":"Infinite Blades","floor":1},{"not_picked":["Prepared","Outmaneuver"],"picked":"Flying Knee","floor":2},{"not_picked":["Underhanded Strike","Outmaneuver","Bouncing Flask"],"picked":"SKIP","floor":2},{"not_picked":["Flying Knee","Tactician"],"picked":"Backflip","floor":3},{"not_picked":["Quick Slash","Blade Dance"],"picked":"Venomology","floor":3},{"not_picked":["A Thousand Cuts","Dagger Throw"],"picked":"Crippling Poison","floor":4},{"not_picked":["Bane","Dagger Throw"],"picked":"Deadly Poison","floor":4},{"not_picked":["Poisoned Stab","Blade Dance"],"picked":"Distraction","floor":6},{"not_picked":["Quick Slash","Leg Sweep"],"picked":"Bouncing Flask","floor":14},{"not_picked":["Reflex","Blade Dance","Eviscerate"],"picked":"SKIP","floor":14},{"not_picked":["Grand Finale","Storm of Steel"],"picked":"Venomology","floor":16},{"not_picked":["Finisher","Dagger Spray"],"picked":"Expertise+1","floor":18},{"not_picked":["Cloak And Dagger","Underhanded Strike","Expertise"],"picked":"SKIP","floor":18},{"not_picked":["Dagger Spray+1","All Out Attack"],"picked":"Escape Plan","floor":24},{"not_picked":["Prepared","Acrobatics","Unload"],"picked":"SKIP","floor":24},{"not_picked":["Deflect","Prepared"],"picked":"Bane+1","floor":27},{"not_picked":["Backstab+1","Caltrops+1","Backflip"],"picked":"SKIP","floor":27},{"not_picked":["Terror","Underhanded Strike+1"],"picked":"Crippling Poison","floor":31},{"not_picked":["Bane+1","Prepared","Dagger Throw+1"],"picked":"SKIP","floor":31},{"not_picked":["Storm of Steel","Grand Finale"],"picked":"After Image+1","floor":33},{"not_picked":["PiercingWail+1","Poisoned Stab+1"],"picked":"Quick Slash+1","floor":35},{"not_picked":["Backflip+1","Cloak And Dagger","Slice"],"picked":"SKIP","floor":35},{"not_picked":["Infinite Blades+1","Bane+1","Deflect+1"],"picked":"SKIP","floor":36},{"not_picked":["Dagger Throw","Bane+1","Backstab"],"picked":"SKIP","floor":36},{"not_picked":["Prepared","Cloak And Dagger"],"picked":"Tools of the Trade+1","floor":40},{"not_picked":["Heel Hook","Well Laid Plans+1","Blade Dance"],"picked":"SKIP","floor":41},{"not_picked":["Dagger Throw","Cloak And Dagger+1","Blade Dance"],"picked":"SKIP","floor":41},{"not_picked":["Flechettes","Poisoned Stab"],"picked":"Well Laid Plans+1","floor":42},{"not_picked":["Dodge and Roll+1","All Out Attack","Expertise"],"picked":"SKIP","floor":42},{"not_picked":["Heel Hook+1","Blade Dance+1"],"picked":"Acrobatics+1","floor":45},{"not_picked":["Dash","PiercingWail","Backstab"],"picked":"SKIP","floor":45},{"not_picked":["Prepared+1","Acrobatics+1"],"picked":"Footwork+1","floor":46},{"not_picked":["Poisoned Stab","Setup","Flying Knee+1"],"picked":"SKIP","floor":46},{"not_picked":["Flying Knee","Outmaneuver+1"],"picked":"After Image+1","floor":48},{"not_picked":["All Out Attack+1","Dodge and Roll","Outmaneuver+1"],"picked":"SKIP","floor":48}],"player_experience":341967,"relics_obtained":[{"floor":6,"key":"Smiling Mask"},{"floor":9,"key":"Paper Crane"},{"floor":26,"key":"Frozen Egg 2"},{"floor":40,"key":"Dead Branch"}],"event_choices":[{"cards_removed":["Strike_G"],"damage_healed":0,"gold_gain":0,"player_choice":"Card Removal","damage_taken":7,"max_hp_gain":0,"max_hp_loss":0,"event_name":"Golden Wing","floor":5,"gold_loss":0},{"damage_healed":0,"gold_gain":0,"player_choice":"LEAVE","damage_taken":0,"max_hp_gain":0,"max_hp_loss":0,"event_name":"betterThird:BetterScrap","floor":7,"gold_loss":0,"cards_obtained":["Dual Wield"]},{"damage_healed":0,"gold_gain":0,"player_choice":"Upgraded","damage_taken":0,"max_hp_gain":0,"max_hp_loss":0,"event_name":"Upgrade Shrine","floor":11,"gold_loss":0,"cards_upgraded":["Bullet Time"]},{"damage_healed":0,"gold_gain":0,"player_choice":"Ignored","damage_taken":0,"max_hp_gain":0,"max_hp_loss":0,"event_name":"Vampires","floor":19,"gold_loss":0},{"damage_healed":0,"gold_gain":0,"cards_transformed":["Defend_G","Strike_G"],"player_choice":"Became Test Subject","damage_taken":0,"max_hp_gain":0,"max_hp_loss":0,"event_name":"Drug Dealer","floor":21,"gold_loss":0,"cards_obtained":["Corpse Explosion","Dagger Spray"]},{"cards_removed":["Defend_G"],"damage_healed":0,"gold_gain":0,"player_choice":"Upgrade and Remove","damage_taken":0,"max_hp_gain":0,"max_hp_loss":0,"event_name":"Designer","floor":22,"gold_loss":90,"cards_upgraded":["Deadly Poison"]},{"damage_healed":0,"gold_gain":0,"player_choice":"Paid Fearfully","damage_taken":0,"max_hp_gain":0,"max_hp_loss":0,"event_name":"Masked Bandits","floor":29,"gold_loss":61},{"damage_healed":0,"gold_gain":3,"player_choice":"3","damage_taken":0,"max_hp_gain":0,"max_hp_loss":0,"event_name":"betterStone:BetterStone","floor":37,"gold_loss":0,"cards_obtained":["Well Laid Plans"]},{"damage_healed":0,"gold_gain":0,"player_choice":"Ignored","damage_taken":0,"max_hp_gain":0,"max_hp_loss":0,"event_name":"Tomb of Lord Red Mask","floor":38,"gold_loss":0},{"cards_removed":["Strike_G"],"damage_healed":0,"gold_gain":0,"player_choice":"Removed Attack","damage_taken":0,"max_hp_gain":0,"max_hp_loss":0,"event_name":"Falling","floor":39,"gold_loss":0}],"is_beta":false,"boss_relics":[{"not_picked":["Philosopher\u0027s Stone","Tiny House"],"picked":"Cursed Key"},{"not_picked":["WristBlade","Runic Pyramid"],"picked":"Empty Cage"}],"items_purged_floors":[20,44],"is_endless":false,"potions_floor_spawned":[1,2,12,24,31,33,36,42,45,48],"ascension_level":3}}