{"host":"hy86brpkenigfxlv","time":1609685452,"event":{"mods":["BaseMod","Bestiary","BetterRewards","Colored Map","Downfall","GifTheSpireLib","Hero for Fun","Jorbs\u0027s Wanderer Trilogy","Minty Spire (QoL Compilation)","Rare Cards Sparkle","Replay The Spire","StSLib","SuperFastMode","The Animator","The Cursed","The Disciple","The Necromancer","The Saiyan","The Servant 0.9.4"],"gold_per_floor":[16,100000,100017,100029,100043,100074,100074,100074,100074,100024,100100,100130,100141,100141,100153,100180,100180,100281,100281,100296,100313,100331,100331,100350,100380,100380,100024,100024,99110,99110,99122,99037,99037,99037,99134,99134,99146,98545,98557,98573,98125,98153,98218,98230,98242,98266,98278,98306,98332,98344,98356,98368,98380,98392,98084,98113,98113],"floor_reached":58,"playtime":1235,"items_purged":["Wear_Disguise","Ignore","Side_Hop+1","Slimebound:CheckThePlaybook+1","Languid"],"score":1954,"play_id":"dca4f2da-d3bd-4ff1-965f-112bab72dd84","local_time":"20210103225052","is_ascension_mode":false,"campfire_choices":[{"floor":9,"key":"RECALL"},{"data":"Side_Hop","floor":17,"key":"SMITH"},{"data":"Slimebound:CheckThePlaybook","floor":26,"key":"SMITH"},{"data":"ReplayTheSpireMod:Private Reserves","floor":30,"key":"SMITH"},{"data":"expansioncontent:Corrupt","floor":34,"key":"SMITH"},{"data":"1","floor":44,"key":"LIFT"},{"data":"2","floor":47,"key":"LIFT"},{"data":"3","floor":51,"key":"LIFT"},{"data":"Terrifying_Presence","floor":54,"key":"SMITH"}],"circlet_count":0,"master_deck":["Strike_Y","Strike_Y","Strike_Y","Strike_Y","Strike_Y","Defend_Y","Defend_Y","Defend_Y","Defend_Y","Defend_Y","Toss_Stone","Consecutive_Normal_Punch","Normal_Punch","Serious_Side_Hops","expansioncontent:Corrupt+1","expansioncontent:HyperBeam","ReplayTheSpireMod:Private Reserves+1","Serious_Punch","Violence","Terrifying_Presence+1","Consecutive_Normal_Punch+1","Get_Hopes_Up"],"relics":["Cape","Calipers","Pen Nib","Ring of Fangs","Lantern","ChewingGum","Mirror","Pantograph","Replay:Towering Pillar of Hats","ReplayTheSpireMod:Ninjato","ClockworkSouvenir","War Paint","MutagenicStrength","Black Star","Replay:Kaleidoscope","Girya","MawBank","Simple Rune","Replay:Mystery Machine","Pear","ReplayTheSpireMod:TigerMarble","ReplayTheSpireMod:Lightbulb","Centennial Puzzle"],"acts_visited":["Exordium","TheCity","TheBeyond","TheEnding"],"potions_floor_usage":[],"damage_taken":[{"damage":0,"enemies":"Small Slimes","floor":1,"turns":1},{"damage":0,"enemies":"Jaw Worm","floor":3,"turns":1},{"damage":0,"enemies":"2 Louse","floor":4,"turns":1},{"damage":0,"enemies":"Exordium Wildlife","floor":5,"turns":1},{"damage":0,"enemies":"Replay:BlueRogue","floor":6,"turns":1},{"damage":0,"enemies":"Gremlin Nob","floor":12,"turns":1},{"damage":0,"enemies":"Blue Slaver","floor":13,"turns":1},{"damage":0,"enemies":"3 Louse","floor":15,"turns":2},{"damage":0,"enemies":"Replay:BlueRogue","floor":16,"turns":1},{"damage":0,"enemies":"The Guardian","floor":18,"turns":1},{"damage":0,"enemies":"Chosen","floor":20,"turns":1},{"damage":0,"enemies":"Spheric Guardian","floor":21,"turns":1},{"damage":0,"enemies":"Cultist and Chosen","floor":22,"turns":1},{"damage":0,"enemies":"Chosen and Byrds","floor":24,"turns":1},{"damage":0,"enemies":"Slavers","floor":25,"turns":2},{"damage":0,"enemies":"3 Cultists","floor":31,"turns":2},{"damage":0,"enemies":"Pondfish","floor":35,"turns":3},{"damage":0,"enemies":"Orb Walker","floor":37,"turns":1},{"damage":0,"enemies":"3 Darklings","floor":39,"turns":1},{"damage":0,"enemies":"4 Shapes","floor":40,"turns":1},{"damage":0,"enemies":"R_Hoarder","floor":42,"turns":1},{"damage":0,"enemies":"Spire Growth","floor":46,"turns":1},{"damage":0,"enemies":"Writhing Mass","floor":48,"turns":1},{"damage":0,"enemies":"Sphere and 2 Shapes","floor":49,"turns":2},{"damage":0,"enemies":"Awakened One","floor":52,"turns":2},{"damage":0,"enemies":"Shield and Spear","floor":56,"turns":1},{"damage":0,"enemies":"The Heart","floor":57,"turns":3}],"seed_played":"-207964095417547522","potions_obtained":[{"floor":1,"key":"BlessingOfTheForge"},{"floor":5,"key":"DuplicationPotion"},{"floor":6,"key":"Adrenaline Potion"},{"floor":13,"key":"PowerPotion"}],"is_trial":false,"path_per_floor":["M","?","M","M","M","E","PTL","PTL","R","?","T","E","M","?","M","E","R","B",null,"M","M","M","?","M","E","R","$","T","$","R","M","?","?","R","B",null,"M","$","M","M","$","E","?","R","T","M","R","M","M","?","R_BF","B",null,"R","$","E","B",null],"character_chosen":"OPM","items_purchased":["expansioncontent:Corrupt","expansioncontent:HyperBeam","Replay:Towering Pillar of Hats","ReplayTheSpireMod:Ninjato","ClockworkSouvenir","ReplayTheSpireMod:Private Reserves","Violence","Replay:Kaleidoscope","Girya","ReplayTheSpireMod:TigerMarble"],"campfire_rested":0,"item_purchase_floors":[27,27,29,29,29,29,38,38,41,55],"current_hp_per_floor":[1098,1098,1098,1098,1098,1098,1098,1098,1098,1098,1098,1098,1098,1098,1098,1098,1098,1098,1098,1098,1098,1098,1098,1098,1098,1098,1098,1098,1098,1098,1098,1098,1098,1098,1098,1098,1098,1098,1098,1098,1098,1098,1098,1098,1108,1108,1108,1108,1108,1053,1053,1053,1053,1053,1053,1053,1053],"gold":98113,"neow_bonus":"TEN_PERCENT_HP_BONUS","is_daily":false,"chose_seed":false,"campfire_upgraded":5,"win_rate":0.0,"timestamp":1609685452,"path_taken":["M","?","M","M","M","E","PTL","PTL","R","?","T","E","M","?","M","E","R","BOSS","M","M","M","?","M","E","R","$","T","$","R","M","?","?","R","BOSS","M","$","M","M","$","E","?","R","T","M","R","M","M","?","R_BF","BOSS","R","$","E","BOSS"],"items_purchased_type":["Card","Card","Relic","Relic","Relic","Card","Card","Relic","Relic","Relic"],"build_version":"2020-12-22","purchased_purges":5,"victory":true,"max_hp_per_floor":[1098,1098,1098,1098,1098,1098,1098,1098,1098,1098,1098,1098,1098,1098,1098,1098,1098,1098,1098,1098,1098,1098,1098,1098,1098,1098,1098,1098,1098,1098,1098,1098,1098,1098,1098,1098,1098,1098,1098,1098,1098,1098,1098,1098,1108,1108,1108,1108,1108,1053,1053,1053,1053,1053,1053,1053,1053],"card_choices":[{"not_picked":["Hop","Slap"],"picked":"Toss_Stone","floor":1},{"not_picked":["Normal_Punch","Toss_Stone"],"picked":"Consecutive_Normal_Punch","floor":3},{"not_picked":["Hop","Slap"],"picked":"Yawn","floor":4},{"not_picked":["Slap","Wear_Disguise"],"picked":"Side_Hop","floor":5},{"not_picked":["Normal_Punch","Toss_Stone"],"picked":"Wear_Disguise","floor":6},{"not_picked":["Wear_Disguise","Consecutive_Normal_Punch","Hop"],"picked":"SKIP","floor":12},{"not_picked":["Toss_Stone","Slap"],"picked":"Ignore","floor":13},{"not_picked":["Do_Nothing","Yawn"],"picked":"Normal_Punch","floor":15},{"not_picked":["Slap","Do_Nothing","Yawn"],"picked":"SKIP","floor":16},{"not_picked":["Oh","Hip_Strike"],"picked":"Serious_Side_Hops","floor":18},{"not_picked":["Do_Nothing","Toss_Stone","Wear_Disguise"],"picked":"SKIP","floor":20},{"not_picked":["Toss_Stone","Slap","Ignore"],"picked":"SKIP","floor":21},{"not_picked":["Yawn+1","Side_Hop+1","Slap"],"picked":"SKIP","floor":22},{"not_picked":["Oh","Hop","Wear_Disguise"],"picked":"SKIP","floor":24},{"not_picked":["Side_Hop","Ignore+1","Hop"],"picked":"SKIP","floor":25},{"not_picked":["Hop","Yawn","Slap"],"picked":"SKIP","floor":31},{"not_picked":["Terrifying_Presence","Hip_Strike"],"picked":"Serious_Punch","floor":35},{"not_picked":["Side_Hop+1","Hop","Slap"],"picked":"SKIP","floor":37},{"not_picked":["Yawn+1","Ignore","Slap"],"picked":"SKIP","floor":39},{"not_picked":["Toss_Stone+1","Normal_Punch+1","Side_Hop"],"picked":"SKIP","floor":40},{"not_picked":["Ignore+1","Yawn+1","Side_Hop"],"picked":"SKIP","floor":42},{"not_picked":["Do_Nothing+1","Yawn"],"picked":"Terrifying_Presence","floor":43},{"not_picked":["Wear_Disguise","Toss_Stone+1","Yawn"],"picked":"SKIP","floor":46},{"not_picked":["Normal_Punch","Side_Hop+1"],"picked":"Consecutive_Normal_Punch+1","floor":48},{"not_picked":["Toss_Stone","Consecutive_Normal_Punch","Wear_Disguise+1"],"picked":"SKIP","floor":49},{"not_picked":["Toss_Stone+1","Consecutive_Normal_Punch+1"],"picked":"Get_Hopes_Up","floor":56}],"player_experience":22963,"relics_obtained":[{"floor":6,"key":"Calipers"},{"floor":12,"key":"Pen Nib"},{"floor":14,"key":"Ring of Fangs"},{"floor":16,"key":"Lantern"},{"floor":25,"key":"Mirror"},{"floor":28,"key":"Pantograph"},{"floor":42,"key":"MawBank"},{"floor":42,"key":"Simple Rune"},{"floor":43,"key":"Replay:Mystery Machine"},{"floor":45,"key":"Pear"},{"floor":56,"key":"ReplayTheSpireMod:Lightbulb"},{"floor":56,"key":"Centennial Puzzle"}],"event_choices":[{"damage_healed":0,"gold_gain":0,"player_choice":"Left Gold","damage_taken":0,"max_hp_gain":0,"max_hp_loss":0,"event_name":"World of Goop","floor":2,"gold_loss":16},{"cards_removed":["Yawn"],"damage_healed":0,"gold_gain":0,"player_choice":"Card Removal","damage_taken":0,"max_hp_gain":0,"max_hp_loss":0,"event_name":"The Cleric","floor":10,"gold_loss":50},{"damage_healed":0,"gold_gain":0,"player_choice":"Obtained Relic","damage_taken":0,"relics_obtained":["War Paint"],"max_hp_gain":0,"max_hp_loss":0,"event_name":"Addict","floor":32,"gold_loss":85},{"damage_healed":0,"gold_gain":0,"player_choice":"Inject Mutagens","damage_taken":0,"relics_obtained":["MutagenicStrength"],"max_hp_gain":0,"max_hp_loss":0,"event_name":"Drug Dealer","floor":33,"gold_loss":0},{"damage_healed":0,"gold_gain":0,"player_choice":"Max HP","damage_taken":0,"max_hp_gain":0,"max_hp_loss":55,"event_name":"Winding Halls","floor":50,"gold_loss":0}],"is_beta":false,"boss_relics":[{"not_picked":["Replay:Grab Bag","Kintsugi"],"picked":"ChewingGum"},{"not_picked":["Fusion Hammer","Replay:Drink Me"],"picked":"Black Star"}],"items_purged_floors":[27,29,38,41,55],"is_endless":false,"potions_floor_spawned":[1,5,6,13,24,25,35,39,46,48,49],"ascension_level":0}}