{"host":"wuk1ltmmka824l9y","time":1609645168,"event":{"mods":["AchievementEnabler","BaseMod","Custom Start","DeckTracker","Minty Spire (QoL Compilation)","Quick Restart","StSLib","SuperFastMode"],"gold_per_floor":[118,133,149,160,175,175,202,202,202,217,217,243,7,19,19,114,114,131,148,61,61,81,109,109,140,187,187,187,187,98,114,114,214,214,229,229,38,88,88,88,138,138,138,158,178,178,50,50,50,50],"floor_reached":51,"playtime":1773,"items_purged":["Strike_G","Strike_G","Strike_G"],"score":941,"play_id":"4c09899e-93cf-413c-a612-7d2c5e036c05","local_time":"20210103123928","is_ascension_mode":true,"campfire_choices":[{"data":"Cloak And Dagger","floor":6.0,"key":"SMITH"},{"data":"Blade Dance","floor":11.0,"key":"SMITH"},{"data":"Accuracy","floor":15.0,"key":"SMITH"},{"data":"1","floor":24,"key":"LIFT"},{"data":"2","floor":27,"key":"LIFT"},{"data":"3","floor":32,"key":"LIFT"},{"data":"Accuracy","floor":40,"key":"SMITH"},{"data":"Phantasmal Killer","floor":42,"key":"SMITH"},{"data":"Wraith Form v2","floor":46,"key":"SMITH"},{"data":"Panacea","floor":49,"key":"SMITH"}],"circlet_count":0,"master_deck":["Strike_G","Strike_G","Defend_G","Defend_G","Defend_G","Defend_G","Defend_G","Survivor","Neutralize","Quick Slash","Escape Plan","Blade Dance+1","Prepared","Cloak And Dagger+1","Prepared","Underhanded Strike","Accuracy+1","Blade Dance","Phantasmal Killer+1","Footwork","Flechettes+1","Flechettes","Cloak And Dagger+1","Accuracy+1","Blade Dance","Wraith Form v2+1","PiercingWail","Terror","Panacea+1"],"relics":["Ring of the Snake","Tiny Chest","Incense Burner","White Beast Statue","Membership Card","WristBlade","Girya","Oddly Smooth Stone","Bag of Marbles","Sundial","SlaversCollar","HandDrill","Vajra","TungstenRod","Unceasing Top","Lantern","Kunai"],"acts_visited":["Exordium","TheCity","TheBeyond"],"potions_floor_usage":[23,25,25,30,41,41,50,50],"damage_taken":[{"damage":1.0,"enemies":"Cultist","floor":1.0,"turns":4.0},{"damage":4.0,"enemies":"Jaw Worm","floor":2.0,"turns":4.0},{"damage":0.0,"enemies":"Small Slimes","floor":3.0,"turns":3.0},{"damage":1.0,"enemies":"2 Fungi Beasts","floor":4.0,"turns":3.0},{"damage":8.0,"enemies":"3 Louse","floor":5.0,"turns":4.0},{"damage":22.0,"enemies":"Gremlin Nob","floor":7.0,"turns":4.0},{"damage":18.0,"enemies":"Large Slime","floor":10.0,"turns":7.0},{"damage":21.0,"enemies":"Lagavulin","floor":12.0,"turns":4.0},{"damage":1.0,"enemies":"2 Fungi Beasts","floor":14.0,"turns":2.0},{"damage":0.0,"enemies":"Slime Boss","floor":16.0,"turns":4.0},{"damage":2.0,"enemies":"Shell Parasite","floor":18.0,"turns":2.0},{"damage":2.0,"enemies":"2 Thieves","floor":19.0,"turns":3.0},{"damage":0.0,"enemies":"Sentry and Sphere","floor":22.0,"turns":2.0},{"damage":18,"enemies":"Book of Stabbing","floor":23,"turns":3},{"damage":14,"enemies":"Gremlin Leader","floor":25,"turns":6},{"damage":0,"enemies":"Shelled Parasite and Fungi","floor":31,"turns":1},{"damage":3,"enemies":"Automaton","floor":33,"turns":4},{"damage":0,"enemies":"Orb Walker","floor":35,"turns":1},{"damage":1,"enemies":"Mind Bloom Boss Battle","floor":38,"turns":3},{"damage":0,"enemies":"2 Orb Walkers","floor":41,"turns":1},{"damage":0,"enemies":"3 Shapes","floor":44,"turns":3},{"damage":0,"enemies":"Sphere and 2 Shapes","floor":45,"turns":1},{"damage":4,"enemies":"Time Eater","floor":50,"turns":9}],"seed_played":"3015743262417856229","potions_obtained":[{"floor":4.0,"key":"DuplicationPotion"},{"floor":10.0,"key":"SkillPotion"},{"floor":12.0,"key":"Explosive Potion"},{"floor":14.0,"key":"SteroidPotion"},{"floor":16.0,"key":"SpeedPotion"},{"floor":18.0,"key":"SneckoOil"},{"floor":19.0,"key":"Swift Potion"},{"floor":22.0,"key":"PowerPotion"},{"floor":23,"key":"Block Potion"},{"floor":25,"key":"Fruit Juice"},{"floor":31,"key":"Fire Potion"},{"floor":33,"key":"GhostInAJar"},{"floor":35,"key":"BlessingOfTheForge"},{"floor":41,"key":"GhostInAJar"},{"floor":44,"key":"Weak Potion"},{"floor":45,"key":"PowerPotion"}],"is_trial":false,"path_per_floor":["M","M","M","M","M","R","E","?","T","M","R","E","$","M","R","B",null,"M","M","$","?","M","E","R","E","T","R","T","?","$","M","R","B",null,"M","?","$","?","T","R","?","R","T","M","M","R","$","?","R","B",null],"character_chosen":"THE_SILENT","items_purchased":["Membership Card","Accuracy","Footwork","Blade Dance","HandDrill","Vajra","Terror","Kunai"],"campfire_rested":0,"item_purchase_floors":[13,13,20,30,37,37,37,47],"current_hp_per_floor":[69,65,65,64,56,56,34,80,80,62,62,41,41,40,40,40,70,68,66,66,66,66,48,48,34,34,34,34,34,39,39,39,36,73,73,73,73,72,72,72,72,72,72,72,72,72,72,72,72,68],"gold":50,"neow_bonus":"ONE_RANDOM_RARE_CARD","is_daily":false,"chose_seed":false,"campfire_upgraded":7,"win_rate":0.0,"timestamp":1609645168,"path_taken":["M","M","M","M","M","R","E","?","T","M","R","E","?","M","R","BOSS","M","M","$","?","M","E","R","E","T","R","?","?","$","M","R","BOSS","M","?","$","?","?","R","?","R","T","M","M","R","$","?","R","BOSS"],"items_purchased_type":["Relic","Card","Card","Card","Relic","Relic","Card","Relic"],"build_version":"2020-12-22","purchased_purges":3,"victory":true,"max_hp_per_floor":[70,70,70,70,70,70,70,80,80,80,80,80,80,80,80,80,80,80,80,80,80,80,80,80,80,80,80,80,80,85,85,85,85,85,85,85,85,85,85,85,85,85,85,85,85,85,85,85,85,85],"card_choices":[{"not_picked":["Dodge and Roll","Slice"],"picked":"Quick Slash","floor":1.0},{"not_picked":["Deflect","PiercingWail"],"picked":"Escape Plan","floor":2.0},{"not_picked":["Sucker Punch","Dagger Throw"],"picked":"Blade Dance","floor":3.0},{"not_picked":["Poisoned Stab","Flying Knee"],"picked":"Prepared","floor":4.0},{"not_picked":["Calculated Gamble","Backflip"],"picked":"Cloak And Dagger","floor":5.0},{"not_picked":["Doppelganger","All Out Attack","Quick Slash"],"picked":"SKIP","floor":7.0},{"not_picked":["Leg Sweep","Endless Agony"],"picked":"Prepared","floor":10.0},{"not_picked":["Poisoned Stab","Distraction"],"picked":"Underhanded Strike","floor":12.0},{"not_picked":["Acrobatics","Underhanded Strike"],"picked":"Blade Dance","floor":14.0},{"not_picked":["Venomology","Unload"],"picked":"Phantasmal Killer","floor":16.0},{"not_picked":["Deadly Poison","Sucker Punch","Predator"],"picked":"SKIP","floor":18.0},{"not_picked":["Dagger Throw","Expertise","Poisoned Stab+1"],"picked":"SKIP","floor":19.0},{"not_picked":["Bane+1","Dagger Spray"],"picked":"Flechettes+1","floor":22.0},{"not_picked":["Sucker Punch","Malaise"],"picked":"Flechettes","floor":23},{"not_picked":["Blade Dance","Blur"],"picked":"Cloak And Dagger+1","floor":25},{"not_picked":["Quick Slash","Bane","Riddle With Holes"],"picked":"SKIP","floor":31},{"not_picked":["Envenom","Storm of Steel"],"picked":"Wraith Form v2","floor":33},{"not_picked":["Dagger Throw+1","Deadly Poison+1"],"picked":"PiercingWail","floor":35},{"not_picked":["Dagger Spray+1","Noxious Fumes+1","Masterful Stab"],"picked":"SKIP","floor":44},{"not_picked":["Dodge and Roll","Reflex+1","Backstab"],"picked":"SKIP","floor":45},{"not_picked":["Bandage Up","Enlightenment"],"picked":"Panacea","floor":48}],"player_experience":332843,"relics_obtained":[{"floor":7.0,"key":"Tiny Chest"},{"floor":9.0,"key":"Incense Burner"},{"floor":12.0,"key":"White Beast Statue"},{"floor":23,"key":"Girya"},{"floor":25,"key":"Oddly Smooth Stone"},{"floor":26,"key":"Bag of Marbles"},{"floor":28,"key":"Sundial"},{"floor":38,"key":"TungstenRod"},{"floor":41,"key":"Unceasing Top"},{"floor":43,"key":"Lantern"}],"event_choices":[{"cards_removed":["Doppelganger"],"damage_healed":36.0,"max_hp_gain":10.0,"max_hp_loss":0.0,"gold_gain":0.0,"event_name":"Bonfire Elementals","player_choice":"Offered Rare","floor":8.0,"gold_loss":0.0,"damage_taken":0.0},{"damage_healed":0.0,"max_hp_gain":0.0,"max_hp_loss":0.0,"gold_gain":0.0,"event_name":"Ghosts","player_choice":"Ignored","floor":21.0,"gold_loss":0.0,"damage_taken":0.0},{"damage_healed":0,"gold_gain":0,"player_choice":"Read","damage_taken":0,"max_hp_gain":0,"max_hp_loss":0,"event_name":"The Library","floor":29,"gold_loss":0,"cards_obtained":["Accuracy"]},{"damage_healed":0,"gold_gain":0,"player_choice":"Ignored","damage_taken":0,"max_hp_gain":0,"max_hp_loss":0,"event_name":"Tomb of Lord Red Mask","floor":36,"gold_loss":0},{"damage_healed":0,"gold_gain":0,"player_choice":"Fight","damage_taken":0,"max_hp_gain":0,"max_hp_loss":0,"event_name":"MindBloom","floor":38,"gold_loss":0},{"damage_healed":0,"gold_gain":0,"player_choice":"Fight","damage_taken":0,"max_hp_gain":0,"max_hp_loss":0,"event_name":"Mysterious Sphere","floor":41,"gold_loss":0},{"damage_healed":0,"gold_gain":0,"player_choice":"Memory 1","damage_taken":0,"max_hp_gain":0,"max_hp_loss":0,"event_name":"SensoryStone","floor":48,"gold_loss":0}],"is_beta":false,"boss_relics":[{"not_picked":["Coffee Dripper","Busted Crown"],"picked":"WristBlade"},{"not_picked":["Pandora\u0027s Box","Tiny House"],"picked":"SlaversCollar"}],"items_purged_floors":[13,20,30],"is_endless":false,"potions_floor_spawned":[4,10,12,14,16,18,19,22,23,25,31,33,35,38,41,44,45],"ascension_level":5}}