{"host":"lxgv1wbl12oya7hr","time":1609673609,"event":{"mods":["BaseMod","Minty Spire (QoL Compilation)","Permanent Neow","StSLib"],"gold_per_floor":[165,8,24,24,0,26,26,36,36,49,49,80,80,111,111,111,111],"floor_reached":16,"playtime":625,"items_purged":[],"score":124,"play_id":"91a0fd8e-4a17-4bb8-96d0-1862aded1eb1","local_time":"20210103033329","is_ascension_mode":true,"campfire_choices":[{"data":"Strike_R","floor":7,"key":"PURGE"},{"data":"Strike_R","floor":11,"key":"PURGE"},{"data":"Strike_R","floor":13,"key":"PURGE"},{"data":"Defend_R","floor":15,"key":"PURGE"}],"circlet_count":0,"master_deck":["Strike_R+1","Strike_R","Defend_R","Defend_R","Defend_R","Bash","Thunderclap","Iron Wave","Anger","Iron Wave","Flash of Steel","Pommel Strike","Rampage","Flex","Berserk"],"relics":["Tiny House","Membership Card","Peace Pipe","Potion Belt","Sundial"],"acts_visited":["Exordium"],"potions_floor_usage":[6,10,12,14,16],"damage_taken":[{"damage":3,"enemies":"Jaw Worm","floor":1,"turns":4},{"damage":0,"enemies":"Cultist","floor":3,"turns":2},{"damage":30,"enemies":"Lagavulin","floor":6,"turns":5},{"damage":0,"enemies":"Small Slimes","floor":8,"turns":2},{"damage":0,"enemies":"Exordium Wildlife","floor":10,"turns":1},{"damage":14,"enemies":"Gremlin Nob","floor":12,"turns":3},{"damage":18,"enemies":"Lagavulin","floor":14,"turns":5},{"damage":26,"enemies":"Hexaghost","floor":16,"turns":8}],"seed_played":"5537990805620475790","potions_obtained":[{"floor":0,"key":"AttackPotion"},{"floor":6,"key":"Explosive Potion"},{"floor":8,"key":"BlessingOfTheForge"},{"floor":14,"key":"AttackPotion"}],"is_trial":false,"path_per_floor":["M","$","M","?","$","E","R","M","T","M","R","E","R","E","R","B"],"character_chosen":"IRONCLAD","items_purchased":["Membership Card","Anger","Explosive Potion"],"campfire_rested":0,"item_purchase_floors":[2,2,5],"current_hp_per_floor":[82,82,82,82,82,52,52,52,52,52,52,38,38,20,20,0,0],"gold":111,"neow_bonus":"BOSS_RELIC","is_daily":false,"chose_seed":false,"campfire_upgraded":0,"win_rate":0.0,"timestamp":1609673609,"path_taken":["M","$","M","?","?","E","R","M","T","M","R","E","R","E","R","BOSS"],"items_purchased_type":["Relic","Card","Potion"],"build_version":"2020-12-22","purchased_purges":0,"victory":false,"max_hp_per_floor":[85,85,85,85,85,85,85,85,85,85,85,85,85,85,85,85,85],"card_choices":[{"not_picked":["Headbutt","Disarm"],"picked":"Thunderclap","floor":0},{"not_picked":["Perfected Strike","Thunderclap"],"picked":"Iron Wave","floor":1},{"not_picked":["Havoc","Spot Weakness"],"picked":"Iron Wave","floor":3},{"not_picked":["Carnage","Pummel"],"picked":"Pommel Strike","floor":6},{"not_picked":["Perfected Strike","Hemokinesis"],"picked":"Rampage","floor":8},{"not_picked":["Flame Barrier","Warcry"],"picked":"Flex","floor":10},{"not_picked":["Dual Wield","Intimidate","Clothesline"],"picked":"SKIP","floor":12},{"not_picked":["Clash","Sentinel"],"picked":"Berserk","floor":14}],"player_experience":2238051,"relics_obtained":[{"floor":6,"key":"Peace Pipe"},{"floor":12,"key":"Potion Belt"},{"floor":14,"key":"Sundial"}],"event_choices":[{"damage_healed":0,"gold_gain":0,"player_choice":"1 cards matched","damage_taken":0,"max_hp_gain":0,"max_hp_loss":0,"event_name":"Match and Keep!","floor":4,"gold_loss":0,"cards_obtained":["Flash of Steel"]}],"is_beta":false,"boss_relics":[],"items_purged_floors":[],"is_endless":false,"potions_floor_spawned":[6,8,14],"killed_by":"Hexaghost","ascension_level":1}}