{"host":"56ghxnzsglgdq727","time":1609657005,"event":{"mods":["AchievementEnabler","BaseMod","Downfall","Minty Spire (QoL Compilation)","StSLib"],"gold_per_floor":[349,368,380,391,391,406,454,464,464,464,499,499,599,52,63,63,63,63],"floor_reached":16,"playtime":720,"items_purged":["champ:Execute+1"],"score":102,"play_id":"be8a8ce0-ce1f-4d68-b3a2-6734a2223f8b","local_time":"20210103015645","is_ascension_mode":false,"campfire_choices":[{"data":"champ:Execute","floor":1,"key":"SMITH"},{"data":"champ:Duel","floor":10,"key":"SMITH"},{"floor":12,"key":"REST"}],"circlet_count":0,"master_deck":["champ:Strike","champ:Strike","champ:Strike","champ:Strike","champ:Defend","champ:Defend","champ:Defend","champ:Defend","champ:Taunt","champ:BladeFlurry","champ:RisingSlash","champ:Duel+1","champ:RisingSlash","champ:IgnorePain","champ:GladiatorsShout","champ:CrownThrow","champ:GladiatorsShout","champ:Shatter","Violence","champ:BerserkersShout"],"relics":["champ:ChampionCrown","downfall:BrokenWingStatue","Tiny Chest","Anchor","champ:FightingForDummies","Champion Belt","Vajra"],"acts_visited":["Exordium"],"potions_floor_usage":[11,11],"damage_taken":[{"damage":22,"enemies":"Cultist","floor":2,"turns":4},{"damage":11,"enemies":"Jaw Worm","floor":3,"turns":5},{"damage":12,"enemies":"2 Louse","floor":4,"turns":3},{"damage":8,"enemies":"Exordium Wildlife","floor":6,"turns":4},{"damage":0,"enemies":"Blue Slaver","floor":8,"turns":2},{"damage":33,"enemies":"3 Sentries","floor":11,"turns":6},{"damage":37,"enemies":"3 Sentries","floor":13,"turns":5},{"damage":16,"enemies":"downfall:FleeingMerchant","floor":14,"turns":4},{"damage":10,"enemies":"Exordium Thugs","floor":15,"turns":4},{"damage":8,"enemies":"downfall:Watcher","floor":16,"turns":4}],"seed_played":"-4771099882725365392","potions_obtained":[{"floor":6,"key":"champ:OpenerPotion"},{"floor":8,"key":"AttackPotion"}],"is_trial":false,"path_per_floor":["R","M","M","M","?","M","T","M","T","R","E","R","?","$","M","B"],"character_chosen":"THE_CHAMP","items_purchased":["champ:GladiatorsShout","champ:Shatter","Violence","Vajra"],"campfire_rested":1,"item_purchase_floors":[14,14,14,14],"current_hp_per_floor":[63,51,45,38,38,30,30,30,30,30,11,38,20,15,5,0,0,0],"gold":63,"neow_bonus":"TWO_FIFTY_GOLD","is_daily":false,"chose_seed":false,"campfire_upgraded":2,"win_rate":0.0,"timestamp":1609657005,"path_taken":["R","M","M","?","?","M","T","M","?","R","E","R","?","$","M","BOSS"],"items_purchased_type":["Card","Card","Card","Relic"],"build_version":"2020-12-22","purchased_purges":1,"victory":false,"max_hp_per_floor":[90,90,90,90,90,90,90,90,90,90,90,90,90,90,90,90,90,90],"card_choices":[{"not_picked":["champ:GladiatorsShout","champ:BerserkersShout"],"picked":"champ:BladeFlurry","floor":2},{"not_picked":["champ:GutPunch","champ:FanOfKnives","champ:PerfectedStrike"],"picked":"SKIP","floor":3},{"not_picked":["champ:CrookedStrike","champ:Lariat"],"picked":"champ:RisingSlash","floor":4},{"not_picked":["champ:FalseCounter","champ:SkillfulDodge"],"picked":"champ:Duel","floor":6},{"not_picked":["champ:BladeFlurry","champ:CrookedStrike"],"picked":"champ:RisingSlash","floor":8},{"not_picked":["champ:CrookedStrike","champ:FaceSlap"],"picked":"champ:IgnorePain","floor":11},{"not_picked":["champ:FanOfKnives","champ:RapidStrikes"],"picked":"champ:GladiatorsShout","floor":13},{"not_picked":["champ:BerserkerStyle","champ:Circumvent"],"picked":"champ:CrownThrow","floor":14},{"not_picked":["champ:ArenaPreparation","champ:Shatter"],"picked":"champ:BerserkersShout","floor":15}],"player_experience":101696,"relics_obtained":[{"floor":7,"key":"Tiny Chest"},{"floor":9,"key":"Anchor"},{"floor":11,"key":"champ:FightingForDummies"},{"floor":13,"key":"Champion Belt"}],"event_choices":[],"is_beta":false,"boss_relics":[],"items_purged_floors":[14],"is_endless":false,"potions_floor_spawned":[6,8],"killed_by":"downfall:Watcher","ascension_level":0}}