{"host":"9l4mw5jqza9qz9hr","time":1609665679,"event":{"mods":["AchievementEnabler","Always Whale","BaseMod","Colored Map","Minty Spire (QoL Compilation)","StSLib","SuperFastMode"],"gold_per_floor":[117,117,117,131,145,174,191,223,277,277,311,88,88,88],"floor_reached":13,"playtime":432,"items_purged":["Defend_R"],"score":129,"play_id":"9ba30106-2fb5-4e84-820e-6d74bce55639","local_time":"20210103182119","is_ascension_mode":true,"campfire_choices":[{"data":"Armaments","floor":10,"key":"SMITH"}],"circlet_count":0,"master_deck":["Strike_R","Strike_R","Strike_R","Strike_R","Strike_R","Defend_R","Defend_R","Defend_R","Bash","Injury","Immolate","Perfected Strike","Armaments+1","Feel No Pain","Wild Strike","Second Wind","Ghostly Armor","Disarm"],"relics":["Burning Blood","SsserpentHead","Strawberry","Pantograph","Oddly Smooth Stone","Potion Belt","Bag of Preparation"],"acts_visited":["Exordium"],"potions_floor_usage":[11,13],"damage_taken":[{"damage":14.0,"enemies":"Small Slimes","floor":1.0,"turns":4.0},{"damage":0.0,"enemies":"2 Louse","floor":4.0,"turns":1.0},{"damage":6.0,"enemies":"Cultist","floor":5.0,"turns":3.0},{"damage":32.0,"enemies":"Gremlin Nob","floor":6.0,"turns":4.0},{"damage":6.0,"enemies":"Looter","floor":7.0,"turns":2.0},{"damage":40,"enemies":"Lagavulin","floor":8,"turns":5},{"damage":4,"enemies":"3 Sentries","floor":11,"turns":5},{"damage":36,"enemies":"Lagavulin","floor":13,"turns":6}],"seed_played":"3674896554964781964","potions_obtained":[{"floor":6.0,"key":"EssenceOfSteel"},{"floor":7,"key":"Fire Potion"}],"is_trial":false,"path_per_floor":["M","?","?","M","M","E","M","E","T","R","E","$","E"],"character_chosen":"IRONCLAD","items_purchased":["Bag of Preparation"],"campfire_rested":0,"item_purchase_floors":[12],"current_hp_per_floor":[72,72,72,78,78,59,59,25,25,25,27,27,0,0],"gold":88,"neow_bonus":"THREE_RARE_CARDS","is_daily":false,"chose_seed":false,"campfire_upgraded":1,"win_rate":0.0,"timestamp":1609665679,"path_taken":["M","?","?","M","M","E","M","E","T","R","E","$","E"],"items_purchased_type":["Relic"],"build_version":"2020-12-22","purchased_purges":1,"victory":false,"max_hp_per_floor":[80,80,80,80,80,87,87,87,87,87,87,87,87,87],"card_choices":[{"not_picked":["Bludgeon","Juggernaut"],"picked":"Immolate","floor":0.0},{"not_picked":["Second Wind","Reckless Charge"],"picked":"Perfected Strike","floor":1.0},{"not_picked":["Shockwave","Evolve"],"picked":"Armaments","floor":4.0},{"not_picked":["Warcry","Dark Embrace"],"picked":"Feel No Pain","floor":5.0},{"not_picked":["Twin Strike","Feel No Pain"],"picked":"Wild Strike","floor":6.0},{"not_picked":["Twin Strike","Cleave"],"picked":"Second Wind","floor":7},{"not_picked":["Body Slam","Combust"],"picked":"Ghostly Armor","floor":8},{"not_picked":["Spot Weakness","Armaments"],"picked":"Disarm","floor":11}],"player_experience":149947,"relics_obtained":[{"floor":6.0,"key":"Strawberry"},{"floor":8,"key":"Pantograph"},{"floor":9,"key":"Oddly Smooth Stone"},{"floor":11,"key":"Potion Belt"}],"event_choices":[{"damage_healed":0.0,"max_hp_gain":0.0,"max_hp_loss":0.0,"gold_gain":0.0,"event_name":"Liars Game","player_choice":"Ignored","floor":2.0,"gold_loss":0.0,"damage_taken":0.0},{"damage_healed":0.0,"max_hp_gain":0.0,"max_hp_loss":0.0,"gold_gain":0.0,"event_name":"FaceTrader","player_choice":"Trade","floor":3.0,"gold_loss":0.0,"damage_taken":0.0,"relics_obtained":["SsserpentHead"]}],"is_beta":false,"boss_relics":[],"items_purged_floors":[12],"is_endless":false,"potions_floor_spawned":[6,7],"killed_by":"Lagavulin","ascension_level":5}}