{"host":"55yei7x27djrlaep","time":1609691951,"event":{"mods":["Act Like it!","Aspiration","BaseMod","Better Altar","Better Match","Better Note","Better Sensory Stone","Better Skull","Better Third Choice","BetterRewards","Colored Map","Conspire","Friendly Minions","GifTheSpireLib","Gremlin Mod","Halation","Hubris","Marisa????????","Minty Spire (QoL Compilation)","Pale of the Ancients","Replay The Spire","StSLib","Stuff the Spire","The Marked"],"gold_per_floor":[117,117,117,137,153,153,179,179,179,179,79,7,33,33,33,133,133,152,152,162,162,10,39,39,70,70,119,157,157,67,141,141,272,272,312,212,262,262,307,360,402,457,483,483,535,588,588,647,647,685,685],"floor_reached":50,"playtime":3112,"items_purged":["Strike_G","Strike_G","Defend_G"],"score":1524,"play_id":"60af3d02-0ec5-4c83-89cd-e364c8c47612","local_time":"20210103193911","is_ascension_mode":true,"campfire_choices":[{"data":"StuffTheSpire:PlasmaPunch","floor":6,"key":"SMITH"},{"data":"Fluid Movement","floor":8,"key":"SMITH"},{"data":"StuffTheSpire:ReptileScales","floor":10,"key":"SMITH"},{"floor":15,"key":"REST"},{"data":"StuffTheSpire:Sprint","floor":24,"key":"SMITH"},{"data":"Leg Sweep","floor":29,"key":"SMITH"},{"data":"ReplayTheSpireMod:From All Sides","floor":32,"key":"SMITH"}],"circlet_count":0,"master_deck":["Strike_G","Strike_G+1","Defend_G","Defend_G","Defend_G","Defend_G","Survivor","Neutralize","StuffTheSpire:PlasmaPunch+1","StuffTheSpire:ReptileScales+1","Fluid Movement+1","Deflect","Infinite Blades+1","Footwork+1","Cloak And Dagger","Dagger Spray","PiercingWail","Blade Dance+1","PiercingWail","Ghostly","Phantasmal Killer+1","StuffTheSpire:Sprint+1","Burst","conspire:PoisonWeapons","Leg Sweep+1","Finesse","ReplayTheSpireMod:From All Sides+1","Doppelganger","StuffTheSpire:Incursion+1","Madness","Madness","Pot Of Greed","Pot Of Greed","Pot Of Greed","Concentrate","Blur+1","Accuracy+1","Footwork","Pot Of Greed","Envenom","Adrenaline","Dash+1"],"relics":["Ring of the Snake","Vajra","CaptainsWheel","Juzu Bracelet","aspiration:HatOfInfinitePower","hubris:MysteriousPyramids","hubris:OldNail","Toy Ornithopter","Ancient Tea Set","Black Star","Nloth\u0027s Gift","Guide Book","StuffTheSpire:DarkSteelAnvil","Ice Cream","Replay:Bandana","StuffTheSpire:CocoNut","Letter Opener","conspire:TopHat","Painkiller Herb","Ginger","Grinning Jar","StuffTheSpire:WitherSkull","Replay:Multitool","Whetstone","hubris:Teleporter","Snake Skull","halation:PinkSoulGem","halation:LettersToHer","StuffTheSpire:Mouthbags"],"acts_visited":["Exordium","TheCity","TheBeyond"],"potions_floor_usage":[7,16,25,37,40,48],"damage_taken":[{"damage":0,"enemies":"Small Slimes","floor":1,"turns":3},{"damage":0,"enemies":"Cultist","floor":4,"turns":4},{"damage":0,"enemies":"Jaw Worm","floor":5,"turns":4},{"damage":0,"enemies":"Lagavulin","floor":7,"turns":9},{"damage":8,"enemies":"3 Sentries","floor":13,"turns":6},{"damage":0,"enemies":"The Guardian","floor":16,"turns":13},{"damage":0,"enemies":"Shell Parasite","floor":18,"turns":5},{"damage":0,"enemies":"Spheric Guardian","floor":20,"turns":5},{"damage":11,"enemies":"Replay:Snechameleon","floor":23,"turns":6},{"damage":16,"enemies":"Slavers","floor":25,"turns":4},{"damage":0,"enemies":"Centurion and Healer","floor":27,"turns":4},{"damage":0,"enemies":"conspire:HollyBat","floor":28,"turns":8},{"damage":0,"enemies":"conspire:Head Lice","floor":31,"turns":7},{"damage":0,"enemies":"Champ","floor":33,"turns":8},{"damage":0,"enemies":"Orb Walker","floor":35,"turns":3},{"damage":0,"enemies":"3 Darklings","floor":37,"turns":2},{"damage":0,"enemies":"Spire Growth","floor":39,"turns":3},{"damage":47,"enemies":"Reptomancer","floor":40,"turns":5},{"damage":1,"enemies":"Sphere and 2 Shapes","floor":41,"turns":3},{"damage":0,"enemies":"R_Hoarder","floor":42,"turns":5},{"damage":0,"enemies":"Giant Head","floor":45,"turns":5},{"damage":0,"enemies":"Maw","floor":46,"turns":3},{"damage":14,"enemies":"Nemesis","floor":48,"turns":5},{"damage":61,"enemies":"Donu and Deca","floor":50,"turns":4}],"seed_played":"-1354874397747695362","potions_obtained":[{"floor":4,"key":"Energy Potion"},{"floor":5,"key":"Swift Potion"},{"floor":13,"key":"Venom Potion"},{"floor":14,"key":"PowerPotion"},{"floor":18,"key":"SpeedPotion"},{"floor":27,"key":"Elixir"},{"floor":35,"key":"Fruit Juice"},{"floor":40,"key":"Poison Potion"},{"floor":41,"key":"SpeedPotion"},{"floor":48,"key":"FearPotion"}],"is_trial":false,"path_per_floor":["M","?","?","M","M","R","E","R","T","R","?","$","E","?","R","B",null,"M","$","M","?","$","E","R","E","T","M","M","R","$","E","R_BF","B",null,"?","NS","?","?","?","E","?","E","T","?","E","?","?","E","T","B"],"character_chosen":"THE_SILENT","items_purchased":["StuffTheSpire:PlasmaPunch","Vajra","StuffTheSpire:ReptileScales","Fluid Movement","Juzu Bracelet","Deflect","hubris:MysteriousPyramids","Infinite Blades","Footwork","Cloak And Dagger","Dash","Guide Book","Finesse"],"campfire_rested":1,"item_purchase_floors":[0,0,0,0,0,0,0,0,0,0,12,22,30],"current_hp_per_floor":[21,21,21,21,21,21,21,21,21,21,21,21,13,13,34,39,62,62,62,62,62,62,51,51,47,47,47,47,47,47,47,47,47,70,70,70,80,70,70,28,27,28,28,28,28,28,28,19,43,0,0],"gold":685,"neow_bonus":"","is_daily":false,"chose_seed":false,"campfire_upgraded":6,"win_rate":0.0,"timestamp":1609691951,"path_taken":["M","?","?","M","M","R","E","R","T","R","?","$","E","?","R","BOSS","M","$","M","?","?","E","R","E","T","M","M","R","$","E","R_BF","BOSS","?","NS","?","?","?","E","?","E","T","?","E","?","?","E","T","BOSS"],"items_purchased_type":["Card","Relic","Card","Card","Relic","Card","Relic","Card","Card","Card","Card","Relic","Card"],"build_version":"2020-12-22","purchased_purges":3,"victory":false,"max_hp_per_floor":[70,70,70,70,70,70,70,70,70,70,70,70,70,70,70,70,70,70,70,70,70,70,70,70,77,77,77,77,77,77,77,77,77,77,77,77,82,82,82,82,82,83,83,83,83,83,83,83,83,83,83],"card_choices":[{"not_picked":["Poisoned Stab","PiercingWail"],"picked":"Dagger Spray","floor":1},{"not_picked":["Poisoned Stab","Quick Slash"],"picked":"PiercingWail","floor":4},{"not_picked":["Sucker Punch","Dagger Spray"],"picked":"Blade Dance","floor":5},{"not_picked":["StuffTheSpire:BrimstoneBlast","Slice"],"picked":"PiercingWail","floor":7},{"not_picked":["StuffTheSpire:BumpUp","ReplayTheSpireMod:Necrosis","Dagger Throw"],"picked":"SKIP","floor":13},{"not_picked":["Glass Knife","Poison Darts"],"picked":"Phantasmal Killer","floor":16},{"not_picked":["Bane","Outmaneuver"],"picked":"StuffTheSpire:Sprint","floor":18},{"not_picked":["ReplayTheSpireMod:Shiv Toss","hubris:Sniper"],"picked":"StuffTheSpire:Injection+1","floor":20},{"not_picked":["Acrobatics","Cloak And Dagger"],"picked":"Burst","floor":23},{"not_picked":["Dodge and Roll","Sneak Up+1"],"picked":"conspire:PoisonWeapons","floor":25},{"not_picked":["hubris:SlightOfHand","Dagger Throw+1"],"picked":"Dodge and Roll+1","floor":27},{"not_picked":["Blade Dance","StuffTheSpire:Sprint"],"picked":"Leg Sweep","floor":28},{"not_picked":["Caltrops","All Out Attack+1"],"picked":"ReplayTheSpireMod:From All Sides","floor":31},{"not_picked":["StuffTheSpire:FinalStruggle","Poison Darts"],"picked":"Doppelganger","floor":33},{"not_picked":["StuffTheSpire:Python+1","hubris:SlightOfHand+1","Dagger Spray"],"picked":"SKIP","floor":35},{"not_picked":["StuffTheSpire:ClusterCrunch+1","Flying Knee+1"],"picked":"StuffTheSpire:Incursion+1","floor":37},{"not_picked":["ReplayTheSpireMod:Shiv Toss+1","Masterful Stab","Poison Darts"],"picked":"SKIP","floor":39},{"not_picked":["Outmaneuver","Poisoned Stab"],"picked":"Concentrate","floor":40},{"not_picked":["Poisoned Stab+1","PiercingWail"],"picked":"Blur+1","floor":41},{"not_picked":["Draining Mist","Poison Darts"],"picked":"Accuracy+1","floor":42},{"not_picked":["hubris:SlightOfHand","PiercingWail+1"],"picked":"Footwork","floor":45},{"not_picked":["Bane","Masterful Stab+1"],"picked":"Envenom","floor":46},{"not_picked":["Underhanded Strike+1","ReplayTheSpireMod:Exploit Weakness"],"picked":"Adrenaline","floor":48}],"player_experience":401944,"relics_obtained":[{"floor":7,"key":"hubris:OldNail"},{"floor":9,"key":"Toy Ornithopter"},{"floor":13,"key":"Ancient Tea Set"},{"floor":23,"key":"StuffTheSpire:DarkSteelAnvil"},{"floor":23,"key":"Ice Cream"},{"floor":25,"key":"Replay:Bandana"},{"floor":25,"key":"StuffTheSpire:CocoNut"},{"floor":31,"key":"Letter Opener"},{"floor":31,"key":"conspire:TopHat"},{"floor":40,"key":"Ginger"},{"floor":40,"key":"Grinning Jar"},{"floor":42,"key":"StuffTheSpire:WitherSkull"},{"floor":42,"key":"Replay:Multitool"},{"floor":43,"key":"Whetstone"},{"floor":45,"key":"hubris:Teleporter"},{"floor":45,"key":"Snake Skull"},{"floor":48,"key":"halation:LettersToHer"},{"floor":48,"key":"StuffTheSpire:Mouthbags"}],"event_choices":[{"cards_removed":["Strike_G"],"damage_healed":0,"gold_gain":0,"player_choice":"Purged","damage_taken":0,"max_hp_gain":0,"max_hp_loss":0,"event_name":"Purifier","floor":2,"gold_loss":0},{"damage_healed":0,"gold_gain":0,"player_choice":"Argue","damage_taken":0,"max_hp_gain":0,"max_hp_loss":0,"event_name":"conspire:LoneGhost","floor":11,"gold_loss":0},{"damage_healed":0,"gold_gain":0,"player_choice":"Got Potions","damage_taken":0,"max_hp_gain":0,"max_hp_loss":0,"event_name":"Lab","floor":14,"gold_loss":0},{"damage_healed":0,"gold_gain":0,"player_choice":"Traded Relic","damage_taken":0,"relics_obtained":["Nloth\u0027s Gift"],"max_hp_gain":0,"max_hp_loss":0,"event_name":"N\u0027loth","floor":21,"relics_lost":["aspiration:DSix"],"gold_loss":0},{"damage_healed":0,"gold_gain":0,"player_choice":"Embrace Madness","damage_taken":10,"max_hp_gain":0,"max_hp_loss":0,"event_name":"Winding Halls","floor":38,"gold_loss":0,"cards_obtained":["Madness","Madness"]}],"is_beta":false,"boss_relics":[{"not_picked":["hubris:ScarierMask","Replay:Bronze Core"],"picked":"Black Star"},{"not_picked":["Runic Pyramid","aspiration:MarisaSkillbook"],"picked":"Painkiller Herb"}],"items_purged_floors":[0,0,0],"is_endless":false,"potions_floor_spawned":[4,5,13,18,23,27,35,40,41,48],"killed_by":"Donu and Deca","ascension_level":8}}