{"host":"armnliea5o2aqs4b","time":1609682454,"event":{"mods":["BaseMod","Hubris","Infinite Spire","Minty Spire (QoL Compilation)","Quick Restart","StSLib"],"gold_per_floor":[115,290,290,302,302,335,285,285,285,313,388,404,415,431,431,535,535,547,547,547,395,395,395,423,423,423,450,450,450,450,208,208,305,305,325,341,51,104,119,119,135,135,135,135,135,135,135,135,135,135],"floor_reached":51,"playtime":1371,"items_purged":[],"score":855,"play_id":"11ab34ca-cf9b-42a7-97f2-947100e44e88","local_time":"20210104010054","is_ascension_mode":true,"campfire_choices":[{"data":"Spot Weakness","floor":8.0,"key":"SMITH"},{"floor":15.0,"key":"REST"},{"data":"Rage","floor":23.0,"key":"SMITH"},{"data":"Whirlwind","floor":25,"key":"SMITH"},{"data":"Heavy Blade","floor":28,"key":"SMITH"},{"data":"infinitespire:Collect","floor":32,"key":"SMITH"},{"data":"1","floor":40,"key":"LIFT"},{"data":"2","floor":44,"key":"LIFT"},{"data":"3","floor":47,"key":"LIFT"},{"data":"Inflame","floor":49,"key":"SMITH"}],"circlet_count":0,"master_deck":["Strike_R","Strike_R","Strike_R","Strike_R","Strike_R","Defend_R+1","Defend_R","Defend_R","Defend_R+1","Bash+1","Heavy Blade+1","Spot Weakness+1","Thunderclap","Rage+1","Shrug It Off+1","Reaper","Whirlwind+1","infinitespire:Collect+1","Ghostly Armor+1","Double Tap","Inflame+1","Spot Weakness+1","Offering"],"relics":["Burning Blood","NeowsBlessing","hubris:Towel","Kunai","hubris:Metronome","Odd Mushroom","hubris:RunicObelisk","WingedGreaves","Vajra","hubris:Icosahedron","Happy Flower","Prayer Wheel","War Paint","infinitespire:WardingShard","Black Star","infinitespire:Joker Card","Girya","hubris:PeanutButter"],"acts_visited":["Exordium","TheCity","TheBeyond"],"potions_floor_usage":[33,38],"damage_taken":[{"damage":0.0,"enemies":"Cultist","floor":1.0,"turns":1.0},{"damage":0.0,"enemies":"2 Louse","floor":4.0,"turns":1.0},{"damage":0.0,"enemies":"Lagavulin","floor":6.0,"turns":1.0},{"damage":44.0,"enemies":"The Mushroom Lair","floor":10.0,"turns":5.0},{"damage":7.0,"enemies":"Jaw Worm","floor":12.0,"turns":3.0},{"damage":15.0,"enemies":"Looter","floor":13.0,"turns":4.0},{"damage":0.0,"enemies":"Large Slime","floor":14.0,"turns":4.0},{"damage":33.0,"enemies":"Hexaghost","floor":16.0,"turns":8.0},{"damage":16.0,"enemies":"3 Byrds","floor":18.0,"turns":4.0},{"damage":12,"enemies":"Gremlin Leader","floor":24,"turns":4},{"damage":15,"enemies":"Book of Stabbing","floor":27,"turns":3},{"damage":61,"enemies":"Champ","floor":33,"turns":11},{"damage":0,"enemies":"Orb Walker","floor":35,"turns":2},{"damage":16,"enemies":"3 Shapes","floor":36,"turns":3},{"damage":15,"enemies":"2 Orb Walkers","floor":38,"turns":4},{"damage":8,"enemies":"Transient","floor":39,"turns":5},{"damage":4,"enemies":"Maw","floor":41,"turns":5},{"damage":31,"enemies":"hubris:GrandSnecko","floor":50,"turns":8}],"seed_played":"8556126889281031959","potions_obtained":[{"floor":1.0,"key":"BlessingOfTheForge"},{"floor":12.0,"key":"SteroidPotion"},{"floor":24,"key":"GamblersBrew"},{"floor":33,"key":"DistilledChaos"},{"floor":39,"key":"BloodPotion"}],"is_trial":false,"path_per_floor":["M","?","?","M","?","E","?","R","T","?","?","M","M","M","R","B",null,"M","?","T","$","?","R","E","R","T","E","R","$","?","$","R","B",null,"M","M","$","?","M","R","M","?","T","R","$","?","R","?","R","B",null],"character_chosen":"IRONCLAD","items_purchased":["Vajra","infinitespire:WardingShard","infinitespire:Joker Card"],"campfire_rested":1,"item_purchase_floors":[21,31,37],"current_hp_per_floor":[80,80,80,80,64,70,70,70,70,32,21,20,11,17,41,14,80,70,50,50,50,50,50,74,74,74,68,68,68,68,68,68,23,80,80,70,70,61,59,59,79,76,76,76,76,76,76,76,76,51],"gold":135,"neow_bonus":"THREE_ENEMY_KILL","is_daily":false,"chose_seed":false,"campfire_upgraded":6,"win_rate":0.0,"timestamp":1609682454,"path_taken":["M","?","?","?","?","E","?","R","T","?","?","M","?","M","R","BOSS","M","?","?","$","?","R","E","R","T","E","R","?","?","$","R","BOSS","M","M","$","?","M","R","M","?","T","R","$","?","R","?","R","BOSS"],"items_purchased_type":["Relic","Relic","Relic"],"build_version":"2020-12-22","purchased_purges":0,"victory":true,"max_hp_per_floor":[80,80,80,80,80,80,80,80,80,80,80,80,80,80,80,80,80,80,80,80,80,80,80,80,80,80,80,80,80,80,80,80,80,80,80,80,80,80,80,80,80,76,76,76,76,76,76,76,76,76],"card_choices":[{"not_picked":["Searing Blow","Pummel","Clothesline"],"picked":"SKIP","floor":1.0},{"not_picked":["Second Wind","True Grit"],"picked":"Heavy Blade","floor":4.0},{"not_picked":["Sentinel","Fire Breathing"],"picked":"Spot Weakness","floor":6.0},{"not_picked":["Clothesline","Blood for Blood"],"picked":"Thunderclap","floor":10.0},{"not_picked":["Infernal Blade","Pommel Strike"],"picked":"Rage","floor":12.0},{"not_picked":["Thunderclap","hubris:ReadiedAction","Warcry"],"picked":"SKIP","floor":13.0},{"not_picked":["Headbutt","Feed"],"picked":"Shrug It Off","floor":14.0},{"not_picked":["Feed","Corruption"],"picked":"Reaper","floor":16.0},{"not_picked":["Cleave+1","Twin Strike"],"picked":"Whirlwind","floor":18.0},{"not_picked":["infinitespire:Starlight","infinitespire:SevenWalls"],"picked":"infinitespire:Collect","floor":19.0},{"not_picked":["Armaments+1","Evolve","Wild Strike+1"],"picked":"SKIP","floor":24},{"not_picked":["Flame Barrier","Armaments"],"picked":"Ghostly Armor+1","floor":27},{"not_picked":["Corruption","Offering"],"picked":"Double Tap","floor":33},{"not_picked":["Wild Strike","Fire Breathing+1","hubris:SharpeningStone"],"picked":"SKIP","floor":35},{"not_picked":["Clash","Fire Breathing+1","True Grit+1"],"picked":"SKIP","floor":35},{"not_picked":["Feel No Pain","Clothesline"],"picked":"Inflame","floor":36},{"not_picked":["Wild Strike","Warcry","Iron Wave+1"],"picked":"SKIP","floor":36},{"not_picked":["Second Wind+1","Rage+1"],"picked":"Spot Weakness+1","floor":39},{"not_picked":["Uppercut","Searing Blow+1","Shrug It Off+1"],"picked":"SKIP","floor":39},{"not_picked":["True Grit+1","Clash","Warcry+1"],"picked":"SKIP","floor":41},{"not_picked":["Shrug It Off","Twin Strike+1","Sword Boomerang+1"],"picked":"SKIP","floor":41}],"player_experience":160611,"relics_obtained":[{"floor":6.0,"key":"Kunai"},{"floor":9.0,"key":"hubris:Metronome"},{"floor":10.0,"key":"Odd Mushroom"},{"floor":20.0,"key":"WingedGreaves"},{"floor":24,"key":"Happy Flower"},{"floor":26,"key":"Prayer Wheel"},{"floor":27,"key":"War Paint"},{"floor":38,"key":"Girya"},{"floor":43,"key":"hubris:PeanutButter"}],"event_choices":[{"damage_healed":0.0,"max_hp_gain":0.0,"max_hp_loss":0.0,"gold_gain":175.0,"event_name":"Liars Game","player_choice":"AGREE","floor":2.0,"gold_loss":0.0,"damage_taken":0.0,"cards_obtained":["Doubt"]},{"damage_healed":0.0,"max_hp_gain":0.0,"max_hp_loss":0.0,"gold_gain":0.0,"event_name":"Shining Light","player_choice":"Entered Light","floor":5.0,"gold_loss":0.0,"damage_taken":16.0,"cards_upgraded":["Defend_R","Bash"]},{"cards_removed":["Doubt"],"damage_healed":0.0,"max_hp_gain":0.0,"max_hp_loss":0.0,"gold_gain":0.0,"event_name":"The Cleric","player_choice":"Card Removal","floor":7.0,"gold_loss":50.0,"damage_taken":0.0},{"damage_healed":0.0,"max_hp_gain":0.0,"max_hp_loss":0.0,"gold_gain":0.0,"event_name":"Mushrooms","player_choice":"Fought Mushrooms","floor":10.0,"gold_loss":0.0,"damage_taken":0.0},{"damage_healed":0.0,"max_hp_gain":0.0,"max_hp_loss":0.0,"gold_gain":75.0,"event_name":"World of Goop","player_choice":"Gather Gold","floor":11.0,"gold_loss":0.0,"damage_taken":11.0},{"damage_healed":0,"gold_gain":0,"player_choice":"Ignored","damage_taken":0,"max_hp_gain":0,"max_hp_loss":0,"event_name":"Vampires","floor":30,"gold_loss":0},{"damage_healed":0,"gold_gain":0,"player_choice":"Fight","damage_taken":0,"max_hp_gain":0,"max_hp_loss":0,"event_name":"Mysterious Sphere","floor":38,"gold_loss":0},{"damage_healed":0,"gold_gain":0,"player_choice":"Max HP","damage_taken":0,"max_hp_gain":0,"max_hp_loss":4,"event_name":"Winding Halls","floor":42,"gold_loss":0},{"damage_healed":0,"gold_gain":0,"player_choice":"Memory 1","damage_taken":0,"max_hp_gain":0,"max_hp_loss":0,"event_name":"SensoryStone","floor":48,"gold_loss":0}],"is_beta":false,"boss_relics":[{"not_picked":["Mark of Pain","Runic Pyramid"],"picked":"hubris:RunicObelisk"},{"not_picked":["Runic Cube","Snecko Eye"],"picked":"Black Star"}],"items_purged_floors":[],"is_endless":false,"potions_floor_spawned":[1,12,24,33,39],"ascension_level":4}}