{"host":"r53pw7z744tg3fxg","time":1609708230,"event":{"mods":["AchievementEnabler","BaseMod","Colored Map","Colored Powertips","Highlight Path","Minty Spire (QoL Compilation)","Quick Restart","Transform Curses"],"gold_per_floor":[118,118,129,140,113,113,142,156,156,8,40,40,73,125,125,223,223,234,249,249,249,261,261,286,286,286,303,303,303],"floor_reached":28,"playtime":812,"items_purged":[],"score":436,"play_id":"8b08b861-2ce7-47e3-9869-13b3edfaa139","local_time":"20210103141030","is_ascension_mode":true,"campfire_choices":[{"floor":6.0,"key":"REST"},{"floor":12.0,"key":"REST"},{"data":"Eruption","floor":15.0,"key":"SMITH"},{"floor":23.0,"key":"REST"},{"floor":25,"key":"REST"}],"circlet_count":0,"master_deck":["AscendersBane","Strike_P","Strike_P","Strike_P","Strike_P","Defend_P+1","Defend_P","Defend_P+1","Defend_P","Eruption+1","Vigilance","Mind Blast+1","FearNoEvil","BowlingBash","SashWhip+1","Evaluate+1","ReachHeaven","PathToVictory","WheelKick","Crescendo+1","LessonLearned","Tantrum+1","FollowUp","BattleHymn"],"relics":["PureWater","Nunchaku","ClockworkSouvenir","Toxic Egg 2","Bronze Scales","Busted Crown","Nloth\u0027s Gift","War Paint","Kunai"],"acts_visited":["Exordium","TheCity"],"potions_floor_usage":[24,28],"damage_taken":[{"damage":19.0,"enemies":"Jaw Worm","floor":1.0,"turns":4.0},{"damage":0.0,"enemies":"Cultist","floor":3.0,"turns":2.0},{"damage":0.0,"enemies":"2 Louse","floor":4.0,"turns":1.0},{"damage":19.0,"enemies":"3 Sentries","floor":7.0,"turns":6.0},{"damage":0.0,"enemies":"2 Fungi Beasts","floor":8.0,"turns":3.0},{"damage":0.0,"enemies":"Gremlin Nob","floor":11.0,"turns":2.0},{"damage":14.0,"enemies":"3 Sentries","floor":13.0,"turns":4.0},{"damage":54.0,"enemies":"Hexaghost","floor":16.0,"turns":5.0},{"damage":0.0,"enemies":"Chosen","floor":18.0,"turns":3.0},{"damage":23.0,"enemies":"2 Thieves","floor":19.0,"turns":4.0},{"damage":11.0,"enemies":"Snecko","floor":22.0,"turns":3.0},{"damage":34,"enemies":"Slavers","floor":24,"turns":5},{"damage":3,"enemies":"Cultist and Chosen","floor":27,"turns":4},{"damage":37,"enemies":"Gremlin Leader","floor":28,"turns":3}],"seed_played":"8301612684743192696","potions_obtained":[{"floor":4.0,"key":"ColorlessPotion"},{"floor":8.0,"key":"CultistPotion"},{"floor":11.0,"key":"LiquidMemories"},{"floor":16.0,"key":"SteroidPotion"},{"floor":19.0,"key":"EntropicBrew"},{"floor":27,"key":"Block Potion"}],"is_trial":false,"path_per_floor":["M","?","M","M","$","R","E","M","T","$","E","R","E","?","R","B",null,"M","M","?","?","M","R","E","R","T","M","E"],"character_chosen":"WATCHER","items_purchased":["Evaluate","ClockworkSouvenir"],"campfire_rested":4,"item_purchase_floors":[5,10],"current_hp_per_floor":[46,46,46,46,46,67,48,48,48,48,48,69,55,55,55,1,54,54,31,31,31,20,41,7,28,28,25,0,0],"gold":303,"neow_bonus":"RANDOM_COLORLESS","is_daily":false,"chose_seed":false,"campfire_upgraded":1,"win_rate":0.0,"timestamp":1609708230,"path_taken":["M","?","M","M","$","R","E","M","T","?","E","R","E","?","R","BOSS","M","M","?","?","M","R","E","R","T","M","E"],"items_purchased_type":["Card","Relic"],"build_version":"2020-12-22","purchased_purges":0,"victory":false,"max_hp_per_floor":[72,72,72,72,72,72,72,72,72,72,72,72,72,72,72,72,72,72,72,72,72,72,72,72,72,72,72,72,72],"card_choices":[{"not_picked":["Madness","Good Instincts"],"picked":"Mind Blast","floor":0.0},{"not_picked":["Halt","Nirvana"],"picked":"FearNoEvil","floor":1.0},{"not_picked":["Protect","Evaluate"],"picked":"BowlingBash","floor":3.0},{"not_picked":["CrushJoints","Consecrate"],"picked":"SashWhip","floor":4.0},{"not_picked":["EmptyMind","Study"],"picked":"ReachHeaven","floor":7.0},{"not_picked":["Ragnarok","BowlingBash"],"picked":"PathToVictory","floor":8.0},{"not_picked":["FlurryOfBlows","Evaluate+1"],"picked":"WheelKick","floor":11.0},{"not_picked":["SignatureMove","CrushJoints"],"picked":"Crescendo+1","floor":13.0},{"not_picked":["Judgement+1","Vault+1"],"picked":"LessonLearned","floor":16.0},{"not_picked":["Crescendo+1"],"picked":"SKIP","floor":18.0},{"not_picked":[],"picked":"Tantrum+1","floor":19.0},{"not_picked":[],"picked":"FollowUp","floor":22.0},{"not_picked":["FollowUp"],"picked":"SKIP","floor":24},{"not_picked":[],"picked":"BattleHymn","floor":27}],"player_experience":1183749,"relics_obtained":[{"floor":7.0,"key":"Nunchaku"},{"floor":9.0,"key":"Blue Candle"},{"floor":11.0,"key":"Toxic Egg 2"},{"floor":13.0,"key":"Bronze Scales"},{"floor":24,"key":"War Paint"},{"floor":26,"key":"Kunai"}],"event_choices":[{"damage_healed":0.0,"max_hp_gain":0.0,"max_hp_loss":0.0,"gold_gain":0.0,"event_name":"Accursed Blacksmith","player_choice":"Forge","floor":2.0,"gold_loss":0.0,"damage_taken":0.0,"cards_upgraded":["Mind Blast"]},{"damage_healed":0.0,"max_hp_gain":0.0,"max_hp_loss":0.0,"gold_gain":52.0,"event_name":"Golden Wing","player_choice":"Gained Gold","floor":14.0,"gold_loss":0.0,"damage_taken":0.0},{"damage_healed":0.0,"max_hp_gain":0.0,"max_hp_loss":0.0,"gold_gain":0.0,"event_name":"Vampires","player_choice":"Ignored","floor":20.0,"gold_loss":0.0,"damage_taken":0.0},{"damage_healed":0.0,"max_hp_gain":0.0,"max_hp_loss":0.0,"gold_gain":0.0,"event_name":"N\u0027loth","player_choice":"Traded Relic","floor":21.0,"relics_lost":["Blue Candle"],"gold_loss":0.0,"damage_taken":0.0,"relics_obtained":["Nloth\u0027s Gift"]}],"is_beta":false,"boss_relics":[{"not_picked":["Runic Dome","Pandora\u0027s Box"],"picked":"Busted Crown"}],"items_purged_floors":[],"is_endless":false,"potions_floor_spawned":[4,8,11,16,19,27],"killed_by":"Gremlin Leader","ascension_level":11}}