{"host":"exyz3r55z4kt6m9o","time":1609671001,"event":{"mods":["2.2 Compatiblity","AchievementEnabler","Aspiration","BaseMod","Better Altar","Better Match","Better Note","Better Sensory Stone","Better Skull","Better Third Choice","BetterRewards","Colored Powertips","Energized Spire","Friendly Minions","GifTheSpireLib","Infinite Spire","Ironclad Rager","Jorbs\u0027s Wanderer Trilogy","Luminous","Marisa????????","Minty Spire (QoL Compilation)","Permanent Neow","Rare Cards Sparkle","Reimu??????","Relic Filter","Replay The Spire","Spicy Shops","StSLib","The Bladedancer","The Blue Laboratory","The Gatherer","The Hayseed","The Mystic","The Runesmith","Wandering Minibosses","yUi"],"gold_per_floor":[115,110,110,32,32,32,40,66,93,146,146,161,169,176,176,269,269,277,147,147,159,154,154],"floor_reached":22,"playtime":1335,"items_purged":[],"score":186,"play_id":"9b8426a2-f97c-4e08-8e62-669a70ffb2bd","local_time":"20210103055001","is_ascension_mode":false,"campfire_choices":[{"data":"Runesmith:Firestorm","floor":6,"key":"SMITH"},{"floor":11,"key":"REST"},{"floor":15,"key":"REST"}],"circlet_count":0,"master_deck":["Runesmith:Strike_RS","Runesmith:Strike_RS","Runesmith:Strike_RS","Runesmith:Defend_RS","Runesmith:Defend_RS","Runesmith:Defend_RS","Runesmith:Defend_RS","Runesmith:CraftFirestone","Runesmith:Fortify","Runesmith:ReplicatingBarrier","Runesmith:Attraction","Runesmith:GoWithTheFlow","Runesmith:Firestorm+1","Runesmith:Grindstone","Runesmith:Permafrost","Runesmith:ChiselStab","Runesmith:GenerateForcefield","Runesmith:BackupBattery","Runesmith:RuneHurl"],"relics":["Runesmith:BrokenRuby","Mastiff:ReiMu","MealTicket","Replay:Rubber Ducky","infinitespire:Bottled Soul","SlaversCollar"],"acts_visited":["Exordium","TheCity"],"potions_floor_usage":[13,13,14,16,16,19,19],"damage_taken":[{"damage":3,"enemies":"Small Slimes","floor":1,"turns":5},{"damage":4,"enemies":"Jaw Worm","floor":2,"turns":7},{"damage":8,"enemies":"2 Louse","floor":7,"turns":4},{"damage":6,"enemies":"3 Sentries","floor":8,"turns":10},{"damage":9,"enemies":"3 Sentries","floor":10,"turns":8},{"damage":14,"enemies":"Lots of Slimes","floor":12,"turns":5},{"damage":14,"enemies":"3 Louse","floor":13,"turns":6},{"damage":17,"enemies":"Gremlin Gang","floor":14,"turns":5},{"damage":6,"enemies":"The Guardian","floor":16,"turns":11},{"damage":0,"enemies":"Chosen","floor":18,"turns":7},{"damage":20,"enemies":"2 Thieves","floor":19,"turns":8},{"damage":37,"enemies":"Snake Plant","floor":21,"turns":6},{"damage":14,"enemies":"3 Cultists","floor":22,"turns":3}],"seed_played":"6223977963328432218","potions_obtained":[{"floor":10,"key":"Ancient Potion"},{"floor":12,"key":"EntropicBrew"},{"floor":16,"key":"Weak Potion"},{"floor":18,"key":"Flashbang"}],"is_trial":false,"path_per_floor":["M","M","?","$","$","R","M","E","T","?","R","M","M","M","R","B",null,"M","M","?","M","M"],"character_chosen":"RUNESMITH_CLASS","items_purchased":["Runesmith:Firestorm"],"campfire_rested":2,"item_purchase_floors":[4],"current_hp_per_floor":[67,63,51,51,51,51,43,37,37,28,49,35,21,4,25,19,70,70,50,50,13,0,0],"gold":154,"neow_bonus":"TRANSFORM_CARD","is_daily":false,"chose_seed":false,"campfire_upgraded":1,"win_rate":0.0,"timestamp":1609671001,"path_taken":["M","M","?","?","$","R","M","E","T","?","R","M","M","M","R","BOSS","M","M","?","?","M"],"items_purchased_type":["Card"],"build_version":"2020-12-22","purchased_purges":0,"victory":false,"max_hp_per_floor":[70,70,70,70,70,70,70,70,70,70,70,70,70,70,70,70,70,70,70,70,70,70,70],"card_choices":[{"not_picked":["Runesmith:Superposition","Runesmith:HeatExchange"],"picked":"Runesmith:Attraction","floor":1},{"not_picked":["Runesmith:CraftProtectio","Runesmith:EnergizedChisel"],"picked":"Runesmith:GoWithTheFlow","floor":2},{"not_picked":["Runesmith:WhiteBalance","Runesmith:CraftMedicinae"],"picked":"Runesmith:Grindstone","floor":7},{"not_picked":["Runesmith:HeatExchange","Runesmith:HammerTime","Runesmith:HammerThrow"],"picked":"SKIP","floor":8},{"not_picked":["Runesmith:MakeshiftArmor","Runesmith:Grindstone"],"picked":"Runesmith:Permafrost","floor":12},{"not_picked":["Runesmith:RunicBlueprint","Runesmith:BackupBattery"],"picked":"Runesmith:ChiselStab","floor":13},{"not_picked":["Runesmith:RuneHurl","Runesmith:CraftProtectio","Runesmith:EnergizedChisel"],"picked":"SKIP","floor":14},{"not_picked":["Runesmith:MetallurgicalResearch","Runesmith:LightningRod"],"picked":"Runesmith:GenerateForcefield","floor":16},{"not_picked":["Runesmith:EnergizedChisel+1","Runesmith:HeatedChisel"],"picked":"Runesmith:BackupBattery","floor":18},{"not_picked":["Runesmith:Discharge","Runesmith:ShiftingStrike"],"picked":"Runesmith:RuneHurl","floor":19},{"not_picked":["Runesmith:WhiteBalance","Runesmith:Prism","Runesmith:FrozenChisel"],"picked":"SKIP","floor":21}],"player_experience":664446,"relics_obtained":[{"floor":8,"key":"MealTicket"},{"floor":9,"key":"Replay:Rubber Ducky"},{"floor":10,"key":"infinitespire:Bottled Soul"}],"event_choices":[{"damage_healed":0,"gold_gain":0,"player_choice":"Relic ","damage_taken":12,"max_hp_gain":0,"max_hp_loss":0,"event_name":"betterThird:BetterScrap","floor":3,"gold_loss":0,"cards_obtained":["Envenom"]},{"damage_healed":0,"gold_gain":0,"player_choice":"Searched \u00272\u0027 times","damage_taken":0,"max_hp_gain":0,"max_hp_loss":0,"event_name":"Dead Adventurer","floor":10,"gold_loss":0},{"cards_removed":["Runesmith:Firestorm"],"damage_healed":0,"gold_gain":0,"player_choice":"Give","damage_taken":0,"max_hp_gain":0,"max_hp_loss":0,"event_name":"betterNote:BetterNote","floor":20,"gold_loss":0,"cards_obtained":["None"]}],"is_beta":false,"boss_relics":[{"not_picked":["Empty Cage","Pandora\u0027s Box"],"picked":"SlaversCollar"}],"items_purged_floors":[],"is_endless":false,"potions_floor_spawned":[10,12,13,16,18],"killed_by":"3 Cultists","ascension_level":0}}