{"host":"n3pcl7mteoua0i12","time":1609632221,"event":{"mods":["BaseMod","Bestiary","Curses Come First","Googly Eyes","Minty Spire (QoL Compilation)","StSLib","The Bug Knight"],"gold_per_floor":[115,125,142,142,159,193,193,205,205,205,223,148,158,193,193,292,292,292,292,217,217,217,217,217,217,217,217,217,217,217,217,217,217,217,217,217,217,217,217,217,217,217,217,217,217,217,21,21,21,21],"floor_reached":51,"playtime":3779,"items_purged":["Strike_P"],"score":789,"play_id":"53548816-4a82-480d-a301-4960a6501703","local_time":"20210102160341","is_ascension_mode":true,"campfire_choices":[{"data":"Eruption","floor":7.0,"key":"SMITH"},{"floor":10.0,"key":"REST"},{"floor":15.0,"key":"REST"},{"floor":23.0,"key":"REST"},{"data":"Meditate","floor":25.0,"key":"SMITH"},{"floor":29.0,"key":"REST"},{"floor":32.0,"key":"REST"},{"data":"MentalFortress","floor":40,"key":"SMITH"},{"data":"Wallop","floor":42,"key":"SMITH"},{"floor":44,"key":"REST"},{"data":"EmptyMind","floor":46,"key":"SMITH"},{"floor":49,"key":"REST"}],"circlet_count":0,"master_deck":["Eruption+1","Vigilance","Crescendo","CutThroughFate","Wallop+1","Protect","Wallop","EmptyFist","Evaluate","MentalFortress+1","ThirdEye","Establishment","ClearTheMind","Wallop","Vengeance","Meditate+1","Omniscience","Halt+1","SashWhip","Meditate+1","FlurryOfBlows+1","LikeWater+1","BattleHymn+1","SashWhip+1","FearNoEvil+1","WaveOfTheHand+1","EmptyMind+1","ForeignInfluence"],"relics":["SlaversCollar","Omamori","Prayer Wheel","Turnip","Mummified Hand","Ectoplasm","Red Mask","Old Coin","Pear","MutagenicStrength","Pandora\u0027s Box","PreservedInsect","Molten Egg 2","Regal Pillow"],"acts_visited":["TheBeyond"],"potions_floor_usage":[35,39,50,50],"damage_taken":[{"damage":2.0,"enemies":"Jaw Worm","floor":1.0,"turns":3.0},{"damage":7.0,"enemies":"Cultist","floor":2.0,"turns":3.0},{"damage":4.0,"enemies":"Small Slimes","floor":3.0,"turns":3.0},{"damage":0.0,"enemies":"Blue Slaver","floor":5.0,"turns":6.0},{"damage":16.0,"enemies":"Gremlin Nob","floor":6.0,"turns":3.0},{"damage":22.0,"enemies":"Large Slime","floor":8.0,"turns":5.0},{"damage":3.0,"enemies":"Looter","floor":11.0,"turns":3.0},{"damage":5.0,"enemies":"Red Slaver","floor":13.0,"turns":3.0},{"damage":11.0,"enemies":"Lagavulin","floor":14.0,"turns":6.0},{"damage":34.0,"enemies":"Hexaghost","floor":16.0,"turns":10.0},{"damage":16.0,"enemies":"3 Byrds","floor":18.0,"turns":6.0},{"damage":36.0,"enemies":"Masked Bandits","floor":19.0,"turns":7.0},{"damage":8.0,"enemies":"2 Thieves","floor":20.0,"turns":4.0},{"damage":4.0,"enemies":"Book of Stabbing","floor":24.0,"turns":5.0},{"damage":25.0,"enemies":"Shelled Parasite and Fungi","floor":27.0,"turns":5.0},{"damage":0.0,"enemies":"Snake Plant","floor":28.0,"turns":4.0},{"damage":29.0,"enemies":"Sentry and Sphere","floor":31.0,"turns":6.0},{"damage":30.0,"enemies":"Collector","floor":33.0,"turns":15.0},{"damage":21,"enemies":"3 Darklings","floor":35,"turns":5},{"damage":3,"enemies":"3 Shapes","floor":36,"turns":4},{"damage":0,"enemies":"Maw","floor":37,"turns":6},{"damage":13,"enemies":"Sphere and 2 Shapes","floor":39,"turns":4},{"damage":0,"enemies":"Maw","floor":41,"turns":7},{"damage":0,"enemies":"Giant Head","floor":45,"turns":5},{"damage":23,"enemies":"Jaw Worm Horde","floor":48,"turns":4},{"damage":13,"enemies":"Donu and Deca","floor":50,"turns":6}],"seed_played":"6266701080733098557","potions_obtained":[{"floor":1.0,"key":"Ancient Potion"},{"floor":8.0,"key":"Strength Potion"},{"floor":11.0,"key":"Energy Potion"},{"floor":24.0,"key":"SkillPotion"},{"floor":35,"key":"Swift Potion"},{"floor":36,"key":"CultistPotion"}],"is_trial":false,"path_per_floor":["M","M","M","?","M","E","R","M","T","R","M","$","M","E","R","B",null,"M","?","M","$","?","R","E","R","T","M","M","R","?","M","R","B",null,"M","M","M","?","M","R","M","R","T","R","E","R","$","M","R","B",null],"character_chosen":"WATCHER","items_purchased":["SkillPotion","Regal Pillow"],"campfire_rested":7,"item_purchase_floors":[47,47],"current_hp_per_floor":[70,63,59,59,59,43,43,21,21,42,39,39,34,23,44,10,72,56,20,12,12,12,33,29,29,39,14,14,38,38,9,33,3,82,61,58,58,58,45,45,45,45,45,69,69,69,69,46,82,69],"gold":21,"neow_bonus":"BOSS_RELIC","is_daily":false,"chose_seed":false,"campfire_upgraded":5,"win_rate":0.0,"timestamp":1609632221,"path_taken":["M","M","M","?","M","E","R","?","T","R","M","?","M","E","R","BOSS","M","?","M","$","?","R","E","R","T","M","M","R","?","M","R","BOSS","M","M","M","?","M","R","M","R","T","R","E","R","$","M","R","BOSS"],"items_purchased_type":["Potion","Relic"],"build_version":"2020-12-22","purchased_purges":1,"victory":true,"max_hp_per_floor":[72,72,72,72,72,72,72,72,72,72,72,72,72,72,72,72,72,72,72,72,72,72,72,72,72,82,82,82,82,82,82,82,82,82,82,82,82,82,82,82,82,82,82,82,82,82,82,82,82,82],"card_choices":[{"not_picked":["WaveOfTheHand","EmptyBody"],"picked":"Crescendo","floor":1.0},{"not_picked":["FlyingSleeves","ThirdEye"],"picked":"CutThroughFate","floor":2.0},{"not_picked":["Study","Sanctity"],"picked":"Wallop","floor":3.0},{"not_picked":["ConjureBlade","Prostrate"],"picked":"Protect","floor":5.0},{"not_picked":["SpiritShield","Swivel"],"picked":"Wallop","floor":6.0},{"not_picked":["SandsOfTime","Protect","PathToVictory"],"picked":"SKIP","floor":8.0},{"not_picked":["Consecrate","CrushJoints","EmptyFist"],"picked":"SKIP","floor":8.0},{"not_picked":["Consecrate","CrushJoints"],"picked":"EmptyFist","floor":8.0},{"not_picked":["SandsOfTime","Protect","PathToVictory"],"picked":"SKIP","floor":8.0},{"not_picked":["Indignation","BowlingBash"],"picked":"Evaluate","floor":11.0},{"not_picked":["JustLucky","CutThroughFate","Crescendo"],"picked":"SKIP","floor":11.0},{"not_picked":["Consecrate","BowlingBash"],"picked":"MentalFortress","floor":13.0},{"not_picked":["PathToVictory","Study"],"picked":"ThirdEye","floor":13.0},{"not_picked":["Prostrate","SashWhip","Consecrate"],"picked":"SKIP","floor":14.0},{"not_picked":["Ragnarok","Wish"],"picked":"Establishment","floor":16.0},{"not_picked":["EmptyFist+1","EmptyBody"],"picked":"ClearTheMind","floor":18.0},{"not_picked":["FlyingSleeves","Weave+1","CrushJoints"],"picked":"SKIP","floor":18.0},{"not_picked":["CrushJoints","EmptyFist"],"picked":"Wallop","floor":19.0},{"not_picked":["WheelKick","Consecrate"],"picked":"Vengeance","floor":20.0},{"not_picked":["Sanctity","Evaluate","Weave"],"picked":"SKIP","floor":20.0},{"not_picked":["JustLucky","Evaluate"],"picked":"Meditate","floor":24.0},{"not_picked":["Sanctity+1","Prostrate"],"picked":"Omniscience","floor":27.0},{"not_picked":["InnerPeace","Evaluate+1","PathToVictory+1"],"picked":"SKIP","floor":27.0},{"not_picked":["Wireheading","Adaptation"],"picked":"Halt+1","floor":28.0},{"not_picked":["CrushJoints+1","ThirdEye"],"picked":"SashWhip","floor":28.0},{"not_picked":["CarveReality","Swivel+1"],"picked":"Meditate+1","floor":31.0},{"not_picked":["Perseverance","Blasphemy","WindmillStrike"],"picked":"SKIP","floor":31.0},{"not_picked":["Consecrate","FlyingSleeves+1"],"picked":"FlurryOfBlows+1","floor":35},{"not_picked":["Protect+1","Swivel+1"],"picked":"LikeWater+1","floor":35},{"not_picked":["BowlingBash+1","Halt+1"],"picked":"BattleHymn+1","floor":36},{"not_picked":["CrushJoints","Crescendo"],"picked":"SashWhip+1","floor":36},{"not_picked":["FollowUp","EmptyFist+1"],"picked":"FearNoEvil+1","floor":37},{"not_picked":["CrushJoints","ReachHeaven+1","ThirdEye+1"],"picked":"SKIP","floor":37},{"not_picked":["EmptyFist","SashWhip+1"],"picked":"WaveOfTheHand+1","floor":39},{"not_picked":["Study+1","WaveOfTheHand","SandsOfTime+1"],"picked":"SKIP","floor":39},{"not_picked":["WreathOfFlame+1","Omniscience","JustLucky"],"picked":"SKIP","floor":41},{"not_picked":["ClearTheMind+1","Halt+1","FollowUp"],"picked":"SKIP","floor":41},{"not_picked":["FlyingSleeves+1","Pray+1"],"picked":"EmptyMind","floor":45},{"not_picked":["CrushJoints+1","WaveOfTheHand+1"],"picked":"ForeignInfluence","floor":48},{"not_picked":["Weave+1","CrushJoints+1","Consecrate+1"],"picked":"SKIP","floor":48}],"player_experience":405550,"relics_obtained":[{"floor":4.0,"key":"Omamori"},{"floor":6.0,"key":"Prayer Wheel"},{"floor":9.0,"key":"Turnip"},{"floor":14.0,"key":"Mummified Hand"},{"floor":19.0,"key":"Red Mask"},{"floor":24.0,"key":"Old Coin"},{"floor":26.0,"key":"Pear"},{"floor":43,"key":"PreservedInsect"},{"floor":45,"key":"Molten Egg 2"}],"event_choices":[{"damage_healed":0.0,"max_hp_gain":0.0,"max_hp_loss":0.0,"gold_gain":0.0,"event_name":"Wheel of Change","player_choice":"Relic","floor":4.0,"gold_loss":0.0,"damage_taken":0.0},{"damage_healed":0.0,"max_hp_gain":0.0,"max_hp_loss":0.0,"gold_gain":0.0,"event_name":"Masked Bandits","player_choice":"Fought Bandits","floor":19.0,"gold_loss":0.0,"damage_taken":0.0},{"damage_healed":0.0,"max_hp_gain":0.0,"max_hp_loss":0.0,"gold_gain":99.0,"event_name":"Nest","player_choice":"Stole From Cult","floor":22.0,"gold_loss":0.0,"damage_taken":0.0},{"damage_healed":0.0,"max_hp_gain":0.0,"max_hp_loss":0.0,"gold_gain":0.0,"event_name":"Drug Dealer","player_choice":"Inject Mutagens","floor":30.0,"gold_loss":0.0,"damage_taken":0.0,"relics_obtained":["MutagenicStrength"]},{"damage_healed":0,"gold_gain":222,"player_choice":"Wore Mask","damage_taken":0,"max_hp_gain":0,"max_hp_loss":0,"event_name":"Tomb of Lord Red Mask","floor":38,"gold_loss":0}],"is_beta":false,"boss_relics":[{"not_picked":["Astrolabe","Coffee Dripper"],"picked":"Ectoplasm"},{"not_picked":["Snecko Eye","Fusion Hammer"],"picked":"Pandora\u0027s Box"}],"items_purged_floors":[12],"is_endless":false,"potions_floor_spawned":[1,8,11,13,16,19,24,35,36],"ascension_level":3}}