{"host":"6ld56ls1xbe0aj21","time":1609667023,"event":{"mods":["AchievementEnabler","BaseMod","Colored Powertips","Minty Spire (QoL Compilation)","Quick Restart","Rare Cards Sparkle","StSLib","SuperFastMode","everything is the same but u backflip on backflip","slay the spire mod where everything is the same but ironclad has a cowboy hat"],"gold_per_floor":[16,26,41,58,58,58,89,113,138,138,138],"floor_reached":10,"playtime":325,"items_purged":[],"score":98,"play_id":"093864f1-a3c3-4bc9-a7ae-a61ce79049bc","local_time":"20210103204343","is_ascension_mode":true,"campfire_choices":[{"floor":6,"key":"REST"}],"circlet_count":0,"master_deck":["Strike_R","Strike_R","Strike_R","Strike_R","Strike_R","Defend_R","Defend_R","Defend_R","Defend_R","Bash","Pommel Strike","Thunderclap","Battle Trance","Metallicize","Berserk","Spot Weakness"],"relics":["Burning Blood","Girya","Golden Idol","Gremlin Horn","Orichalcum"],"acts_visited":["Exordium"],"potions_floor_usage":[8,8],"damage_taken":[{"damage":15,"enemies":"Cultist","floor":1,"turns":5},{"damage":9,"enemies":"Jaw Worm","floor":2,"turns":3},{"damage":0,"enemies":"2 Louse","floor":3,"turns":3},{"damage":24,"enemies":"Blue Slaver","floor":4,"turns":4},{"damage":28,"enemies":"Gremlin Nob","floor":7,"turns":5},{"damage":4,"enemies":"Exordium Wildlife","floor":8,"turns":3},{"damage":33,"enemies":"3 Sentries","floor":10,"turns":6}],"seed_played":"5676591528467444060","potions_obtained":[{"floor":2,"key":"DuplicationPotion"},{"floor":7,"key":"Fire Potion"}],"is_trial":false,"path_per_floor":["M","M","M","M","?","R","E","M","T","E"],"character_chosen":"IRONCLAD","items_purchased":[],"campfire_rested":1,"item_purchase_floors":[],"current_hp_per_floor":[63,60,66,48,28,52,30,32,32,0,0],"gold":138,"neow_bonus":"ONE_RARE_RELIC","is_daily":false,"chose_seed":false,"campfire_upgraded":0,"win_rate":0.0,"timestamp":1609667023,"path_taken":["M","M","?","M","?","R","E","M","T","E"],"items_purchased_type":[],"build_version":"2020-12-22","purchased_purges":0,"victory":false,"max_hp_per_floor":[80,80,80,80,80,80,80,80,80,80,80],"card_choices":[{"not_picked":["Sword Boomerang","Perfected Strike"],"picked":"Pommel Strike","floor":1},{"not_picked":["True Grit","Clothesline"],"picked":"Thunderclap","floor":2},{"not_picked":["Headbutt","Fire Breathing"],"picked":"Battle Trance","floor":3},{"not_picked":["Perfected Strike","Thunderclap"],"picked":"Metallicize","floor":4},{"not_picked":["Anger","Perfected Strike"],"picked":"Berserk","floor":7},{"not_picked":["Anger","Shrug It Off"],"picked":"Spot Weakness","floor":8}],"player_experience":268411,"relics_obtained":[{"floor":7,"key":"Gremlin Horn"},{"floor":9,"key":"Orichalcum"}],"event_choices":[{"damage_healed":0,"gold_gain":0,"player_choice":"Take Damage","damage_taken":20,"relics_obtained":["Golden Idol"],"max_hp_gain":0,"max_hp_loss":0,"event_name":"Golden Idol","floor":5,"gold_loss":0}],"is_beta":false,"boss_relics":[],"items_purged_floors":[],"is_endless":false,"potions_floor_spawned":[2,7],"killed_by":"3 Sentries","ascension_level":8}}