{"host":"6pgtslebjnyv5xmi","time":1609661675,"event":{"mods":["AchievementEnabler","BaseMod","Colored Map","Minty Spire (QoL Compilation)","Rare Cards Sparkle","StSLib","SuperFastMode","everything is the same but u backflip on backflip"],"gold_per_floor":[360,360,65,140,164,164,183,183,210,210,235,249,3,27,27,148,148,161,179,179,179,194,194,215,215,294,219,240,240,260,275,275,394,394,409,72,87,87,87],"floor_reached":38,"playtime":1141,"items_purged":["Shame"],"score":395,"play_id":"4dda83fd-e712-42f6-8dd5-61be6fa6c994","local_time":"20210103171435","is_ascension_mode":false,"campfire_choices":[{"floor":6,"key":"REST"},{"data":"Headbutt","floor":8,"key":"SMITH"},{"data":"Spot Weakness","floor":15,"key":"SMITH"},{"data":"Double Tap","floor":23,"key":"SMITH"},{"data":"Whirlwind","floor":25,"key":"SMITH"},{"data":"Bash","floor":32,"key":"SMITH"}],"circlet_count":0,"master_deck":["Defend_R","Defend_R","Defend_R","Defend_R","Bash+1","Headbutt+1","Spot Weakness+1","Double Tap+1","Battle Trance+1","Bite","Bite","Bite","Bite","Bite","Whirlwind+1","Inflame+1","Impervious","Apotheosis"],"relics":["Black Blood","Golden Idol","Turnip","Whetstone","Matryoshka","Gremlin Horn","Du-Vu Doll","Lantern","Letter Opener","Cursed Key","Pen Nib"],"acts_visited":["Exordium","TheCity","TheBeyond"],"potions_floor_usage":[14,16,16,24,28,33,33,33],"damage_taken":[{"damage":9,"enemies":"Small Slimes","floor":1,"turns":4},{"damage":13,"enemies":"Jaw Worm","floor":5,"turns":3},{"damage":10,"enemies":"2 Louse","floor":7,"turns":3},{"damage":1,"enemies":"2 Fungi Beasts","floor":11,"turns":3},{"damage":10,"enemies":"Exordium Wildlife","floor":12,"turns":4},{"damage":13,"enemies":"Lots of Slimes","floor":14,"turns":2},{"damage":30,"enemies":"Hexaghost","floor":16,"turns":7},{"damage":0,"enemies":"Chosen","floor":18,"turns":4},{"damage":30,"enemies":"2 Thieves","floor":19,"turns":3},{"damage":34,"enemies":"Cultist and Chosen","floor":22,"turns":6},{"damage":44,"enemies":"Shelled Parasite and Fungi","floor":24,"turns":4},{"damage":12,"enemies":"3 Cultists","floor":28,"turns":3},{"damage":10,"enemies":"Cultist and Chosen","floor":30,"turns":3},{"damage":12,"enemies":"Centurion and Healer","floor":31,"turns":3},{"damage":36,"enemies":"Champ","floor":33,"turns":8},{"damage":18,"enemies":"Orb Walker","floor":35,"turns":3},{"damage":28,"enemies":"3 Darklings","floor":37,"turns":4},{"damage":44,"enemies":"Jaw Worm Horde","floor":38,"turns":2}],"seed_played":"-7334435255078100299","potions_obtained":[{"floor":7,"key":"LiquidBronze"},{"floor":11,"key":"DuplicationPotion"},{"floor":12,"key":"FearPotion"},{"floor":16,"key":"PowerPotion"},{"floor":22,"key":"BloodPotion"},{"floor":24,"key":"CultistPotion"},{"floor":28,"key":"ColorlessPotion"},{"floor":30,"key":"SneckoOil"},{"floor":35,"key":"Dexterity Potion"}],"is_trial":false,"path_per_floor":["M","?","$","?","M","R","M","R","T","T","M","M","$","M","R","B",null,"M","M","?","?","M","R","M","R","T","$","M","?","M","M","R","B",null,"M","$","M","M"],"character_chosen":"IRONCLAD","items_purchased":["Turnip","Gremlin Horn","Apotheosis","Pen Nib"],"campfire_rested":1,"item_purchase_floors":[3,13,36,36],"current_hp_per_floor":[53,53,53,42,35,57,53,53,53,53,58,54,54,47,47,23,74,74,56,56,51,43,43,29,29,29,29,51,51,51,51,51,37,51,45,45,41,0,0],"gold":87,"neow_bonus":"TWO_FIFTY_GOLD","is_daily":false,"chose_seed":false,"campfire_upgraded":5,"win_rate":0.0,"timestamp":1609661675,"path_taken":["M","?","$","?","M","R","M","R","T","?","M","M","$","M","R","BOSS","M","M","?","?","M","R","M","R","T","$","M","?","M","?","R","BOSS","M","$","M","?"],"items_purchased_type":["Relic","Relic","Card","Relic"],"build_version":"2020-12-22","purchased_purges":1,"victory":false,"max_hp_per_floor":[80,74,74,74,74,74,74,74,74,74,74,74,74,74,74,74,74,74,74,74,51,51,51,51,51,51,51,51,51,51,51,51,51,51,51,51,51,51,51],"card_choices":[{"not_picked":["Pommel Strike","Metallicize"],"picked":"Headbutt","floor":1},{"not_picked":["Wild Strike","Warcry","Twin Strike"],"picked":"SKIP","floor":5},{"not_picked":["Warcry","Perfected Strike","Evolve"],"picked":"SKIP","floor":7},{"not_picked":["Sever Soul","Dark Embrace","Twin Strike"],"picked":"SKIP","floor":11},{"not_picked":["Hemokinesis","Pommel Strike"],"picked":"Spot Weakness","floor":12},{"not_picked":["Hemokinesis","Infernal Blade","Wild Strike"],"picked":"SKIP","floor":14},{"not_picked":["Demon Form","Fiend Fire"],"picked":"Double Tap","floor":16},{"not_picked":["Ghostly Armor","Sword Boomerang"],"picked":"Battle Trance+1","floor":18},{"not_picked":["Dropkick","Warcry","Spot Weakness"],"picked":"SKIP","floor":19},{"not_picked":["Twin Strike+1","Havoc","Perfected Strike"],"picked":"SKIP","floor":22},{"not_picked":["Feel No Pain","Body Slam"],"picked":"Whirlwind","floor":24},{"not_picked":["Headbutt","Clothesline"],"picked":"Inflame+1","floor":28},{"not_picked":["Dropkick+1","Pommel Strike+1","Warcry"],"picked":"SKIP","floor":30},{"not_picked":["Heavy Blade","Bludgeon","Fire Breathing"],"picked":"SKIP","floor":31},{"not_picked":["Juggernaut","Double Tap"],"picked":"Impervious","floor":33},{"not_picked":["Fire Breathing","Thunderclap","Iron Wave+1"],"picked":"SKIP","floor":35},{"not_picked":["Iron Wave+1","Body Slam+1","Infernal Blade+1"],"picked":"SKIP","floor":37}],"player_experience":658644,"relics_obtained":[{"floor":9,"key":"Whetstone"},{"floor":10,"key":"Matryoshka"},{"floor":26,"key":"Lantern"},{"floor":26,"key":"Letter Opener"}],"event_choices":[{"damage_healed":0,"gold_gain":0,"player_choice":"Lose Max HP","damage_taken":0,"relics_obtained":["Golden Idol"],"max_hp_gain":0,"max_hp_loss":6,"event_name":"Golden Idol","floor":2,"gold_loss":0},{"damage_healed":0,"gold_gain":75,"player_choice":"Gather Gold","damage_taken":11,"max_hp_gain":0,"max_hp_loss":0,"event_name":"World of Goop","floor":4,"gold_loss":0},{"damage_healed":0,"gold_gain":0,"player_choice":"Stole Relic","damage_taken":0,"relics_obtained":["Du-Vu Doll"],"max_hp_gain":0,"max_hp_loss":0,"event_name":"Addict","floor":20,"gold_loss":0,"cards_obtained":["Shame"]},{"damage_healed":0,"gold_gain":0,"player_choice":"Became a vampire","damage_taken":0,"max_hp_gain":0,"max_hp_loss":23,"event_name":"Vampires","floor":21,"gold_loss":0,"cards_obtained":["Bite","Bite","Bite","Bite","Bite"]},{"damage_healed":0,"gold_gain":0,"player_choice":"Ignored","damage_taken":0,"max_hp_gain":0,"max_hp_loss":0,"event_name":"Ghosts","floor":29,"gold_loss":0}],"is_beta":false,"boss_relics":[{"not_picked":["Runic Cube","Runic Dome"],"picked":"Black Blood"},{"not_picked":["Busted Crown","Philosopher\u0027s Stone"],"picked":"Cursed Key"}],"items_purged_floors":[27],"is_endless":false,"potions_floor_spawned":[7,11,12,16,22,24,28,30,35],"killed_by":"Jaw Worm Horde","ascension_level":0}}