{"host":"5fq8bvq52z1dc26y","time":1609701917,"event":{"mods":["AchievementEnabler","BaseMod","Downfall","Minty Spire (QoL Compilation)","Quick Restart","Replay The Spire","StSLib","Synergy Search"],"gold_per_floor":[99,109,123,123,135,146,170,170,186,186,198,198,214,52,65,162,162,162,182,201,201,201,220,220,233,251,251,236,250,250,268,279,374,374,374,392,406,417,417,402,402,402,420,420,684,699,699,699,699,699,699,699],"floor_reached":50,"playtime":4757,"items_purged":[],"score":467,"play_id":"5dac1280-ebf6-4640-a702-05b8ca3d9441","local_time":"20210103202517","is_ascension_mode":false,"campfire_choices":[{"data":"Slimebound:Split","floor":1.0,"key":"SMITH"},{"data":"Slimebound:SlimeBarrage","floor":10,"key":"SMITH"},{"data":"Slimebound:LevelUp","floor":27,"key":"SMITH"},{"floor":44,"key":"REST"},{"floor":47,"key":"REST"}],"circlet_count":0,"master_deck":["Slimebound:Strike_Slimebound","Slimebound:Strike_Slimebound","Slimebound:Strike_Slimebound","Slimebound:Tackle","Slimebound:Defend_Slimebound","Slimebound:Defend_Slimebound","Slimebound:Defend_Slimebound","Slimebound:Defend_Slimebound","Slimebound:Split+1","Slimebound:CorrosiveSpit+1","Slimebound:PressTheAttack","Slimebound:MegaLick","Slimebound:Gluttony+1","Slimebound:SlimeBarrage+1","Slimebound:RainOfGoop","Slimebound:LeechingTouch","Slimebound:GoopSpray","Slimebound:RainOfGoop","Slimebound:SpikyOuterGoop+1","Slimebound:Overexert","Slimebound:Schlurp+1","Slimebound:SplitLeeching+1","Slimebound:Grow+1","Slimebound:LevelUp+1","Slimebound:SplitAcid+1","Slimebound:SelfFormingGoo","Sickly","Parasite","Slimebound:Schlurp+1","Slimebound:Schlurp+1","Slimebound:ProtectTheBoss","Slimebound:RainOfGoop","Slimebound:LeadByExample+1","Slimebound:LevelUp","Slimebound:Gluttony+1"],"relics":["Slimebound:AbsorbEndCombat","Replay:Mystery Machine","Happy Flower","Philosopher\u0027s Stone","Enchiridion","FossilizedHelix","Replay:Ancient Bell","Nunchaku","Replay:WaspNest","Replay:PocketPolymizer","Ring of Panic","Ring of Fury","Bottled Tornado"],"acts_visited":["Exordium","TheCity","TheBeyond"],"potions_floor_usage":[13,16,16,23,40,40,50,50],"damage_taken":[{"damage":24.0,"enemies":"Jaw Worm","floor":2.0,"turns":3.0},{"damage":16.0,"enemies":"Cultist","floor":3.0,"turns":4.0},{"damage":19.0,"enemies":"Small Slimes","floor":5.0,"turns":3.0},{"damage":20,"enemies":"2 Fungi Beasts","floor":6,"turns":3},{"damage":6,"enemies":"Exordium Wildlife","floor":9,"turns":4},{"damage":5,"enemies":"Blue Slaver","floor":11,"turns":3},{"damage":22,"enemies":"Exordium Thugs","floor":13,"turns":3},{"damage":8,"enemies":"downfall:FleeingMerchant","floor":14,"turns":4},{"damage":12,"enemies":"3 Louse","floor":15,"turns":3},{"damage":21,"enemies":"downfall:Watcher","floor":16,"turns":9},{"damage":27,"enemies":"Shell Parasite","floor":19,"turns":3},{"damage":43,"enemies":"3 Cultists","floor":20,"turns":5},{"damage":20,"enemies":"Snake Plant","floor":23,"turns":3},{"damage":1,"enemies":"Chosen and Byrds","floor":25,"turns":4},{"damage":26,"enemies":"Centurion and Healer","floor":26,"turns":5},{"damage":0,"enemies":"downfall:FleeingMerchant","floor":28,"turns":4},{"damage":11,"enemies":"Cultist and Chosen","floor":29,"turns":5},{"damage":13,"enemies":"3 Cultists","floor":31,"turns":5},{"damage":34,"enemies":"Chosen and Byrds","floor":32,"turns":5},{"damage":82,"enemies":"downfall:Ironclad","floor":33,"turns":8},{"damage":24,"enemies":"3 Darklings","floor":36,"turns":3},{"damage":21,"enemies":"3 Shapes","floor":37,"turns":4},{"damage":38,"enemies":"Sphere and 2 Shapes","floor":38,"turns":4},{"damage":23,"enemies":"downfall:FleeingMerchant","floor":40,"turns":4},{"damage":38,"enemies":"Maw","floor":43,"turns":7},{"damage":44,"enemies":"downfall:FleeingMerchant","floor":45,"turns":4},{"damage":22,"enemies":"Spire Growth","floor":46,"turns":4},{"damage":111,"enemies":"Transient","floor":50,"turns":5}],"seed_played":"-3824819141057840271","potions_obtained":[{"floor":5,"key":"Languid Potion"},{"floor":6,"key":"Languid Potion"},{"floor":9,"key":"Energy Potion"},{"floor":13,"key":"Block Potion"},{"floor":16,"key":"Swift Potion"},{"floor":20,"key":"Dexterity Potion"},{"floor":26,"key":"FearPotion"},{"floor":46,"key":"PowerPotion"}],"is_trial":false,"path_per_floor":["R","M","M","?","M","M","T","?","M","R","M","?","M","$","M","B",null,"R","M","M","?","?","M","T","M","M","R","$","M","?","M","M","B",null,"R","M","M","M","?","$","T","?","M","R","$","M","R","PTL","PTL","M"],"character_chosen":"SLIMEBOUND","items_purchased":["Happy Flower","Slimebound:LevelUp"],"campfire_rested":2,"item_purchase_floors":[14,45],"current_hp_per_floor":[66,54,50,50,43,43,43,43,57,57,60,60,58,66,62,65,66,66,55,40,24,24,24,24,47,57,57,66,66,66,61,52,10,66,66,50,57,35,35,40,40,40,38,57,33,31,50,50,50,0,0,0],"gold":699,"neow_bonus":"TEN_PERCENT_HP_BONUS","is_daily":false,"chose_seed":false,"campfire_upgraded":3,"win_rate":0.0,"timestamp":1609701917,"path_taken":["R","M","M","?","?","M","T","?","M","R","M","?","M","?","M","BOSS","R","M","M","?","?","?","T","M","M","R","?","M","?","M","M","BOSS","R","M","M","M","?","$","T","?","?","R","?","M","R","PTL","PTL","M"],"items_purchased_type":["Relic","Card"],"build_version":"2020-12-22","purchased_purges":0,"victory":false,"max_hp_per_floor":[66,66,66,66,66,66,66,66,66,66,66,66,66,66,66,66,66,66,66,66,66,66,66,66,66,66,66,66,66,66,66,66,66,66,66,66,66,66,66,66,66,66,66,66,66,66,66,66,66,66,66,66],"card_choices":[{"not_picked":["Slimebound:SplitMire","Slimebound:SlimeBarrage"],"picked":"Slimebound:PressTheAttack","floor":2.0},{"not_picked":["Slimebound:ComboTackle","Slimebound:FlameTackle"],"picked":"Slimebound:MegaLick","floor":3.0},{"not_picked":["Slimebound:TongueLash","Slimebound:SplitBruiser"],"picked":"Slimebound:Gluttony","floor":5},{"not_picked":["Slimebound:SlimeSpikes","Slimebound:SamplingLick"],"picked":"Slimebound:SlimeBarrage","floor":6},{"not_picked":["Slimebound:ViciousTackle","Slimebound:SplitMire"],"picked":"Slimebound:RainOfGoop","floor":9},{"not_picked":["Slimebound:ViciousTackle","Slimebound:SplitAcid"],"picked":"Slimebound:LeechingTouch","floor":11},{"not_picked":["Slimebound:MegaLick","Slimebound:FinishingTackle"],"picked":"Slimebound:GoopSpray","floor":13},{"not_picked":["Slimebound:Teamwork","Slimebound:FirmFortitude"],"picked":"Slimebound:RainOfGoop","floor":14},{"not_picked":["Slimebound:RejuvenatingLick","Slimebound:HauntingLick"],"picked":"Slimebound:SpikyOuterGoop","floor":15},{"not_picked":["Slimebound:MassFeed","Slimebound:MassRepurpose"],"picked":"Slimebound:Overexert","floor":16},{"not_picked":["Slimebound:TongueLash","Slimebound:GrowthPunch"],"picked":"Slimebound:Schlurp+1","floor":19},{"not_picked":["Slimebound:RejuvenatingLick+1","Slimebound:Replication"],"picked":"Slimebound:SplitLeeching+1","floor":20},{"not_picked":["Slimebound:ViciousTackle","Slimebound:SlimeSpikes+1"],"picked":"Slimebound:Grow+1","floor":23},{"not_picked":["Slimebound:SplitBruiser","Slimebound:SplitMire"],"picked":"Slimebound:LevelUp","floor":25},{"not_picked":["Slimebound:LeadByExample+1","Slimebound:SamplingLick"],"picked":"Slimebound:SplitAcid","floor":26},{"not_picked":["Slimebound:FinishingTackle+1","Slimebound:SpikyOuterGoop","Slimebound:PressTheAttack"],"picked":"SKIP","floor":28},{"not_picked":["Slimebound:HauntingLick","Slimebound:Grow+1","Slimebound:LeechEnergy"],"picked":"SKIP","floor":29},{"not_picked":["Slimebound:GrowthPunch+1","Slimebound:LeechingTouch"],"picked":"Slimebound:SelfFormingGoo","floor":31},{"not_picked":["Slimebound:RollThrough+1","Slimebound:FlameTackle+1","Slimebound:SamplingLick"],"picked":"SKIP","floor":32},{"not_picked":["Delirium","ReplayTheSpireMod:IOU"],"picked":"Sickly","floor":34},{"not_picked":["Shame","Replay:Hysterical Blindness"],"picked":"Parasite","floor":34},{"not_picked":["Regret","sneckomod:Bewildered"],"picked":"Spreading Infection","floor":34},{"not_picked":["Slimebound:Dissolve","Slimebound:DisruptingSlam"],"picked":"Slimebound:Schlurp+1","floor":36},{"not_picked":["Slimebound:PrepareCrush","Slimebound:ViciousTackle","Slimebound:Replication"],"picked":"SKIP","floor":37},{"not_picked":["Slimebound:SplitMire+1","Slimebound:PressTheAttack"],"picked":"Slimebound:Schlurp+1","floor":38},{"not_picked":["Slimebound:RainOfGoop","Slimebound:Prepare"],"picked":"Slimebound:ProtectTheBoss","floor":40},{"not_picked":["Slimebound:ComboTackle","Slimebound:Overexert"],"picked":"Slimebound:RainOfGoop","floor":43},{"not_picked":["Slimebound:SplitAcid","Slimebound:SplitLeeching"],"picked":"Slimebound:LeadByExample+1","floor":45},{"not_picked":["Slimebound:SplitLeeching+1","Slimebound:SplitMire+1"],"picked":"Slimebound:Gluttony+1","floor":46}],"player_experience":143457,"relics_obtained":[{"floor":7,"key":"Replay:Mystery Machine"},{"floor":21,"key":"Enchiridion"},{"floor":24,"key":"FossilizedHelix"},{"floor":39,"key":"Ring of Panic"},{"floor":39,"key":"Ring of Fury"},{"floor":41,"key":"Bottled Tornado"}],"event_choices":[{"damage_healed":0.0,"max_hp_gain":0.0,"max_hp_loss":0.0,"gold_gain":0.0,"event_name":"Upgrade Shrine","player_choice":"Upgraded","floor":4.0,"gold_loss":0.0,"damage_taken":0.0,"cards_upgraded":["Slimebound:CorrosiveSpit"]},{"damage_healed":0,"gold_gain":0,"player_choice":"Grow","damage_taken":0,"max_hp_gain":0,"max_hp_loss":0,"event_name":"Living Wall","floor":8,"gold_loss":0,"cards_upgraded":["Slimebound:Gluttony"]},{"damage_healed":0,"gold_gain":0,"player_choice":"Ignored","damage_taken":0,"max_hp_gain":0,"max_hp_loss":0,"event_name":"Ghosts","floor":22,"gold_loss":0},{"damage_healed":0,"gold_gain":0,"player_choice":"Ignored","damage_taken":0,"max_hp_gain":0,"max_hp_loss":0,"event_name":"Vampires","floor":30,"gold_loss":0},{"cards_removed":["Sickly"],"damage_healed":0,"gold_gain":0,"player_choice":"Purged","damage_taken":0,"max_hp_gain":0,"max_hp_loss":0,"event_name":"Purifier","floor":42,"gold_loss":0}],"is_beta":false,"boss_relics":[{"not_picked":["Tiny House","ChewingGum"],"picked":"Philosopher\u0027s Stone"},{"not_picked":["Black Star","Slimebound:AbsorbEndCombatUpgraded"],"picked":"Replay:Ancient Bell"},{"not_picked":["MealTicket","Vajra"],"picked":"Nunchaku"},{"not_picked":["Singing Bowl","Letter Opener"],"picked":"Replay:WaspNest"},{"not_picked":["Ginger","TungstenRod"],"picked":"Replay:PocketPolymizer"}],"items_purged_floors":[],"is_endless":false,"potions_floor_spawned":[5,6,9,11,13,16,20,26,29,31,38,46],"killed_by":"Transient","ascension_level":0}}