{"host":"1c52r9kaxdyo25eq","time":1609671724,"event":{"mods":["AchievementEnabler","BaseMod","Minty Spire (QoL Compilation)","Rare Cards Sparkle","SuperFastMode","everything is the same but u backflip on backflip"],"gold_per_floor":[118,118,138,138,57,57,82,82,154,169,186,205,59,79,79,182,182,192,192,117,129,129,129],"floor_reached":22,"playtime":1341,"items_purged":[],"score":295,"play_id":"edc63862-678d-4f29-936f-19511fdbbbb2","local_time":"20210103200204","is_ascension_mode":true,"campfire_choices":[{"data":"Second Wind","floor":6.0,"key":"SMITH"},{"data":"Bash","floor":8.0,"key":"SMITH"},{"data":"Wild Strike","floor":15.0,"key":"SMITH"}],"circlet_count":0,"master_deck":["Strike_R+1","Strike_R","Strike_R","Defend_R","Defend_R","Defend_R+1","Bash+1","Second Wind+1","Pommel Strike","Wild Strike+1","Barricade","Entrench"],"relics":["Burning Blood","NeowsBlessing","Bag of Marbles","Juzu Bracelet","Self Forming Clay","Pen Nib","Empty Cage"],"acts_visited":["Exordium","TheCity"],"potions_floor_usage":[22],"damage_taken":[{"damage":0.0,"enemies":"2 Louse","floor":1.0,"turns":1.0},{"damage":0.0,"enemies":"Small Slimes","floor":3.0,"turns":1.0},{"damage":0.0,"enemies":"Gremlin Nob","floor":7.0,"turns":1.0},{"damage":0.0,"enemies":"Jaw Worm","floor":10.0,"turns":3.0},{"damage":15.0,"enemies":"Lots of Slimes","floor":11.0,"turns":5.0},{"damage":7.0,"enemies":"3 Louse","floor":12.0,"turns":2.0},{"damage":8.0,"enemies":"Blue Slaver","floor":14.0,"turns":3.0},{"damage":20.0,"enemies":"Slime Boss","floor":16.0,"turns":7.0},{"damage":12.0,"enemies":"Spheric Guardian","floor":18.0,"turns":4.0},{"damage":39.0,"enemies":"Shell Parasite","floor":21.0,"turns":8.0},{"damage":13,"enemies":"Masked Bandits","floor":22,"turns":3}],"seed_played":"-7013057917526290324","potions_obtained":[{"floor":3.0,"key":"Ancient Potion"},{"floor":10.0,"key":"Strength Potion"},{"floor":11.0,"key":"SpeedPotion"}],"is_trial":false,"path_per_floor":["M","?","M","?","$","R","E","R","T","M","M","M","$","M","R","B",null,"M","?","?","M","?"],"character_chosen":"IRONCLAD","items_purchased":["Second Wind","Pen Nib"],"campfire_rested":0,"item_purchase_floors":[5,13],"current_hp_per_floor":[78,62,68,56,56,56,62,62,62,68,59,58,58,56,56,42,71,65,65,65,32,19,19],"gold":129,"neow_bonus":"THREE_ENEMY_KILL","is_daily":false,"chose_seed":false,"campfire_upgraded":3,"win_rate":0.0,"timestamp":1609671724,"path_taken":["M","?","M","?","$","R","E","R","T","M","M","M","$","M","R","BOSS","M","?","?","M","?"],"items_purchased_type":["Card","Relic"],"build_version":"2020-12-22","purchased_purges":0,"victory":false,"max_hp_per_floor":[80,80,80,80,80,80,80,80,80,80,80,80,80,80,80,80,80,80,80,80,80,80,80],"card_choices":[{"not_picked":["Clash","Headbutt","Infernal Blade"],"picked":"SKIP","floor":1.0},{"not_picked":["Inflame","Twin Strike","Rage"],"picked":"SKIP","floor":3.0},{"not_picked":["Thunderclap","Flex","Spot Weakness"],"picked":"SKIP","floor":7.0},{"not_picked":["Seeing Red","Ghostly Armor"],"picked":"Pommel Strike","floor":10.0},{"not_picked":["Cleave","Heavy Blade"],"picked":"Wild Strike","floor":11.0},{"not_picked":["Headbutt","Flame Barrier","Sword Boomerang"],"picked":"SKIP","floor":12.0},{"not_picked":["Second Wind","Thunderclap","Carnage"],"picked":"SKIP","floor":14.0},{"not_picked":["Bludgeon","Limit Break"],"picked":"Barricade","floor":16.0},{"not_picked":["Anger","Sword Boomerang","Wild Strike"],"picked":"SKIP","floor":18.0},{"not_picked":["True Grit","Rupture","Headbutt"],"picked":"SKIP","floor":21.0}],"player_experience":543151,"relics_obtained":[{"floor":7.0,"key":"Juzu Bracelet"},{"floor":9.0,"key":"Self Forming Clay"}],"event_choices":[{"damage_healed":0.0,"max_hp_gain":0.0,"max_hp_loss":0.0,"gold_gain":0.0,"event_name":"Shining Light","player_choice":"Entered Light","floor":2.0,"gold_loss":0.0,"damage_taken":16.0,"cards_upgraded":["Defend_R","Strike_R"]},{"damage_healed":0.0,"max_hp_gain":0.0,"max_hp_loss":0.0,"gold_gain":0.0,"event_name":"Scrap Ooze","player_choice":"Success","floor":4.0,"gold_loss":0.0,"damage_taken":12.0,"relics_obtained":["Bag of Marbles"]},{"damage_healed":0.0,"max_hp_gain":0.0,"max_hp_loss":0.0,"gold_gain":0.0,"event_name":"The Library","player_choice":"Read","floor":19.0,"gold_loss":0.0,"damage_taken":0.0,"cards_obtained":["Entrench"]},{"cards_removed":["Strike_R"],"damage_healed":0.0,"max_hp_gain":0.0,"max_hp_loss":0.0,"gold_gain":0.0,"event_name":"Beggar","player_choice":"Gave Gold","floor":20.0,"gold_loss":75.0,"damage_taken":0.0},{"damage_healed":0,"gold_gain":0,"player_choice":"Fought Bandits","damage_taken":0,"max_hp_gain":0,"max_hp_loss":0,"event_name":"Masked Bandits","floor":22,"gold_loss":0}],"is_beta":false,"boss_relics":[{"not_picked":["Runic Cube","Black Star"],"picked":"Empty Cage"}],"items_purged_floors":[],"is_endless":false,"potions_floor_spawned":[3,10,11,12],"killed_by":"Masked Bandits","ascension_level":8}}