{"host":"u3zhfyeznnb1kiy1","time":1609707009,"event":{"mods":["BaseMod","Colored Map","Colored Powertips","Downfall","GifTheSpireLib","Highlight Path","Minty Spire (QoL Compilation)","StSLib"],"gold_per_floor":[99,116,135,135,146,56,56,71,106,31,59,71,71,96,113,113,113],"floor_reached":16,"playtime":1261,"items_purged":["sneckomod:Defend"],"score":134,"play_id":"6b45aa19-a006-4859-823b-67df0cbca316","local_time":"20210103155009","is_ascension_mode":true,"campfire_choices":[{"floor":1,"key":"RECALL"},{"data":"sneckomod:WideSting","floor":10,"key":"SMITH"}],"circlet_count":0,"master_deck":["sneckomod:Strike","sneckomod:Strike","sneckomod:Defend","sneckomod:TailWhip","sneckomod:SnekBite","sneckomod:Unknown","sneckomod:Unknown","sneckomod:UnknownBlock","sneckomod:QuickBite","sneckomod:UnknownStrength","sneckomod:ImprovisedGuard","sneckomod:WideSting+1","sneckomod:UnknownRarePower","sneckomod:UnknownDexterity","sneckomod:ImprovisedAttack","sneckomod:CheapStock"],"relics":["sneckomod:SneckoSoul","Tiny Chest","downfall:HeartBlessingRed","Bag of Preparation","Bottled Flame"],"acts_visited":["Exordium"],"potions_floor_usage":[6,9,16],"damage_taken":[{"damage":10,"enemies":"2 Louse","floor":2,"turns":2},{"damage":2,"enemies":"Cultist","floor":3,"turns":4},{"damage":0,"enemies":"Jaw Worm","floor":5,"turns":5},{"damage":5,"enemies":"downfall:FleeingMerchant","floor":6,"turns":4},{"damage":15,"enemies":"Gremlin Gang","floor":8,"turns":7},{"damage":14,"enemies":"Gremlin Nob","floor":9,"turns":3},{"damage":9,"enemies":"Lagavulin","floor":11,"turns":11},{"damage":6,"enemies":"Lots of Slimes","floor":12,"turns":2},{"damage":10,"enemies":"Gremlin Nob","floor":14,"turns":5},{"damage":13,"enemies":"Blue Slaver","floor":15,"turns":3},{"damage":22,"enemies":"downfall:Watcher","floor":16,"turns":4}],"seed_played":"-1515629530750500133","potions_obtained":[{"floor":2,"key":"ColorlessPotion"},{"floor":8,"key":"Fire Potion"},{"floor":9,"key":"Explosive Potion"},{"floor":11,"key":"Dexterity Potion"},{"floor":14,"key":"GamblersBrew"}],"is_trial":false,"path_per_floor":["R","M","M","?","M","$","T","M","E","R","E","M","?","E","M","B"],"character_chosen":"THE_SNECKO","items_purchased":[],"campfire_rested":0,"item_purchase_floors":[],"current_hp_per_floor":[99,90,88,88,89,84,84,69,56,56,48,42,42,32,19,0,0],"gold":113,"neow_bonus":"TEN_PERCENT_HP_BONUS","is_daily":false,"chose_seed":false,"campfire_upgraded":1,"win_rate":0.0,"timestamp":1609707009,"path_taken":["R","M","M","?","?","$","T","M","E","R","E","M","?","E","M","BOSS"],"items_purchased_type":[],"build_version":"2020-12-22","purchased_purges":1,"victory":false,"max_hp_per_floor":[99,100,100,100,101,101,101,101,102,102,103,103,103,103,103,103,103],"card_choices":[{"not_picked":["sneckomod:QuickBite","sneckomod:WideSting"],"picked":"sneckomod:UnknownBlock","floor":2},{"not_picked":["sneckomod:RainOfDice","sneckomod:Unknown3Cost"],"picked":"sneckomod:QuickBite","floor":3},{"not_picked":["sneckomod:UnknownUncommonAttack","sneckomod:UnknownClassRED"],"picked":"sneckomod:UnknownStrength","floor":5},{"not_picked":["sneckomod:UnknownClassGUARDIAN","sneckomod:DiceCrush"],"picked":"sneckomod:ImprovisedGuard","floor":6},{"not_picked":["sneckomod:UnknownClassSLIMEBOUND","sneckomod:UnknownStrike"],"picked":"sneckomod:WideSting","floor":8},{"not_picked":["sneckomod:UnknownClassRED","sneckomod:UnknownClassGREEN"],"picked":"sneckomod:UnknownRarePower","floor":9},{"not_picked":["sneckomod:Nope","sneckomod:UnknownCommonAttack"],"picked":"sneckomod:UnknownDexterity","floor":11},{"not_picked":["sneckomod:UnknownClassHEXA_GHOST_PURPLE","sneckomod:RainOfDice","sneckomod:WideSting"],"picked":"SKIP","floor":12},{"not_picked":["sneckomod:SoulExchange","sneckomod:RainOfDice"],"picked":"sneckomod:ImprovisedAttack","floor":14},{"not_picked":["sneckomod:QuickBite","sneckomod:UnknownDexterity"],"picked":"sneckomod:CheapStock","floor":15}],"player_experience":1250883,"relics_obtained":[{"floor":9,"key":"Tiny Chest"},{"floor":11,"key":"Bag of Preparation"},{"floor":14,"key":"Bottled Flame"}],"event_choices":[{"cards_removed":["sneckomod:Strike"],"damage_healed":0,"gold_gain":0,"player_choice":"Offered Basic","damage_taken":0,"max_hp_gain":0,"max_hp_loss":0,"event_name":"Bonfire Elementals","floor":4,"gold_loss":0},{"cards_removed":["sneckomod:Defend"],"damage_healed":0,"gold_gain":0,"player_choice":"Purged","damage_taken":0,"max_hp_gain":0,"max_hp_loss":0,"event_name":"Purifier","floor":13,"gold_loss":0}],"is_beta":false,"boss_relics":[],"items_purged_floors":[6],"is_endless":false,"potions_floor_spawned":[2,8,9,11,14],"killed_by":"downfall:Watcher","ascension_level":2}}