{"host":"kev6uqotw4tlyx8l","time":1609648102,"event":{"mods":["Act Like it!","Aspiration","BaseMod","Colored Powertips","Dota2Spire","Downfall","Hallownest","Infinite Spire","Marisa????????","Minty Spire (QoL Compilation)","Quick Restart","Remilia??????","Replay The Spire","StSLib","The Cursed","The Jungle","The Marked","The Mystic","The Servant 0.9.4"],"gold_per_floor":[110,40,102,119,135,135,166,166,166,166,179,205,222,238,238,238,238],"floor_reached":16,"playtime":1849,"items_purged":[],"score":130,"play_id":"aeaedfe8-b120-4015-92fb-644892297dd3","local_time":"20210103112822","is_ascension_mode":true,"campfire_choices":[{"data":"ReplayTheSpireMod:Limb From Limb","floor":6,"key":"SMITH"},{"floor":10,"key":"REST"}],"circlet_count":0,"master_deck":["Strike_R","Strike_R","Strike_R","Strike_R","Strike_R","Defend_R","Defend_R","Defend_R","Defend_R","Bash","Heavy Blade","Heavy Blade+1","ReplayTheSpireMod:Limb From Limb+1","Heavy Blade","Rampage","Pommel Strike","Combust","Shrug It Off","Warcry"],"relics":["Burning Blood","NeowsBlessing","Hallownest:StagBellRelic1","Dota2Spire:PowerTreads","Hallownest:SalubrasBlessingRelic","Paper Frog","Bird Faced Urn"],"acts_visited":["Hallownest:Greenpath"],"potions_floor_usage":[11,12,14,16],"damage_taken":[{"damage":0,"enemies":"Hallownest:2_MossCreeps","floor":1,"turns":1},{"damage":0,"enemies":"Hallownest:monsterHuskGuard","floor":4,"turns":1},{"damage":0,"enemies":"2_ Uuma","floor":5,"turns":1},{"damage":12,"enemies":"Hallownest:eliteMossKnight","floor":7,"turns":3},{"damage":18,"enemies":"Hallownest:MossCreep_and_Mosskin","floor":11,"turns":4},{"damage":31,"enemies":"Hallownest:eliteCrystalGuardian","floor":12,"turns":4},{"damage":14,"enemies":"Hallownest:monsterFoolEater","floor":13,"turns":3},{"damage":9,"enemies":"Hallownest:Wandering_and_Horned","floor":14,"turns":3},{"damage":65,"enemies":"Hallownest:BossHornet","floor":16,"turns":5}],"seed_played":"-1366486766000361789","potions_obtained":[{"floor":3,"key":"Venom Potion"},{"floor":3,"key":"LiquidMemories"},{"floor":3,"key":"DuplicationPotion"},{"floor":13,"key":"SkillPotion"},{"floor":14,"key":"SkillPotion"}],"is_trial":false,"path_per_floor":["M","?","?","M","M","R","E","?","T","R","M","E","M","M","R","B"],"character_chosen":"IRONCLAD","items_purchased":[],"campfire_rested":1,"item_purchase_floors":[],"current_hp_per_floor":[80,80,48,54,60,60,54,54,54,80,68,43,35,32,58,0,0],"gold":238,"neow_bonus":"THREE_ENEMY_KILL","is_daily":false,"chose_seed":false,"campfire_upgraded":1,"win_rate":0.0,"timestamp":1609648102,"path_taken":["M","?","?","M","M","R","E","?","T","R","M","E","M","M","R","BOSS"],"items_purchased_type":[],"build_version":"2020-12-22","purchased_purges":0,"victory":false,"max_hp_per_floor":[80,80,80,80,80,80,80,80,80,82,82,82,82,82,84,84,84],"card_choices":[{"not_picked":["Clothesline","Twin Strike"],"picked":"Heavy Blade","floor":1},{"not_picked":["Warcry","Feel No Pain"],"picked":"Heavy Blade","floor":3},{"not_picked":["Infernal Blade","Armaments"],"picked":"ReplayTheSpireMod:Limb From Limb","floor":4},{"not_picked":["Spot Weakness","Anger"],"picked":"Heavy Blade","floor":5},{"not_picked":["Havoc","Anger"],"picked":"Rampage","floor":7},{"not_picked":["Iron Wave","Feel No Pain"],"picked":"Pommel Strike","floor":11},{"not_picked":["Body Slam","Corruption"],"picked":"Combust","floor":12},{"not_picked":["Body Slam","Wild Strike"],"picked":"Shrug It Off","floor":13},{"not_picked":["Armaments","Body Slam"],"picked":"Warcry","floor":14}],"player_experience":74664,"relics_obtained":[{"floor":7,"key":"Dota2Spire:PowerTreads"},{"floor":9,"key":"Paper Frog"},{"floor":12,"key":"Bird Faced Urn"}],"event_choices":[],"is_beta":false,"boss_relics":[],"items_purged_floors":[],"is_endless":false,"potions_floor_spawned":[5,13,14],"killed_by":"Hallownest:BossHornet","ascension_level":4}}