{"host":"b7j598ve05halrwk","time":1609697644,"event":{"mods":["2.2 Compatiblity","BaseMod","Block Reminder","DeckTracker","Minty Spire (QoL Compilation)","Relic Stats","Slay the Relics Exporter","StSLib","ojb\u0027s Info Mod"],"gold_per_floor":[117,117,135,135,150,150,32,67,139,173,173,199,217,228,228,306,306,324,66,80,93,18,18,46,46,46,71,91,91,91,91,91,91,91],"floor_reached":33,"playtime":2148,"items_purged":["Defend_B","Strike_B"],"score":586,"play_id":"248e916c-2595-4ad7-b62c-62f5723b27b4","local_time":"20210103131404","is_ascension_mode":true,"campfire_choices":[{"data":"Beam Cell","floor":6,"key":"SMITH"},{"floor":15,"key":"REST"},{"data":"Defragment","floor":23,"key":"SMITH"},{"data":"Defragment","floor":25,"key":"SMITH"},{"data":"Defragment","floor":29,"key":"SMITH"},{"data":"Static Discharge","floor":32,"key":"SMITH"}],"circlet_count":0,"master_deck":["AscendersBane","Strike_B","Defend_B","Defend_B","Defend_B","Zap","Dualcast","Beam Cell+1","Self Repair","FTL","Glacier","Lockon","Leap","Cold Snap","Electrodynamics","Defragment+1","Consume","Chill","Defragment+1","FTL","Defragment+1","Static Discharge+1","Decay","Writhe"],"relics":["Cracked Core","Torii","Anchor","Juzu Bracelet","Darkstone Periapt","Mercury Hourglass","Bag of Marbles","Coffee Dripper","Oddly Smooth Stone","Letter Opener","Smiling Mask","Sundial"],"acts_visited":["Exordium","TheCity"],"potions_floor_usage":[8,16,21,24,33],"damage_taken":[{"damage":7,"enemies":"Small Slimes","floor":1,"turns":3},{"damage":0,"enemies":"2 Louse","floor":3,"turns":1},{"damage":7,"enemies":"Jaw Worm","floor":5,"turns":4},{"damage":25,"enemies":"Lagavulin","floor":8,"turns":6},{"damage":19,"enemies":"3 Sentries","floor":10,"turns":14},{"damage":0,"enemies":"Looter","floor":13,"turns":2},{"damage":2,"enemies":"Exordium Wildlife","floor":14,"turns":4},{"damage":3,"enemies":"Slime Boss","floor":16,"turns":11},{"damage":1,"enemies":"Shell Parasite","floor":18,"turns":8},{"damage":0,"enemies":"3 Byrds","floor":20,"turns":2},{"damage":14,"enemies":"Snake Plant","floor":21,"turns":4},{"damage":34,"enemies":"Gremlin Leader","floor":24,"turns":6},{"damage":10,"enemies":"Book of Stabbing","floor":27,"turns":6},{"damage":0,"enemies":"Chosen and Byrds","floor":28,"turns":5},{"damage":36,"enemies":"Collector","floor":33,"turns":5}],"seed_played":"9122826556672809608","potions_obtained":[{"floor":1,"key":"Ancient Potion"},{"floor":3,"key":"Weak Potion"},{"floor":14,"key":"Swift Potion"},{"floor":18,"key":"PowerPotion"},{"floor":21,"key":"DuplicationPotion"}],"is_trial":false,"path_per_floor":["M","?","M","$","M","R","$","E","T","E","?","T","M","M","R","B",null,"M","$","M","M","?","R","E","R","T","E","M","R","?","?","R","B"],"character_chosen":"DEFECT","items_purchased":["FTL","Defragment","Consume"],"campfire_rested":1,"item_purchase_floors":[7,19,19],"current_hp_per_floor":[57,52,52,52,45,45,45,27,27,15,8,8,15,20,39,36,57,63,63,63,49,49,49,22,22,22,12,19,19,25,31,31,0,0],"gold":91,"neow_bonus":"ONE_RARE_RELIC","is_daily":false,"chose_seed":false,"campfire_upgraded":5,"win_rate":0.0,"timestamp":1609697644,"path_taken":["M","?","M","$","M","R","$","E","T","E","?","?","M","M","R","BOSS","M","$","M","M","?","R","E","R","T","E","M","R","?","?","R","BOSS"],"items_purchased_type":["Card","Card","Card"],"build_version":"2020-12-22","purchased_purges":2,"victory":false,"max_hp_per_floor":[64,64,64,64,64,64,64,64,64,64,64,64,64,64,64,64,64,64,64,64,64,64,64,64,64,64,64,64,64,70,76,76,76,76],"relic_stats":{"Darkstone Periapt":12,"Torii":32,"counters":[15,79],"Sundial":[0],"Juzu Bracelet":0,"Letter Opener":[5],"Smiling Mask":0,"obtain_stats":[{"Darkstone Periapt":9,"Anchor":2,"Torii":0,"Sundial":31,"Oddly Smooth Stone":24,"Juzu Bracelet":8,"Bag of Marbles":12,"Coffee Dripper":17,"Letter Opener":26,"Cracked Core":0,"Smiling Mask":27,"Mercury Hourglass":10},{"Darkstone Periapt":4,"Anchor":1,"Torii":0,"Sundial":14,"Oddly Smooth Stone":12,"Juzu Bracelet":4,"Bag of Marbles":5,"Coffee Dripper":8,"Letter Opener":12,"Cracked Core":0,"Smiling Mask":13,"Mercury Hourglass":5},{"Darkstone Periapt":14,"Anchor":3,"Torii":0,"Sundial":74,"Oddly Smooth Stone":64,"Juzu Bracelet":14,"Bag of Marbles":28,"Coffee Dripper":45,"Letter Opener":64,"Cracked Core":0,"Smiling Mask":69,"Mercury Hourglass":28}],"Mercury Hourglass":[212]},"card_choices":[{"not_picked":["Reinforced Body","Barrage"],"picked":"Beam Cell","floor":1},{"not_picked":["Turbo","Blizzard","Creative AI"],"picked":"SKIP","floor":3},{"not_picked":["Turbo","Gash"],"picked":"Self Repair","floor":5},{"not_picked":["Storm","Go for the Eyes"],"picked":"Glacier","floor":8},{"not_picked":["Compile Driver","Stack"],"picked":"Lockon","floor":10},{"not_picked":["Force Field","Stack"],"picked":"Leap","floor":13},{"not_picked":["Chill","Gash"],"picked":"Cold Snap","floor":14},{"not_picked":["Multi-Cast","Creative AI"],"picked":"Electrodynamics","floor":16},{"not_picked":["Tempest","Streamline","Leap"],"picked":"SKIP","floor":18},{"not_picked":["White Noise","Reprogram"],"picked":"Chill","floor":20},{"not_picked":["Consume+1","Conserve Battery"],"picked":"Defragment","floor":21},{"not_picked":["Turbo","Conserve Battery"],"picked":"FTL","floor":24},{"not_picked":["Recycle","Go for the Eyes+1"],"picked":"Defragment","floor":27},{"not_picked":["Leap","Turbo"],"picked":"Static Discharge","floor":28}],"player_experience":791003,"relics_obtained":[{"floor":8,"key":"Juzu Bracelet"},{"floor":9,"key":"Darkstone Periapt"},{"floor":10,"key":"Mercury Hourglass"},{"floor":12,"key":"Bag of Marbles"},{"floor":24,"key":"Oddly Smooth Stone"},{"floor":26,"key":"Letter Opener"},{"floor":27,"key":"Smiling Mask"}],"event_choices":[{"damage_healed":0,"gold_gain":0,"player_choice":"Success","damage_taken":5,"relics_obtained":["Anchor"],"max_hp_gain":0,"max_hp_loss":0,"event_name":"Scrap Ooze","floor":2,"gold_loss":0},{"cards_removed":["Strike_B"],"damage_healed":0,"gold_gain":0,"player_choice":"Card Removal","damage_taken":7,"max_hp_gain":0,"max_hp_loss":0,"event_name":"Golden Wing","floor":11,"gold_loss":0},{"cards_removed":["Strike_B"],"damage_healed":0,"gold_gain":0,"player_choice":"Gave Gold","damage_taken":0,"max_hp_gain":0,"max_hp_loss":0,"event_name":"Beggar","floor":22,"gold_loss":75},{"damage_healed":0,"gold_gain":0,"player_choice":"Smashed Altar","damage_taken":0,"max_hp_gain":0,"max_hp_loss":0,"event_name":"Forgotten Altar","floor":30,"gold_loss":0,"cards_obtained":["Decay"]},{"damage_healed":0,"gold_gain":0,"player_choice":"Opened","damage_taken":0,"relics_obtained":["Sundial"],"max_hp_gain":0,"max_hp_loss":0,"event_name":"The Mausoleum","floor":31,"gold_loss":0,"cards_obtained":["Writhe"]}],"is_beta":false,"boss_relics":[{"not_picked":["Tiny House","SacredBark"],"picked":"Coffee Dripper"}],"items_purged_floors":[7,19],"is_endless":false,"potions_floor_spawned":[1,3,14,18,21],"killed_by":"Collector","ascension_level":20}}