{"host":"akjsb4vg7478j4ls","time":1609637266,"event":{"mods":["BaseMod","Colored Powertips","Minty Spire (QoL Compilation)","Rare Cards Sparkle"],"gold_per_floor":[109,109,184,158,258,288,288,300,327,347,23,23,23,38,38,141,141,153,153,5,30,30,59,76,1,1,14,14,14,31,31,31,136,136,147,147,247,96,114,114,128,128,155,155,205,20,242,255,255,255,255],"floor_reached":50,"playtime":2769,"items_purged":[],"score":529,"play_id":"0d29b223-d7d2-4837-9d6a-5d907b09a2d9","local_time":"20210102232746","is_ascension_mode":false,"campfire_choices":[{"floor":7,"key":"REST"},{"floor":13,"key":"REST"},{"data":"Footwork","floor":15,"key":"SMITH"},{"floor":28,"key":"REST"},{"floor":32,"key":"REST"},{"floor":40,"key":"REST"},{"floor":42,"key":"REST"},{"floor":44,"key":"REST"},{"data":"Metamorphosis","floor":49,"key":"SMITH"}],"circlet_count":0,"master_deck":["Strike_G+1","Strike_G+1","Strike_G+1","Strike_G+1","Strike_G+1","Defend_G+1","Defend_G+1","Defend_G+1","Defend_G+1","Defend_G+1","Survivor","Neutralize","Flying Knee","Blade Dance","Underhanded Strike","Blade Dance","Backflip","Footwork+1","Parasite","Poisoned Stab","A Thousand Cuts","Noxious Fumes","Terror","Caltrops","Catalyst","Bouncing Flask+1","All Out Attack","Skewer","Deflect","Dagger Spray+1","Leg Sweep","Slice","Adrenaline","Phantasmal Killer","Dagger Spray","Metamorphosis+1","Metamorphosis","Magnetism","Caltrops","Poisoned Stab+1","Injury","Dagger Spray+1","Slice+1"],"relics":["SacredBark","Smiling Mask","Boot","Pantograph","WristBlade","Membership Card","Red Mask","Ancient Tea Set","Orrery","Anchor","Cursed Key","Chemical X","Lantern","Pen Nib","Mango","Bag of Preparation","Sling"],"acts_visited":["Exordium","TheCity","TheBeyond"],"potions_floor_usage":[6,16,23,23,27,27,33,33,33,50,50],"damage_taken":[{"damage":5,"enemies":"Small Slimes","floor":1,"turns":4},{"damage":53,"enemies":"Lagavulin","floor":6,"turns":9},{"damage":0,"enemies":"Jaw Worm","floor":8,"turns":3},{"damage":1,"enemies":"Cultist","floor":10,"turns":3},{"damage":0,"enemies":"Exordium Wildlife","floor":14,"turns":4},{"damage":46,"enemies":"Hexaghost","floor":16,"turns":9},{"damage":1,"enemies":"Chosen","floor":18,"turns":4},{"damage":13,"enemies":"Masked Bandits","floor":21,"turns":7},{"damage":15,"enemies":"Book of Stabbing","floor":23,"turns":6},{"damage":15,"enemies":"Shell Parasite","floor":24,"turns":4},{"damage":11,"enemies":"Snake Plant","floor":27,"turns":5},{"damage":0,"enemies":"Chosen and Byrds","floor":30,"turns":2},{"damage":26,"enemies":"Champ","floor":33,"turns":7},{"damage":23,"enemies":"3 Darklings","floor":35,"turns":5},{"damage":10,"enemies":"3 Shapes","floor":39,"turns":4},{"damage":32,"enemies":"Spire Growth","floor":41,"turns":4},{"damage":1,"enemies":"Mind Bloom Boss Battle","floor":45,"turns":7},{"damage":2,"enemies":"3 Darklings","floor":48,"turns":3},{"damage":91,"enemies":"Awakened One","floor":50,"turns":6}],"seed_played":"-5524576695743749845","potions_obtained":[{"floor":1,"key":"DuplicationPotion"},{"floor":8,"key":"Block Potion"},{"floor":10,"key":"Strength Potion"},{"floor":14,"key":"LiquidMemories"},{"floor":21,"key":"PowerPotion"},{"floor":23,"key":"Ancient Potion"},{"floor":27,"key":"Ancient Potion"},{"floor":29,"key":"CultistPotion"},{"floor":29,"key":"BlessingOfTheForge"},{"floor":45,"key":"BlessingOfTheForge"}],"is_trial":false,"path_per_floor":["M","?","?","$","?","E","R","M","T","M","$","?","R","M","R","B",null,"M","?","$","?","$","E","M","$","T","M","R","?","M","?","R","B",null,"M","?","?","$","M","R","M","R","T","R","?","$","?","M","R","B"],"character_chosen":"THE_SILENT","items_purchased":["Blade Dance","Pantograph","Footwork","Membership Card","Orrery","Chemical X","Lantern","DuplicationPotion","Bag of Preparation","Sling"],"campfire_rested":7,"item_purchase_floors":[4,11,11,20,25,38,38,46,46,46],"current_hp_per_floor":[65,65,54,54,54,1,22,22,22,21,21,38,59,59,59,24,70,69,69,69,56,56,41,26,26,26,15,36,36,36,36,57,44,70,47,37,37,37,27,48,16,37,37,58,83,83,83,81,81,0,0],"gold":255,"neow_bonus":"BOSS_RELIC","is_daily":false,"chose_seed":false,"campfire_upgraded":2,"win_rate":0.0,"timestamp":1609637266,"path_taken":["M","?","?","$","?","E","R","?","T","M","$","?","R","M","R","BOSS","M","?","$","?","?","E","M","$","T","M","R","?","?","?","R","BOSS","M","?","?","$","M","R","?","R","T","R","?","$","?","M","R","BOSS"],"items_purchased_type":["Card","Relic","Card","Relic","Relic","Relic","Relic","Potion","Relic","Relic"],"build_version":"2020-12-22","purchased_purges":0,"victory":false,"max_hp_per_floor":[70,70,70,70,70,70,70,70,70,70,70,70,70,70,70,70,70,70,70,70,70,70,70,70,70,70,70,70,70,70,70,70,70,70,70,70,70,70,70,70,70,70,70,70,84,84,84,84,84,84,84],"card_choices":[{"not_picked":["Finisher","Escape Plan"],"picked":"Flying Knee","floor":1},{"not_picked":["PiercingWail","Riddle With Holes"],"picked":"Underhanded Strike","floor":6},{"not_picked":["Deadly Poison","Deflect"],"picked":"Blade Dance","floor":8},{"not_picked":["Slice","Acrobatics"],"picked":"Backflip","floor":10},{"not_picked":["Reflex","Flechettes"],"picked":"Poisoned Stab","floor":14},{"not_picked":["Die Die Die","Glass Knife"],"picked":"A Thousand Cuts","floor":16},{"not_picked":["Deflect+1","Dagger Spray"],"picked":"Noxious Fumes","floor":18},{"not_picked":["Calculated Gamble","Riddle With Holes"],"picked":"Caltrops","floor":21},{"not_picked":["Tactician+1","Prepared"],"picked":"Catalyst","floor":23},{"not_picked":["Expertise","Terror"],"picked":"Bouncing Flask+1","floor":24},{"not_picked":["Terror","Deflect"],"picked":"All Out Attack","floor":25},{"not_picked":["Bane","Adrenaline"],"picked":"Skewer","floor":25},{"not_picked":["Escape Plan","Deadly Poison"],"picked":"Deflect","floor":25},{"not_picked":["Deadly Poison","Reflex"],"picked":"Dagger Spray+1","floor":25},{"not_picked":["Prepared","Expertise"],"picked":"Leg Sweep","floor":25},{"not_picked":["Dagger Throw","Outmaneuver"],"picked":"Slice","floor":27},{"not_picked":["Acrobatics","PiercingWail"],"picked":"Adrenaline","floor":30},{"not_picked":["Envenom","Die Die Die"],"picked":"Phantasmal Killer","floor":33},{"not_picked":["Underhanded Strike","Prepared"],"picked":"Dagger Spray","floor":35},{"not_picked":["Trip","Panacea"],"picked":"Metamorphosis","floor":36},{"not_picked":["Dark Shackles","Violence"],"picked":"Metamorphosis","floor":36},{"not_picked":["Bandage Up","Dark Shackles"],"picked":"Magnetism","floor":36},{"not_picked":["Deflect+1","Bane+1"],"picked":"Caltrops","floor":39},{"not_picked":["Eviscerate+1","Dagger Throw"],"picked":"Poisoned Stab+1","floor":41},{"not_picked":["Endless Agony","Catalyst"],"picked":"Dagger Spray+1","floor":45},{"not_picked":["Dagger Throw+1","Dodge and Roll"],"picked":"Slice+1","floor":48}],"player_experience":78375,"relics_obtained":[{"floor":6,"key":"Smiling Mask"},{"floor":9,"key":"Boot"},{"floor":21,"key":"Red Mask"},{"floor":23,"key":"Ancient Tea Set"},{"floor":26,"key":"Anchor"},{"floor":43,"key":"Pen Nib"},{"floor":45,"key":"Mango"}],"event_choices":[{"damage_healed":0,"gold_gain":0,"player_choice":"Ignored","damage_taken":0,"max_hp_gain":0,"max_hp_loss":0,"event_name":"Golden Wing","floor":2,"gold_loss":0},{"damage_healed":0,"gold_gain":75,"player_choice":"Gather Gold","damage_taken":11,"max_hp_gain":0,"max_hp_loss":0,"event_name":"World of Goop","floor":3,"gold_loss":0},{"damage_healed":0,"gold_gain":100,"player_choice":"Gold","damage_taken":0,"max_hp_gain":0,"max_hp_loss":0,"event_name":"Wheel of Change","floor":5,"gold_loss":0},{"damage_healed":17,"gold_gain":0,"player_choice":"Healed and dodged fight","damage_taken":0,"max_hp_gain":0,"max_hp_loss":0,"event_name":"Mushrooms","floor":12,"gold_loss":0,"cards_obtained":["Parasite"]},{"damage_healed":0,"gold_gain":0,"player_choice":"Read","damage_taken":0,"max_hp_gain":0,"max_hp_loss":0,"event_name":"The Library","floor":19,"gold_loss":0,"cards_obtained":["Terror"]},{"damage_healed":0,"gold_gain":0,"player_choice":"Fought Bandits","damage_taken":0,"max_hp_gain":0,"max_hp_loss":0,"event_name":"Masked Bandits","floor":21,"gold_loss":0},{"damage_healed":0,"gold_gain":0,"player_choice":"Got Potions","damage_taken":0,"max_hp_gain":0,"max_hp_loss":0,"event_name":"Lab","floor":29,"gold_loss":0},{"damage_healed":0,"gold_gain":0,"player_choice":"Simplicity","damage_taken":0,"max_hp_gain":0,"max_hp_loss":0,"event_name":"Back to Basics","floor":31,"gold_loss":0,"cards_upgraded":["Strike_G","Strike_G","Strike_G","Strike_G","Strike_G","Defend_G","Defend_G","Defend_G","Defend_G","Defend_G"]},{"damage_healed":0,"gold_gain":0,"player_choice":"Memory 3","damage_taken":10,"max_hp_gain":0,"max_hp_loss":0,"event_name":"SensoryStone","floor":36,"gold_loss":0},{"damage_healed":0,"gold_gain":100,"player_choice":"Pray","damage_taken":0,"max_hp_gain":0,"max_hp_loss":0,"event_name":"Golden Shrine","floor":37,"gold_loss":0},{"damage_healed":0,"gold_gain":0,"player_choice":"Fight","damage_taken":0,"max_hp_gain":0,"max_hp_loss":0,"event_name":"MindBloom","floor":45,"gold_loss":0},{"damage_healed":0,"gold_gain":222,"player_choice":"Wore Mask","damage_taken":0,"max_hp_gain":0,"max_hp_loss":0,"event_name":"Tomb of Lord Red Mask","floor":47,"gold_loss":0}],"is_beta":false,"boss_relics":[{"not_picked":["Runic Pyramid","Empty Cage"],"picked":"WristBlade"},{"not_picked":["Runic Dome","Coffee Dripper"],"picked":"Cursed Key"}],"items_purged_floors":[],"is_endless":false,"potions_floor_spawned":[1,8,10,14,21,23,27,45],"killed_by":"Awakened One","ascension_level":0}}