{"host":"co1ulnwz1h4zjs22","time":1609702658,"event":{"mods":["Aspiration","BaseMod","Bestiary","BetterRewards","Colored Powertips","Conspire","Curses Come First","Energized Spire","GifTheSpireLib","Googly Eyes","Hubris","Jorbs\u0027s Wanderer Trilogy","Minty Spire (QoL Compilation)","Rare Cards Sparkle","Replay The Spire","Reworked Bosses","Shop Mod","Spicy Shops","StSLib","Stuff the Spire","The Bladedancer","The Forsaken","The IronCluck","The Marked","The Necromancer","Waifu the Spire","everything is the same but u backflip on backflip","slay the spire mod where everything is the same but ironclad has a cowboy hat"],"gold_per_floor":[115,115,127,145,145,145,70,98,122,137,157,219,234,251,251,346,346,362,37,37,97,117,117,137,137,137,12,46,65,97,122,122,122,122],"floor_reached":33,"playtime":17010,"items_purged":["blademaster:Strike","blademaster:Overcharge","ReplayTheSpireMod:Splinters"],"score":337,"play_id":"35f903c3-f86d-47d8-9cbf-4d96f4cfbc3e","local_time":"20210103143738","is_ascension_mode":false,"campfire_choices":[{"data":"blademaster:Safeguard","floor":6,"key":"SMITH"},{"floor":15,"key":"REST"},{"data":"blademaster:EyeOfTheTornado","floor":23,"key":"SMITH"},{"data":"blademaster:EyeOfTheTornado","floor":25,"key":"SMITH"},{"data":"blademaster:Defend","floor":32,"key":"SMITH"}],"circlet_count":0,"master_deck":["blademaster:Strike","blademaster:Strike","blademaster:Strike","blademaster:Defend+1","blademaster:Defend+1","blademaster:Defend","blademaster:Defend","blademaster:RagingBlow","blademaster:HighVoltage","blademaster:Overcharge+1","blademaster:Safeguard+1","blademaster:Flurry","blademaster:Flurry","blademaster:AspectOfWind","blademaster:EyeOfTheTornado+1","blademaster:AwakeningStrike","blademaster:EnchantedCuirass","StuffTheSpire:Innocence","blademaster:DragonStrike+1","blademaster:Reversal","blademaster:EyeOfTheTornado+1","blademaster:Thrust+1","Hallucinations","StuffTheSpire:Rapture","blademaster:DeadlyDance","blademaster:Safeguard+1","blademaster:Breeze"],"relics":["blademaster:DancersAmulet","Ancient Tea Set","Replay:Rubber Ducky","Bottled Flame","energizedSpire:CursedPentagram","StuffTheSpire:Saxophone","HandDrill","Regal Pillow","Vajra","Snack Pack","Smiling Mask","Red Mask"],"acts_visited":["Exordium","TheCity"],"potions_floor_usage":[10,12,12,12,13,13,14,16,16,28,31,31,31],"damage_taken":[{"damage":6,"enemies":"Jaw Worm","floor":1,"turns":4},{"damage":0,"enemies":"Cultist","floor":3,"turns":4},{"damage":0,"enemies":"Small Slimes","floor":4,"turns":4},{"damage":25,"enemies":"3 Sentries","floor":8,"turns":11},{"damage":1,"enemies":"Blue Slaver","floor":10,"turns":4},{"damage":0,"enemies":"Exordium Wildlife","floor":11,"turns":3},{"damage":12,"enemies":"3 Sentries","floor":12,"turns":7},{"damage":4,"enemies":"Exordium Thugs","floor":13,"turns":7},{"damage":8,"enemies":"3 Louse","floor":14,"turns":4},{"damage":0,"enemies":"Slime Boss","floor":16,"turns":5},{"damage":3,"enemies":"Chosen","floor":18,"turns":5},{"damage":0,"enemies":"conspire:FuzzyDice","floor":22,"turns":7},{"damage":4,"enemies":"Centurion and Healer","floor":24,"turns":6},{"damage":11,"enemies":"Slavers","floor":28,"turns":5},{"damage":0,"enemies":"Snake Plant","floor":29,"turns":3},{"damage":16,"enemies":"Gremlin Leader","floor":30,"turns":9},{"damage":51,"enemies":"Masked Bandits","floor":31,"turns":5},{"damage":40,"enemies":"Automaton","floor":33,"turns":6}],"seed_played":"-6583528609923837384","potions_obtained":[{"floor":3,"key":"LiquidBronze"},{"floor":4,"key":"EntropicBrew"},{"floor":8,"key":"EntropicBrew"},{"floor":11,"key":"Swift Potion"},{"floor":16,"key":"conspire:TimeTravelPotion"},{"floor":18,"key":"SkillPotion"},{"floor":21,"key":"Death Potion"},{"floor":29,"key":"Explosive Potion"},{"floor":30,"key":"SkillPotion"}],"is_trial":false,"path_per_floor":["M","?","M","M","?","R","$","E","T","M","M","?","M","M","R","B",null,"M","$","?","?","M","R","M","R","T","$","E","M","E","?","R","B"],"character_chosen":"THE_BLADEMASTER","items_purchased":["StuffTheSpire:Saxophone","HandDrill"],"campfire_rested":1,"item_purchase_floors":[19,19],"current_hp_per_floor":[69,69,69,69,54,54,54,29,29,28,28,16,12,7,29,29,75,72,72,72,72,72,72,68,68,68,68,57,59,45,17,17,0,0],"gold":122,"neow_bonus":"TRANSFORM_CARD","is_daily":false,"chose_seed":false,"campfire_upgraded":4,"win_rate":0.0,"timestamp":1609702658,"path_taken":["M","?","?","M","?","R","$","E","T","M","M","?","M","M","R","BOSS","M","$","?","?","M","R","?","R","T","$","E","M","E","?","R","BOSS"],"items_purchased_type":["Relic","Relic"],"build_version":"2020-12-22","purchased_purges":3,"victory":false,"max_hp_per_floor":[75,75,75,75,75,75,75,75,75,75,75,75,75,75,75,75,75,75,75,75,75,75,75,75,75,75,75,75,75,75,75,75,75,75],"card_choices":[{"not_picked":["blademaster:Momentum","blademaster:Frenzy","blademaster:Stormstrike"],"picked":"SKIP","floor":1},{"not_picked":["blademaster:Quickness","blademaster:DeadlyDance"],"picked":"blademaster:Flurry","floor":3},{"not_picked":["blademaster:CombatPrep","blademaster:DeadlyDance","blademaster:Sunder"],"picked":"SKIP","floor":4},{"not_picked":["blademaster:Reversal","blademaster:Slice"],"picked":"blademaster:Flurry","floor":8},{"not_picked":["blademaster:HighVoltage","blademaster:ThunderSlash"],"picked":"blademaster:AspectOfWind","floor":10},{"not_picked":["blademaster:Frenzy","blademaster:SlyStabs"],"picked":"blademaster:EyeOfTheTornado","floor":11},{"not_picked":["blademaster:DragonStrike","blademaster:BloodyBlow"],"picked":"blademaster:Overcharge","floor":12},{"not_picked":["blademaster:ParryingStrike","blademaster:ThunderSlash"],"picked":"blademaster:AwakeningStrike","floor":13},{"not_picked":["blademaster:Frontflip","blademaster:Cut","blademaster:Slice"],"picked":"SKIP","floor":14},{"not_picked":["blademaster:Blindside","blademaster:Empower"],"picked":"blademaster:EnchantedCuirass","floor":16},{"not_picked":["blademaster:BladeCross","blademaster:Gust+1","blademaster:SlyStabs"],"picked":"SKIP","floor":18},{"not_picked":["blademaster:IcyWind","blademaster:BladeMastery"],"picked":"blademaster:DragonStrike+1","floor":21},{"not_picked":["blademaster:Stability","blademaster:AncestralHealing"],"picked":"blademaster:Reversal","floor":21},{"not_picked":["blademaster:Discharge","blademaster:SlyStabs"],"picked":"blademaster:EyeOfTheTornado","floor":22},{"not_picked":["blademaster:Thrust+1","blademaster:AwakeningDefend","blademaster:DragonStrike"],"picked":"SKIP","floor":24},{"not_picked":["blademaster:AwakeningDefend","blademaster:DragonStrike"],"picked":"blademaster:Thrust+1","floor":24},{"not_picked":["blademaster:FuriousStrike","blademaster:AirSlash"],"picked":"blademaster:DeadlyDance","floor":28},{"not_picked":["blademaster:ParryingStrike","blademaster:LeechingStrike+1"],"picked":"blademaster:Safeguard+1","floor":29},{"not_picked":["blademaster:LightningDraw","blademaster:Quickstep","blademaster:Overcharge+1"],"picked":"SKIP","floor":30},{"not_picked":["blademaster:LeechingStrike+1","blademaster:SlyStabs"],"picked":"blademaster:Breeze","floor":31}],"player_experience":580168,"relics_obtained":[{"floor":8,"key":"Ancient Tea Set"},{"floor":8,"key":"blademaster:StrongPerk"},{"floor":9,"key":"Replay:Rubber Ducky"},{"floor":12,"key":"Bottled Flame"},{"floor":12,"key":"blademaster:RandomStancePerk"},{"floor":21,"key":"Regal Pillow"},{"floor":26,"key":"Vajra"},{"floor":28,"key":"Snack Pack"},{"floor":28,"key":"blademaster:BleedingMoreDamagePerk"},{"floor":30,"key":"Smiling Mask"},{"floor":30,"key":"blademaster:ComboEveryTurnPerk"},{"floor":31,"key":"Red Mask"}],"event_choices":[{"damage_healed":0,"gold_gain":0,"player_choice":"2 cards matched","damage_taken":0,"max_hp_gain":0,"max_hp_loss":0,"event_name":"Match and Keep!","floor":2,"gold_loss":0,"cards_obtained":["blademaster:Strike","blademaster:Safeguard"]},{"damage_healed":0,"gold_gain":0,"player_choice":"Entered Light","damage_taken":15,"max_hp_gain":0,"max_hp_loss":0,"event_name":"Shining Light","floor":5,"gold_loss":0,"cards_upgraded":["blademaster:Overcharge","blademaster:Defend"]},{"damage_healed":0,"gold_gain":0,"player_choice":"Searched \u00271\u0027 times","damage_taken":0,"max_hp_gain":0,"max_hp_loss":0,"event_name":"Dead Adventurer","floor":12,"gold_loss":0},{"damage_healed":0,"gold_gain":0,"player_choice":"Fought Bandits","damage_taken":0,"max_hp_gain":0,"max_hp_loss":0,"event_name":"Masked Bandits","floor":31,"gold_loss":0}],"is_beta":false,"boss_relics":[{"not_picked":["energizedSpire:HugeHouse","conspire:SeveredTorchhead"],"picked":"energizedSpire:CursedPentagram"}],"items_purged_floors":[7,19,27],"is_endless":false,"potions_floor_spawned":[3,4,8,11,16,18,29,30],"killed_by":"Automaton","ascension_level":0}}