{"host":"n900smz9wr3yo27a","time":1609677190,"event":{"mods":["Arknights The Spire","BaseMod","CapriCore","GungeonMod","Hermit","Koishi","Lobotomy","Marisa£¨Ùöéë¡¡Øª×âÞÞ£©","Minty Spire (QoL Compilation)","Prisma Mod","Replay The Spire","StSLib","Td1madao Mod","The Animator","The Bug Knight","The Cursed","The Dragon Tamer","The Gatherer","The Hierophant","The Immortal","The Jungle","The Necromancer","The Poker Player","The Runesmith","WarShipGirlsR/??á´Ò³R mod"],"gold_per_floor":[110,35,35,53,73,144,144,144,144,184,184,24,24,43,43,142,142,160,60,78,88,138,138,164,164,189,215,230,230,258,272,354,459,459,474,486,501,294,97,127,127,127,153,179,211,211,262,282,282,282],"floor_reached":51,"playtime":2840,"items_purged":["DemoMod:BattleInHaste","DemoMod:PotionOfGunFriendShip","DemoMod:GunShield","DemoMod:Purify"],"score":1143,"play_id":"16b1fce3-ae8c-4cdb-8c0d-6db88514bd0f","local_time":"20210103213310","daily_mods":["Draft","Vintage","Flight","DeadlyEvents","Elite Swarm"],"is_ascension_mode":false,"campfire_choices":[{"floor":7,"key":"REST"},{"data":"DemoMod:StickyCrossBow","floor":8,"key":"SMITH"},{"data":"DemoMod:Unmoved","floor":11,"key":"SMITH"},{"data":"DemoMod:Behold!","floor":13,"key":"SMITH"},{"floor":15,"key":"RECALL"},{"data":"DemoMod:Behold!","floor":23,"key":"SMITH"},{"data":"DemoMod:TeaPot","floor":25,"key":"SMITH"},{"data":"DemoMod:Behold!","floor":29,"key":"SMITH"},{"floor":41,"key":"REST"},{"data":"DemoMod:ShadowBullets","floor":42,"key":"SMITH"},{"data":"DemoMod:GunslingerForm","floor":49,"key":"SMITH"},{"data":"DemoMod:BlankBullets","floor":49,"key":"SMITH"}],"circlet_count":0,"master_deck":["DemoMod:GunstockTap","DemoMod:TeaPot+1","DemoMod:Rummage","DemoMod:GunstockTap","DemoMod:BattleInHaste","DemoMod:MachoBrace","DemoMod:StickyCrossBow+1","DemoMod:ShadowBullets+1","DemoMod:PracticeMakesPerfect","DemoMod:DoubleSwitch","DemoMod:FortunesFavor","DemoMod:Unmoved+1","DemoMod:Behold!+1","DemoMod:Behold!+1","DemoMod:GunslingerForm+1","DemoMod:Behold!+1","DemoMod:BlankBullets+1"],"relics":["DemoMod:Dog","replay:Trail_Library","Blue Candle","Boot","Strawberry","Singing Bowl","DemoMod:DecoyRelic","Centennial Puzzle","Bronze Scales","Sozu","ReplayTheSpireMod:Lightbulb","Pondfish Scales","Smiling Mask","Du-Vu Doll","Blood Vial","CeramicFish","Chameleon Ring","DemoMod:ResourcefulSack","Replay:Accelerometer","Replay:Bronze Core","PreservedInsect","Bag of Preparation","Gremlin Horn","Happy Flower","Sling","Mummified Hand","StoneCalendar","Durian","Replay:Arrowhead","BranchBurnRelic"],"acts_visited":["Exordium","TheCity","TheBeyond"],"potions_floor_usage":[51,51],"damage_taken":[{"damage":0,"enemies":"Small Slimes","floor":1,"turns":3},{"damage":0,"enemies":"Jaw Worm","floor":4,"turns":1},{"damage":0,"enemies":"Cultist","floor":5,"turns":2},{"damage":63,"enemies":"3 Sentries","floor":6,"turns":9},{"damage":0,"enemies":"3 Louse","floor":10,"turns":2},{"damage":9,"enemies":"Looter","floor":14,"turns":2},{"damage":18,"enemies":"Fading Forest","floor":16,"turns":11},{"damage":2,"enemies":"3 Byrds","floor":18,"turns":3},{"damage":0,"enemies":"Shell Parasite","floor":20,"turns":1},{"damage":6,"enemies":"Chosen and Byrds","floor":21,"turns":2},{"damage":6,"enemies":"Book of Stabbing","floor":24,"turns":2},{"damage":17,"enemies":"Slavers","floor":27,"turns":2},{"damage":3,"enemies":"Snake Plant","floor":28,"turns":2},{"damage":0,"enemies":"Gremlin Leader","floor":30,"turns":4},{"damage":0,"enemies":"Centurion and Healer","floor":31,"turns":2},{"damage":16,"enemies":"Pondfish","floor":33,"turns":5},{"damage":10,"enemies":"3 Shapes","floor":35,"turns":2},{"damage":28,"enemies":"3 Darklings","floor":36,"turns":3},{"damage":8,"enemies":"4 Shapes","floor":37,"turns":2},{"damage":6,"enemies":"Reptomancer","floor":40,"turns":2},{"damage":0,"enemies":"Giant Head","floor":44,"turns":2},{"damage":6,"enemies":"Nemesis","floor":45,"turns":3},{"damage":2,"enemies":"2 Orb Walkers","floor":47,"turns":2},{"damage":0,"enemies":"Sphere and 2 Shapes","floor":48,"turns":3},{"damage":66,"enemies":"Awakened One","floor":50,"turns":5},{"damage":22,"enemies":"Malkuth","floor":51,"turns":5},{"damage":16,"enemies":"Netzach","floor":51,"turns":6}],"seed_played":"7009979332668814732","potions_obtained":[{"floor":1,"key":"Reflective Coating"},{"floor":6,"key":"Adrenaline Potion"},{"floor":16,"key":"Adrenaline Potion"}],"is_trial":true,"path_per_floor":["M","$","?","M","M","E","R","R","T","M","R","$","R","M","R","B",null,"M","$","M","M","?","R","E","R","T","E","M","R","E","M","R","B",null,"M","M","M","$","$","E","R","R","T","E","E","?","?","M","R","B",null],"character_chosen":"HUNTRESS","items_purchased":["DemoMod:Behold!","Happy Flower","Sling"],"campfire_rested":2,"item_purchase_floors":[12,38,39],"current_hp_per_floor":[70,70,70,70,77,16,39,39,39,39,39,39,39,30,30,22,79,77,77,77,71,71,71,65,65,65,52,51,51,55,57,57,43,83,73,47,41,41,41,39,64,64,64,70,73,73,75,77,77,28],"gold":282,"neow_bonus":"","is_daily":false,"chose_seed":false,"campfire_upgraded":9,"win_rate":0.0,"timestamp":1609677190,"path_taken":["M","$","?","M","M","E","R","R","T","M","R","$","R","M","R","BOSS","M","$","M","M","?","R","E","R","T","E","?","R","E","M","R","BOSS","M","M","M","$","$","E","R","R","T","E","E","?","?","M","R","BOSS"],"items_purchased_type":["Card","Relic","Relic"],"build_version":"2020-12-22","purchased_purges":4,"victory":true,"max_hp_per_floor":[70,70,70,70,77,79,79,79,79,79,79,79,79,79,79,79,79,79,79,79,79,79,79,79,79,79,81,81,81,83,83,83,83,83,83,83,83,83,83,85,85,85,85,89,96,96,98,98,98,98],"card_choices":[{"not_picked":["DemoMod:TripleGun","DemoMod:ConditionalReflex"],"picked":"DemoMod:GunstockTap","floor":0},{"not_picked":["DemoMod:HuntsMan","DemoMod:DirectionalPad"],"picked":"DemoMod:Purify","floor":0},{"not_picked":["DemoMod:SniperShot","DemoMod:Rummage"],"picked":"DemoMod:TeaPot","floor":0},{"not_picked":["DemoMod:SAA","DemoMod:TeaPot"],"picked":"DemoMod:Rummage","floor":0},{"not_picked":["DemoMod:DoubleSwitch","DemoMod:CombinedRifle"],"picked":"DemoMod:GunstockTap","floor":0},{"not_picked":["DemoMod:AbyssalTentacle","DemoMod:HardPowerCard"],"picked":"DemoMod:BattleInHaste","floor":0},{"not_picked":["DemoMod:BoxingGlove","DemoMod:EasyReloadBullets"],"picked":"DemoMod:PotionOfGunFriendShip","floor":0},{"not_picked":["DemoMod:LifeOrb","DemoMod:FastSwitch"],"picked":"DemoMod:MachoBrace","floor":0},{"not_picked":["DemoMod:AC15","DemoMod:HuntsMan"],"picked":"DemoMod:StickyCrossBow","floor":0},{"not_picked":["DemoMod:Purify","DemoMod:FeignSurrender"],"picked":"DemoMod:GunShield","floor":0},{"not_picked":["DemoMod:Unmoved","DemoMod:TableSutra"],"picked":"DemoMod:ShadowBullets","floor":0},{"not_picked":["DemoMod:AC15","DemoMod:Rummage"],"picked":"DemoMod:BattleInHaste","floor":0},{"not_picked":["DemoMod:TeaPot","DemoMod:SAA"],"picked":"DemoMod:PracticeMakesPerfect","floor":0},{"not_picked":["DemoMod:SAA","DemoMod:FastSwitch"],"picked":"DemoMod:DoubleSwitch","floor":0},{"not_picked":["DemoMod:Ejector","DemoMod:SpreadAmmo"],"picked":"DemoMod:FortunesFavor","floor":0},{"not_picked":["DemoMod:BlackHoleGun","DemoMod:Desperate","DemoMod:BSG"],"picked":"Singing Bowl","floor":6},{"not_picked":["DemoMod:BlankBullets","DemoMod:Eureka"],"picked":"DemoMod:Behold!","floor":16},{"not_picked":["DemoMod:BalloonGun","DemoMod:FightSabre"],"picked":"DemoMod:GunslingerForm","floor":24},{"not_picked":["DemoMod:BSG","DemoMod:Gungine"],"picked":"DemoMod:Behold!","floor":27},{"not_picked":["DemoMod:Gungine","DemoMod:DoubleVision","DemoMod:BlackHoleGun"],"picked":"Singing Bowl","floor":27},{"not_picked":["DemoMod:Eureka","DemoMod:BulletBore","DemoMod:Gungine"],"picked":"Singing Bowl","floor":30},{"not_picked":["DemoMod:Elimentaler","DemoMod:FullFirepower"],"picked":"DemoMod:BlankBullets","floor":33},{"not_picked":["DemoMod:ThirdPartyController","DemoMod:BalloonGun","DemoMod:BlankBullets"],"picked":"Singing Bowl","floor":40},{"not_picked":["DemoMod:BSG","DemoMod:FullFirepower","DemoMod:Gungine"],"picked":"Singing Bowl","floor":44},{"not_picked":["DemoMod:DarkMarker","DemoMod:FinishedGun","DemoMod:Elimentaler"],"picked":"Singing Bowl","floor":44},{"not_picked":["DemoMod:DoubleVision","DemoMod:BlankBullets","DemoMod:FightSabre"],"picked":"Singing Bowl","floor":45},{"not_picked":["DemoMod:GunstockTap","DemoMod:Camera+1","DemoMod:AbyssalTentacle"],"picked":"Singing Bowl","floor":47}],"player_experience":770273,"relics_obtained":[{"floor":1,"key":"Blue Candle"},{"floor":4,"key":"Boot"},{"floor":5,"key":"Strawberry"},{"floor":6,"key":"Singing Bowl"},{"floor":9,"key":"DemoMod:DecoyRelic"},{"floor":10,"key":"Centennial Puzzle"},{"floor":14,"key":"Bronze Scales"},{"floor":18,"key":"ReplayTheSpireMod:Lightbulb"},{"floor":20,"key":"Pondfish Scales"},{"floor":21,"key":"Smiling Mask"},{"floor":24,"key":"Du-Vu Doll"},{"floor":26,"key":"Blood Vial"},{"floor":27,"key":"CeramicFish"},{"floor":28,"key":"Chameleon Ring"},{"floor":30,"key":"DemoMod:ResourcefulSack"},{"floor":31,"key":"Replay:Accelerometer"},{"floor":35,"key":"PreservedInsect"},{"floor":36,"key":"Bag of Preparation"},{"floor":37,"key":"Gremlin Horn"},{"floor":40,"key":"Mummified Hand"},{"floor":44,"key":"StoneCalendar"},{"floor":45,"key":"Durian"},{"floor":47,"key":"Replay:Arrowhead"},{"floor":48,"key":"Dead Branch"}],"event_choices":[{"damage_healed":0,"gold_gain":0,"player_choice":"Leave","damage_taken":0,"max_hp_gain":0,"max_hp_loss":0,"event_name":"The Cleric","floor":3,"gold_loss":0},{"damage_healed":0,"gold_gain":100,"player_choice":"Bet on Murderer","damage_taken":0,"max_hp_gain":0,"max_hp_loss":0,"event_name":"The Joust","floor":22,"gold_loss":50},{"damage_healed":0,"gold_gain":0,"player_choice":"Fight","damage_taken":0,"max_hp_gain":0,"max_hp_loss":0,"event_name":"Mysterious Sphere","floor":47,"gold_loss":0}],"is_beta":false,"boss_relics":[{"not_picked":["Ectoplasm","Replay:Fungal Core"],"picked":"Sozu"},{"not_picked":["Calling Bell","Runic Dome"],"picked":"Replay:Bronze Core"}],"items_purged_floors":[2,19,38,39],"is_endless":false,"potions_floor_spawned":[1,6,16,18,21,24,27,37,45,47],"ascension_level":0}}