{"host":"mitsb0f2d3kywzzp","time":1609645576,"event":{"mods":["AchievementEnabler","BaseMod","Colored Map","Colored Powertips","Downfall","Hermit","Highlight Path","Marisa????????","Minty Spire (QoL Compilation)","READ ME - Guardian Mod","Rare Cards Sparkle","Replay The Spire","StSLib","SuperFastMode","The Cursed","The Necromancer","The Servant 0.9.4"],"gold_per_floor":[110,58,58,58,58,72,88,106,129,129,139,150,183,202,202,301,301,313,313,313,328,340,368,368,368,368,368,368],"floor_reached":27,"playtime":1733,"items_purged":[],"score":285,"play_id":"c875e6a9-39d9-40b8-8f43-def42b13f6a4","local_time":"20210102224616","is_ascension_mode":false,"campfire_choices":[{"data":"FlurryOfBlows","floor":10,"key":"SMITH"},{"floor":15,"key":"REST"},{"floor":26,"key":"REST"}],"circlet_count":0,"master_deck":["Strike_P","Strike_P","Strike_P","Defend_P","Defend_P+1","Defend_P","Defend_P","Eruption","Vigilance","Consecrate+1","FlurryOfBlows+1","Amnesia","Consecrate","ClearTheMind","Evaluate","CutThroughFate","Crescendo","EmptyBody","Sanctity","Establishment","LikeWater","FlyingSleeves","CutThroughFate","ClearTheMind"],"relics":["PureWater","NeowsBlessing","ReplayTheSpireMod:Ring of Addiction","Toy Ornithopter","Potion Belt","Replay:Wax Seal","Chameleon Ring","Cursed Key","Nloth\u0027s Gift","Frozen Egg 2"],"acts_visited":["Exordium","TheCity"],"potions_floor_usage":[8,8,8,11,13,13,21,21,23],"damage_taken":[{"damage":0,"enemies":"Cultist","floor":1,"turns":3},{"damage":0,"enemies":"2 Louse","floor":6,"turns":2},{"damage":0,"enemies":"Small Slimes","floor":7,"turns":1},{"damage":0,"enemies":"Exordium Thugs","floor":8,"turns":4},{"damage":8,"enemies":"Large Slime","floor":11,"turns":5},{"damage":0,"enemies":"2 Fungi Beasts","floor":12,"turns":2},{"damage":19,"enemies":"3 Sentries","floor":13,"turns":4},{"damage":8,"enemies":"Gremlin Gang","floor":14,"turns":4},{"damage":0,"enemies":"Slime Boss","floor":16,"turns":6},{"damage":8,"enemies":"Spheric Guardian","floor":18,"turns":4},{"damage":15,"enemies":"2 Thieves","floor":21,"turns":3},{"damage":35,"enemies":"3 Cultists","floor":22,"turns":6},{"damage":17,"enemies":"Gremlin Leader","floor":23,"turns":7},{"damage":0,"enemies":"Sentry and Sphere","floor":27,"turns":1}],"seed_played":"-8220451594351241148","potions_obtained":[{"floor":5,"key":"EntropicBrew"},{"floor":5,"key":"Reflective Coating"},{"floor":5,"key":"Milkshake"},{"floor":7,"key":"StancePotion"},{"floor":8,"key":"BlessingOfTheForge"},{"floor":11,"key":"FearPotion"},{"floor":14,"key":"FearPotion"},{"floor":18,"key":"PowerPotion"},{"floor":23,"key":"FairyPotion"}],"is_trial":false,"path_per_floor":["M","$","?","?","?","M","M","M","T","R","M","M","E","M","R","B",null,"M","?","?","M","M","E","PTL","PTL","R","M"],"character_chosen":"WATCHER","items_purchased":["FlurryOfBlows"],"campfire_rested":2,"item_purchase_floors":[2],"current_hp_per_floor":[72,72,58,51,51,51,51,66,66,66,63,63,53,45,66,66,70,62,62,62,57,22,10,10,10,30,30,30],"gold":368,"neow_bonus":"THREE_ENEMY_KILL","is_daily":false,"chose_seed":false,"campfire_upgraded":1,"win_rate":0.0,"timestamp":1609645576,"path_taken":["M","$","?","?","?","M","M","M","T","R","?","M","E","M","R","BOSS","M","?","?","M","M","E","PTL","PTL","R","M"],"items_purchased_type":["Card"],"build_version":"2020-12-22","purchased_purges":0,"victory":false,"max_hp_per_floor":[72,72,72,72,72,72,72,72,72,72,72,72,72,72,72,72,70,70,70,68,68,68,68,68,68,68,66,66],"card_choices":[{"not_picked":["Conclude","InnerPeace"],"picked":"Consecrate","floor":1},{"not_picked":["Pray","CrushJoints"],"picked":"Consecrate","floor":6},{"not_picked":["PathToVictory","FlyingSleeves"],"picked":"ClearTheMind","floor":7},{"not_picked":["Crescendo","Wallop"],"picked":"Evaluate","floor":8},{"not_picked":["Fasting2","Protect"],"picked":"CutThroughFate","floor":11},{"not_picked":["Scrawl","Protect"],"picked":"Crescendo","floor":12},{"not_picked":["Indignation","SashWhip"],"picked":"EmptyBody","floor":13},{"not_picked":["Consecrate","ThirdEye"],"picked":"Sanctity","floor":14},{"not_picked":["DevaForm","Omniscience"],"picked":"Establishment","floor":16},{"not_picked":["SashWhip","Replay:ManipulateFuture"],"picked":"LikeWater","floor":18},{"not_picked":["ReachHeaven","ClearTheMind"],"picked":"FlyingSleeves","floor":21},{"not_picked":["ClearTheMind","FollowUp"],"picked":"CutThroughFate","floor":22},{"not_picked":["Ragnarok","Brilliance"],"picked":"ClearTheMind","floor":23}],"player_experience":327913,"relics_obtained":[{"floor":5,"key":"ReplayTheSpireMod:Ring of Exchange"},{"floor":5,"key":"ReplayTheSpireMod:Ring of Addiction"},{"floor":5,"key":"Toy Ornithopter"},{"floor":5,"key":"Potion Belt"},{"floor":9,"key":"Replay:Wax Seal"},{"floor":13,"key":"Chameleon Ring"},{"floor":23,"key":"Frozen Egg 2"}],"event_choices":[{"damage_healed":0,"gold_gain":0,"player_choice":"Entered Light","damage_taken":14,"max_hp_gain":0,"max_hp_loss":0,"event_name":"Shining Light","floor":3,"gold_loss":0,"cards_upgraded":["Consecrate","Defend_P"]},{"cards_removed":["Strike_P"],"damage_healed":0,"gold_gain":0,"player_choice":"Card Removal","damage_taken":7,"max_hp_gain":0,"max_hp_loss":0,"event_name":"Golden Wing","floor":4,"gold_loss":0},{"damage_healed":0,"gold_gain":0,"player_choice":"Ignored","damage_taken":0,"max_hp_gain":0,"max_hp_loss":0,"event_name":"Ghosts","floor":19,"gold_loss":0},{"damage_healed":0,"gold_gain":0,"player_choice":"Traded Relic","damage_taken":0,"relics_obtained":["Nloth\u0027s Gift"],"max_hp_gain":0,"max_hp_loss":0,"event_name":"N\u0027loth","floor":20,"relics_lost":["ReplayTheSpireMod:Ring of Exchange"],"gold_loss":0}],"is_beta":false,"boss_relics":[{"not_picked":["Kintsugi","Velvet Choker"],"picked":"Cursed Key"}],"items_purged_floors":[],"is_endless":false,"potions_floor_spawned":[7,8,11,12,14,18,23],"killed_by":"Sentry and Sphere","ascension_level":0}}