{"host":"8fjsnt81u6xsmhji","time":1609657366,"event":{"mods":["BaseMod","Beaked The Cultist","Colored Powertips","Downfall","Glutton Mod","Hermit","Minty Spire (QoL Compilation)","Quick Restart","StSLib","The Bug Knight","The Forsaken","The Hierophant","The Runesmith"],"gold_per_floor":[119,132,132,142,142,142,142,158,205,205,219,244,244,277,277,372,372,385,399,399,410,427,427,447,447,471,481,501,501,110,110,110,211,211,221,221,221],"floor_reached":36,"playtime":2358,"items_purged":[],"score":441,"play_id":"86730247-f208-410a-9876-317aca296f25","local_time":"20210103010246","is_ascension_mode":true,"campfire_choices":[{"floor":6.0,"key":"REST"},{"data":"Runesmith:Grindstone","floor":13.0,"key":"SMITH"},{"data":"Runesmith:OneForEveryone","floor":15.0,"key":"SMITH"},{"floor":23,"key":"REST"},{"data":"Runesmith:ChaoticBlast","floor":29,"key":"SMITH"},{"data":"Runesmith:Permafrost","floor":32,"key":"SMITH"}],"circlet_count":0,"master_deck":["Runesmith:Strike_RS","Runesmith:Strike_RS","Runesmith:Strike_RS","Runesmith:Strike_RS","Runesmith:Defend_RS","Runesmith:Defend_RS","Runesmith:Defend_RS","Runesmith:Defend_RS","Runesmith:CraftFirestone","Runesmith:Fortify+1","expansioncontent:TimeRipple","Runesmith:NegativeSpace","Runesmith:OneForEveryone+1","Runesmith:FrozenChisel","Runesmith:Grindstone+1","Runesmith:ChaoticBlast+1","Runesmith:EnergizedChisel","Runesmith:Duplicate","Runesmith:CraftIndustria","Runesmith:RunicBlueprint+1","Runesmith:CraftIncendium","Runesmith:ArcReactor","Runesmith:EarthShield","Runesmith:GoWithTheFlow","expansioncontent:StudyTheSpire","Runesmith:Permafrost+1","Runesmith:CreatorForm","Runesmith:CraftMagma+1"],"relics":["Runesmith:BrokenRuby","Oddly Smooth Stone","Anchor","Tiny Chest","Eternal Feather","Pen Nib","SlaversCollar","Sundial","Runesmith:AutoHammer","PreservedInsect","Black Star"],"acts_visited":["Exordium","TheCity","TheBeyond"],"potions_floor_usage":[21,22,33],"damage_taken":[{"damage":0.0,"enemies":"2 Louse","floor":1.0,"turns":1.0},{"damage":2.0,"enemies":"Jaw Worm","floor":2.0,"turns":5.0},{"damage":6.0,"enemies":"Cultist","floor":4.0,"turns":4.0},{"damage":0.0,"enemies":"3 Louse","floor":8.0,"turns":3.0},{"damage":0.0,"enemies":"Red Slaver","floor":11.0,"turns":4.0},{"damage":9.0,"enemies":"3 Sentries","floor":12.0,"turns":9.0},{"damage":0.0,"enemies":"HollowMod:MossKnight","floor":14.0,"turns":10.0},{"damage":31.0,"enemies":"Hexaghost","floor":16.0,"turns":10.0},{"damage":0.0,"enemies":"3 Byrds","floor":18.0,"turns":3.0},{"damage":12.0,"enemies":"Spheric Guardian","floor":19.0,"turns":6.0},{"damage":0,"enemies":"Snake Plant","floor":21,"turns":2},{"damage":19,"enemies":"3 Cultists","floor":22,"turns":4},{"damage":11,"enemies":"Centurion and Healer","floor":24,"turns":6},{"damage":2,"enemies":"Chosen and Byrds","floor":27,"turns":7},{"damage":3,"enemies":"Shelled Parasite and Fungi","floor":28,"turns":8},{"damage":51,"enemies":"Collector","floor":33,"turns":10},{"damage":54,"enemies":"3 Darklings","floor":35,"turns":5},{"damage":19,"enemies":"Orb Walker","floor":36,"turns":3}],"seed_played":"2100716415503447484","potions_obtained":[{"floor":2.0,"key":"champ:CounterPotion"},{"floor":4.0,"key":"FearPotion"},{"floor":7.0,"key":"LiquidBronze"},{"floor":7.0,"key":"Fire Potion"},{"floor":18.0,"key":"Explosive Potion"},{"floor":19.0,"key":"FearPotion"},{"floor":27,"key":"PowerPotion"},{"floor":33,"key":"LiquidBronze"},{"floor":35,"key":"EssenceOfSteel"}],"is_trial":false,"path_per_floor":["M","M","?","M","T","R","?","M","T","?","M","E","R","E","R","B",null,"M","M","?","M","M","R","M","T","T","M","M","R","$","?","R","B",null,"M","M"],"character_chosen":"RUNESMITH_CLASS","items_purchased":["PreservedInsect","expansioncontent:StudyTheSpire","Runesmith:Permafrost"],"campfire_rested":2,"item_purchase_floors":[30,30,30],"current_hp_per_floor":[70,68,56,50,50,70,70,70,70,70,70,61,70,70,70,39,70,70,58,58,58,39,70,59,59,59,57,54,66,66,66,70,19,70,16,0,0],"gold":221,"neow_bonus":"RANDOM_COLORLESS","is_daily":false,"chose_seed":false,"campfire_upgraded":4,"win_rate":0.0,"timestamp":1609657366,"path_taken":["M","M","?","M","?","R","?","?","T","?","M","E","R","E","R","BOSS","M","M","?","M","?","R","M","?","T","M","M","R","?","?","R","BOSS","M","M"],"items_purchased_type":["Relic","Card","Card"],"build_version":"2020-12-22","purchased_purges":0,"victory":false,"max_hp_per_floor":[70,70,70,70,70,70,70,70,70,70,70,70,70,70,70,70,70,70,70,70,70,70,70,70,70,70,70,70,70,70,70,70,70,70,70,70,70],"card_choices":[{"not_picked":["expansioncontent:GoopSpray","expansioncontent:HyperBeam"],"picked":"expansioncontent:TimeRipple","floor":0.0},{"not_picked":["Runesmith:HammerTime","Runesmith:Malloc"],"picked":"Runesmith:NegativeSpace","floor":1.0},{"not_picked":["Runesmith:BackupBattery","Runesmith:Grindstone"],"picked":"Runesmith:OneForEveryone","floor":2.0},{"not_picked":["Runesmith:HeatedChisel","Runesmith:HammerAndChisel"],"picked":"Runesmith:FrozenChisel","floor":4.0},{"not_picked":["Runesmith:Repurpose","Runesmith:DoubleUp"],"picked":"Runesmith:Grindstone","floor":8.0},{"not_picked":["Runesmith:Reinforce","Runesmith:HeatExchange"],"picked":"Runesmith:ChaoticBlast","floor":11.0},{"not_picked":["Runesmith:ShiftingStrike","Runesmith:StaticCage"],"picked":"Runesmith:EnergizedChisel","floor":12.0},{"not_picked":["Runesmith:CraftObretio","Runesmith:CraftVitae"],"picked":"Runesmith:Duplicate","floor":14.0},{"not_picked":["Runesmith:CraftMedicinae","Runesmith:Duplicate"],"picked":"Runesmith:CraftIndustria","floor":16.0},{"not_picked":["Runesmith:HammerTime","Runesmith:RuneHurl+1"],"picked":"Runesmith:RunicBlueprint+1","floor":18.0},{"not_picked":["Runesmith:ShiftingStrike","Runesmith:ChiselStab+1"],"picked":"Runesmith:CraftIncendium","floor":19.0},{"not_picked":["Runesmith:Retool+1","Runesmith:HammerThrow+1","Runesmith:ChiselStab"],"picked":"SKIP","floor":21},{"not_picked":["Runesmith:Accelerate","Runesmith:Firestorm+1"],"picked":"Runesmith:ArcReactor","floor":22},{"not_picked":["Runesmith:ChiselStab","Runesmith:Overpower"],"picked":"Runesmith:EarthShield","floor":24},{"not_picked":["Runesmith:Electrocute","Runesmith:FieryHammer"],"picked":"Runesmith:GoWithTheFlow","floor":27},{"not_picked":["Runesmith:HammerThrow","Runesmith:Grindstone+1","Runesmith:DoubleUp"],"picked":"SKIP","floor":28},{"not_picked":["Runesmith:CraftMedicinae","Runesmith:FissionHammer"],"picked":"Runesmith:CreatorForm","floor":33},{"not_picked":["Runesmith:Reinforce+1","Runesmith:OneForEveryone"],"picked":"Runesmith:CraftMagma+1","floor":35}],"player_experience":690032,"relics_obtained":[{"floor":5.0,"key":"Anchor"},{"floor":9.0,"key":"Tiny Chest"},{"floor":12.0,"key":"Eternal Feather"},{"floor":14.0,"key":"Pen Nib"},{"floor":25,"key":"Sundial"},{"floor":26,"key":"Runesmith:AutoHammer"}],"event_choices":[{"damage_healed":0.0,"max_hp_gain":0.0,"max_hp_loss":0.0,"gold_gain":0.0,"event_name":"Scrap Ooze","player_choice":"Success","floor":3.0,"gold_loss":0.0,"damage_taken":12.0,"relics_obtained":["Oddly Smooth Stone"]},{"damage_healed":0.0,"max_hp_gain":0.0,"max_hp_loss":0.0,"gold_gain":0.0,"event_name":"Lab","player_choice":"Got Potions","floor":7.0,"gold_loss":0.0,"damage_taken":0.0},{"damage_healed":0.0,"max_hp_gain":0.0,"max_hp_loss":0.0,"gold_gain":0.0,"event_name":"Upgrade Shrine","player_choice":"Upgraded","floor":20.0,"gold_loss":0.0,"damage_taken":0.0,"cards_upgraded":["Runesmith:Fortify"]},{"damage_healed":0,"gold_gain":0,"player_choice":"Ignored","damage_taken":0,"max_hp_gain":0,"max_hp_loss":0,"event_name":"Ghosts","floor":31,"gold_loss":0}],"is_beta":false,"boss_relics":[{"not_picked":["Ectoplasm","Pandora\u0027s Box"],"picked":"SlaversCollar"},{"not_picked":["beaked:MawFillet","Runic Pyramid"],"picked":"Black Star"}],"items_purged_floors":[],"is_endless":false,"potions_floor_spawned":[2,4,12,18,19,27,33,35],"killed_by":"Orb Walker","ascension_level":2}}