{"host":"owox7x4ngjt9htcc","time":1609656088,"event":{"mods":["BaseMod","Colored Map","DeckTracker","Keyboard Shortcuts","Minty Spire (QoL Compilation)","SuperFastMode"],"gold_per_floor":[114,64,164,179,194,224,239,314,314,314,329,60,90,105,105,205,205,220,220,220,235,250,280,280,310,335,335,85,85,100,115,115,215,215,230,230,245,247,28,43,43,73,73,88,88,88,88,103,103,103],"floor_reached":51,"playtime":2410,"items_purged":[],"score":932,"play_id":"698a05d9-ec2e-4290-9c7f-2799863eb10a","local_time":"20210103154128","daily_mods":["Allstar","Hoarder","Terminal"],"is_ascension_mode":false,"campfire_choices":[{"data":"Armaments","floor":10.0,"key":"SMITH"},{"data":"Armaments","floor":15.0,"key":"SMITH"},{"floor":32.0,"key":"REST"},{"data":"The Bomb","floor":41.0,"key":"PURGE"},{"data":"Thunderclap","floor":46,"key":"PURGE"},{"floor":49,"key":"REST"}],"circlet_count":0,"master_deck":["Strike_R+1","Strike_R+1","Strike_R+1","Strike_R+1","Strike_R+1","Defend_R+1","Defend_R+1","Defend_R+1","Defend_R+1","Bash","Thinking Ahead","Thinking Ahead","Thinking Ahead","The Bomb","PanicButton","Secret Weapon","Secret Weapon","Secret Weapon","Good Instincts","Good Instincts","Good Instincts","Iron Wave","Iron Wave","Iron Wave","Armaments+1","Armaments+1","Armaments","Infernal Blade","Infernal Blade","Infernal Blade","Dropkick","Dropkick","Dropkick","Rampage","Rampage","Rampage","Metallicize","Metallicize","Metallicize","Armaments+1","Armaments+1","Armaments+1","True Grit","True Grit","True Grit","Juggernaut","Juggernaut","Juggernaut","Chrysalis","Chrysalis","Bloodletting","Bloodletting","Body Slam","Body Slam","Body Slam","Inflame","Inflame","Inflame","Flash of Steel","Flash of Steel","Flash of Steel","Ghostly Armor","Ghostly Armor","Ghostly Armor","Thunderclap","Thunderclap","Battle Trance","Battle Trance","Battle Trance","Shockwave","Shockwave","Shockwave","Limit Break","Limit Break","Limit Break","Havoc+1","Havoc+1","Havoc+1","Armaments+1","Armaments+1","Armaments+1"],"relics":["Burning Blood","Thread and Needle","Anchor","DollysMirror","Kunai","Fusion Hammer","Omamori","Mercury Hourglass","Strawberry","Pear","Black Star","Peace Pipe","Membership Card","Dead Branch","Pen Nib","Incense Burner"],"acts_visited":["Exordium","TheCity","TheBeyond"],"potions_floor_usage":[45,50,50],"damage_taken":[{"damage":0.0,"enemies":"Small Slimes","floor":1.0,"turns":3.0},{"damage":0.0,"enemies":"2 Louse","floor":4.0,"turns":4.0},{"damage":0.0,"enemies":"Cultist","floor":5.0,"turns":4.0},{"damage":0.0,"enemies":"3 Sentries","floor":6.0,"turns":3.0},{"damage":10.0,"enemies":"Gremlin Gang","floor":7.0,"turns":5.0},{"damage":0.0,"enemies":"2 Fungi Beasts","floor":11.0,"turns":5.0},{"damage":2.0,"enemies":"Gremlin Nob","floor":13.0,"turns":4.0},{"damage":0.0,"enemies":"Exordium Wildlife","floor":14.0,"turns":3.0},{"damage":0.0,"enemies":"Hexaghost","floor":16.0,"turns":11.0},{"damage":1.0,"enemies":"3 Byrds","floor":18.0,"turns":6.0},{"damage":0.0,"enemies":"Spheric Guardian","floor":21.0,"turns":3.0},{"damage":0.0,"enemies":"Shelled Parasite and Fungi","floor":22.0,"turns":5.0},{"damage":19.0,"enemies":"Slavers","floor":23.0,"turns":7.0},{"damage":23.0,"enemies":"Gremlin Leader","floor":25.0,"turns":7.0},{"damage":3.0,"enemies":"3 Cultists","floor":30.0,"turns":4.0},{"damage":0.0,"enemies":"Snecko","floor":31.0,"turns":6.0},{"damage":18.0,"enemies":"Collector","floor":33.0,"turns":9.0},{"damage":0.0,"enemies":"3 Shapes","floor":35.0,"turns":3.0},{"damage":0.0,"enemies":"Orb Walker","floor":37.0,"turns":3.0},{"damage":16.0,"enemies":"2 Orb Walkers","floor":38.0,"turns":5.0},{"damage":2.0,"enemies":"Spire Growth","floor":40.0,"turns":5.0},{"damage":22.0,"enemies":"Nemesis","floor":42.0,"turns":7.0},{"damage":0.0,"enemies":"Sphere and 2 Shapes","floor":44.0,"turns":5.0},{"damage":0,"enemies":"Reptomancer","floor":45,"turns":1},{"damage":17,"enemies":"Transient","floor":48,"turns":5},{"damage":17,"enemies":"Donu and Deca","floor":50,"turns":9}],"seed_played":"4251252283042701915","potions_obtained":[{"floor":1.0,"key":"GamblersBrew"},{"floor":7.0,"key":"SteroidPotion"},{"floor":11.0,"key":"FearPotion"},{"floor":13.0,"key":"Explosive Potion"},{"floor":18.0,"key":"Strength Potion"},{"floor":21.0,"key":"AttackPotion"},{"floor":33.0,"key":"ColorlessPotion"},{"floor":37.0,"key":"Ancient Potion"},{"floor":44.0,"key":"SmokeBomb"}],"is_trial":false,"path_per_floor":["M","?","?","M","M","E","M","?","T","R","M","$","E","M","R","B",null,"M","?","?","M","M","E","?","E","T","?","$","?","M","M","R","B",null,"M","?","M","?","$","M","R","E","T","M","E","R","?","M","R","B",null],"character_chosen":"IRONCLAD","items_purchased":["Rampage","Metallicize","DollysMirror","Pear","Membership Card","Limit Break"],"campfire_rested":2,"item_purchase_floors":[12,12,12,28,39,39],"current_hp_per_floor":[78,77,76,75,74,73,69,58,58,58,64,64,66,65,64,63,62,61,60,59,58,57,44,44,27,34,54,64,64,66,65,64,52,62,61,60,59,49,49,53,53,37,37,43,49,49,49,38,47,36],"gold":103,"neow_bonus":"","is_daily":true,"chose_seed":false,"campfire_upgraded":2,"win_rate":0.0,"timestamp":1609656088,"path_taken":["M","?","?","M","?","E","?","?","T","R","M","?","E","M","R","BOSS","M","?","?","?","M","E","?","E","T","?","$","?","M","M","R","BOSS","M","?","M","?","$","M","R","E","T","M","E","R","?","?","R","BOSS"],"items_purchased_type":["Card","Card","Relic","Relic","Relic","Card"],"build_version":"2020-12-22","purchased_purges":0,"victory":true,"max_hp_per_floor":[78,77,76,75,74,73,72,71,70,69,68,67,66,65,64,63,62,61,60,59,58,57,56,55,54,60,59,68,67,66,65,64,63,62,61,60,59,58,57,56,55,54,53,52,51,50,49,48,47,46],"card_choices":[{"not_picked":["Hemokinesis","Twin Strike"],"picked":"Iron Wave","floor":1.0},{"not_picked":["Perfected Strike","Anger"],"picked":"Armaments","floor":4.0},{"not_picked":["Flex","Combust","Burning Pact"],"picked":"SKIP","floor":5.0},{"not_picked":["Brutality","Combust","Sword Boomerang"],"picked":"SKIP","floor":6.0},{"not_picked":["Sword Boomerang","Clash"],"picked":"Infernal Blade","floor":7.0},{"not_picked":["Clash","Flex"],"picked":"Dropkick","floor":11.0},{"not_picked":["Headbutt","Entrench","Combust"],"picked":"SKIP","floor":13.0},{"not_picked":["Intimidate","Sword Boomerang"],"picked":"True Grit","floor":14.0},{"not_picked":["Bludgeon","Exhume"],"picked":"Juggernaut","floor":16.0},{"not_picked":["Wild Strike","True Grit","Pummel"],"picked":"SKIP","floor":18.0},{"not_picked":["True Grit","Rage"],"picked":"Bloodletting","floor":21.0},{"not_picked":["Anger","Power Through+1"],"picked":"Body Slam","floor":22.0},{"not_picked":["Fire Breathing","Headbutt+1"],"picked":"Inflame","floor":23.0},{"not_picked":["Wild Strike+1","Clothesline+1","Corruption"],"picked":"SKIP","floor":25.0},{"not_picked":["Headbutt","True Grit","Thunderclap"],"picked":"SKIP","floor":30.0},{"not_picked":["Headbutt","True Grit"],"picked":"Thunderclap","floor":30.0},{"not_picked":["Heavy Blade","Pommel Strike","Warcry"],"picked":"SKIP","floor":31.0},{"not_picked":["Second Wind","Flex+1"],"picked":"Battle Trance","floor":35.0},{"not_picked":["Sword Boomerang","Headbutt+1"],"picked":"Shockwave","floor":37.0},{"not_picked":["Cleave+1","Power Through+1","Fiend Fire"],"picked":"SKIP","floor":40.0},{"not_picked":["Wild Strike+1","Reaper"],"picked":"Havoc+1","floor":42.0},{"not_picked":["Anger","Pommel Strike","Entrench"],"picked":"SKIP","floor":44.0},{"not_picked":["Carnage+1","Twin Strike","Bloodletting"],"picked":"SKIP","floor":48}],"player_experience":869036,"relics_obtained":[{"floor":6.0,"key":"Thread and Needle"},{"floor":9.0,"key":"Anchor"},{"floor":13.0,"key":"Kunai"},{"floor":23.0,"key":"Omamori"},{"floor":25.0,"key":"Mercury Hourglass"},{"floor":26.0,"key":"Strawberry"},{"floor":38.0,"key":"Peace Pipe"},{"floor":42.0,"key":"Dead Branch"},{"floor":42.0,"key":"Pen Nib"},{"floor":43.0,"key":"Incense Burner"}],"event_choices":[{"cards_removed":["PanicButton"],"damage_healed":0.0,"max_hp_gain":0.0,"max_hp_loss":0.0,"gold_gain":0.0,"event_name":"The Cleric","player_choice":"Card Removal","floor":2.0,"gold_loss":50.0,"damage_taken":0.0},{"damage_healed":0.0,"max_hp_gain":0.0,"max_hp_loss":0.0,"gold_gain":100.0,"event_name":"Golden Shrine","player_choice":"Pray","floor":3.0,"gold_loss":0.0,"damage_taken":0.0},{"damage_healed":0.0,"max_hp_gain":0.0,"max_hp_loss":0.0,"gold_gain":75.0,"event_name":"World of Goop","player_choice":"Gather Gold","floor":8.0,"gold_loss":0.0,"damage_taken":11.0},{"damage_healed":0.0,"max_hp_gain":0.0,"max_hp_loss":0.0,"gold_gain":0.0,"event_name":"The Mausoleum","player_choice":"Ignored","floor":19.0,"gold_loss":0.0,"damage_taken":0.0},{"damage_healed":0.0,"max_hp_gain":0.0,"max_hp_loss":0.0,"gold_gain":0.0,"cards_transformed":["PanicButton"],"event_name":"Transmorgrifier","player_choice":"Transformed","floor":20.0,"gold_loss":0.0,"damage_taken":0.0,"cards_obtained":["Chrysalis"]},{"damage_healed":0.0,"max_hp_gain":0.0,"max_hp_loss":0.0,"gold_gain":0.0,"event_name":"Back to Basics","player_choice":"Simplicity","floor":24.0,"gold_loss":0.0,"damage_taken":0.0,"cards_upgraded":["Strike_R","Strike_R","Strike_R","Strike_R","Strike_R","Defend_R","Defend_R","Defend_R","Defend_R"]},{"damage_healed":20.0,"max_hp_gain":0.0,"max_hp_loss":0.0,"gold_gain":0.0,"event_name":"The Library","player_choice":"Heal","floor":27.0,"gold_loss":0.0,"damage_taken":0.0},{"damage_healed":0.0,"max_hp_gain":0.0,"max_hp_loss":0.0,"gold_gain":0.0,"cards_transformed":["Chrysalis","Bloodletting"],"event_name":"Drug Dealer","player_choice":"Became Test Subject","floor":29.0,"gold_loss":0.0,"damage_taken":0.0,"cards_obtained":["Flash of Steel","Ghostly Armor"]},{"cards_removed":["The Bomb"],"damage_healed":0.0,"max_hp_gain":0.0,"max_hp_loss":0.0,"gold_gain":0.0,"event_name":"Falling","player_choice":"Removed Skill","floor":36.0,"gold_loss":0.0,"damage_taken":0.0},{"damage_healed":0.0,"max_hp_gain":0.0,"max_hp_loss":0.0,"gold_gain":0.0,"event_name":"Mysterious Sphere","player_choice":"Fight","floor":38.0,"gold_loss":0.0,"damage_taken":0.0},{"damage_healed":0,"gold_gain":0,"player_choice":"Copied","damage_taken":0,"max_hp_gain":0,"max_hp_loss":0,"event_name":"Duplicator","floor":47,"gold_loss":0,"cards_obtained":["Armaments"]}],"is_beta":false,"boss_relics":[{"not_picked":["Busted Crown","SacredBark"],"picked":"Fusion Hammer"},{"not_picked":["Sozu","Tiny House"],"picked":"Black Star"}],"items_purged_floors":[],"is_endless":false,"potions_floor_spawned":[1,7,11,13,18,21,33,37,38,44],"ascension_level":0}}