{"host":"2tgyrzvaa7l04o2e","time":1609699076,"event":{"mods":["BaseMod","Highlight Path","Minty Spire (QoL Compilation)","Permanent Neow","Relic Stats"],"gold_per_floor":[114,134,134,99,114,114,129,147,225,235,235,262,187,219,219,293,293,312,325,340,354,147,147,147,147],"floor_reached":24,"playtime":1970,"items_purged":["Defend_G","Strike_G"],"score":420,"play_id":"603b0eee-b599-4549-a182-0d368c44db1a","local_time":"20210103193756","is_ascension_mode":true,"campfire_choices":[{"data":"Neutralize","floor":6,"key":"SMITH"},{"data":"Dagger Spray","floor":11,"key":"SMITH"},{"floor":15,"key":"REST"},{"floor":23,"key":"REST"}],"circlet_count":0,"master_deck":["AscendersBane","Strike_G","Strike_G","Strike_G","Strike_G","Defend_G","Defend_G+1","Defend_G","Defend_G","Survivor","Neutralize+1","Deadly Poison+1","PiercingWail","Poisoned Stab","Dagger Spray+1","Catalyst","Burst","Acrobatics","Die Die Die","Dash","Footwork","PiercingWail"],"relics":["Philosopher\u0027s Stone","Bottled Flame","Pocketwatch","Orichalcum","Cursed Key"],"acts_visited":["Exordium","TheCity"],"potions_floor_usage":[12,12,19,20,21],"damage_taken":[{"damage":8,"enemies":"Small Slimes","floor":1,"turns":4},{"damage":8,"enemies":"Jaw Worm","floor":2,"turns":5},{"damage":3,"enemies":"2 Louse","floor":5,"turns":3},{"damage":7,"enemies":"Red Slaver","floor":7,"turns":4},{"damage":0,"enemies":"Large Slime","floor":8,"turns":5},{"damage":4,"enemies":"Looter","floor":10,"turns":3},{"damage":13,"enemies":"3 Sentries","floor":12,"turns":7},{"damage":6,"enemies":"Gremlin Nob","floor":14,"turns":3},{"damage":1,"enemies":"The Guardian","floor":16,"turns":9},{"damage":23,"enemies":"Spheric Guardian","floor":18,"turns":5},{"damage":22,"enemies":"2 Thieves","floor":19,"turns":4},{"damage":6,"enemies":"Centurion and Healer","floor":20,"turns":7},{"damage":3,"enemies":"Snake Plant","floor":21,"turns":3},{"damage":29,"enemies":"Book of Stabbing","floor":24,"turns":5}],"seed_played":"-6340023447008291880","potions_obtained":[{"floor":8,"key":"Fruit Juice"},{"floor":10,"key":"SkillPotion"},{"floor":12,"key":"Dexterity Potion"},{"floor":16,"key":"SteroidPotion"},{"floor":18,"key":"DuplicationPotion"},{"floor":19,"key":"Block Potion"}],"is_trial":false,"path_per_floor":["M","M","?","?","M","R","M","M","T","M","R","E","$","E","R","B",null,"M","M","M","M","$","R","E"],"character_chosen":"THE_SILENT","items_purchased":["Footwork","PiercingWail"],"campfire_rested":2,"item_purchase_floors":[22,22],"current_hp_per_floor":[51,43,23,39,36,36,29,29,29,25,25,17,17,11,32,31,61,38,16,10,7,7,28,0,0],"gold":147,"neow_bonus":"BOSS_RELIC","is_daily":false,"chose_seed":false,"campfire_upgraded":2,"win_rate":0.0,"timestamp":1609699076,"path_taken":["M","M","?","?","?","R","M","M","T","M","R","E","$","E","R","BOSS","M","M","M","M","$","R","E"],"items_purchased_type":["Card","Card"],"build_version":"2020-12-22","purchased_purges":2,"victory":false,"max_hp_per_floor":[66,66,66,66,66,66,66,66,66,66,66,71,71,71,71,71,71,71,71,71,71,71,71,71,71],"relic_stats":{"counters":[14,67],"Orichalcum":[60],"Cursed Key":0,"obtain_stats":[{"Bottled Flame":9,"Philosopher\u0027s Stone":0,"Orichalcum":14,"Cursed Key":17,"Ring of the Snake":0,"Pocketwatch":12},{"Bottled Flame":5,"Philosopher\u0027s Stone":0,"Orichalcum":8,"Cursed Key":9,"Ring of the Snake":0,"Pocketwatch":7},{"Bottled Flame":21,"Philosopher\u0027s Stone":0,"Orichalcum":34,"Cursed Key":43,"Ring of the Snake":0,"Pocketwatch":31}],"Pocketwatch":[12]},"card_choices":[{"not_picked":["Dagger Throw","Cloak And Dagger"],"picked":"Deadly Poison","floor":1},{"not_picked":["Concentrate","Expertise"],"picked":"PiercingWail","floor":2},{"not_picked":["Expertise","Underhanded Strike"],"picked":"Poisoned Stab","floor":5},{"not_picked":["Distraction","Dagger Throw"],"picked":"Dagger Spray","floor":7},{"not_picked":["Dagger Throw","Outmaneuver"],"picked":"Catalyst","floor":8},{"not_picked":["Slice","Dagger Spray","Bane"],"picked":"SKIP","floor":10},{"not_picked":["Sucker Punch","Bullet Time","Flying Knee"],"picked":"SKIP","floor":12},{"not_picked":["Prepared","Caltrops","Flechettes"],"picked":"SKIP","floor":14},{"not_picked":["Unload","After Image"],"picked":"Burst","floor":16},{"not_picked":["Bane","Sucker Punch","Outmaneuver"],"picked":"SKIP","floor":18},{"not_picked":["Slice","Blur"],"picked":"Acrobatics","floor":19},{"not_picked":["Dodge and Roll","Bane+1"],"picked":"Die Die Die","floor":20},{"not_picked":["Poisoned Stab","Setup"],"picked":"Dash","floor":21}],"player_experience":548099,"relics_obtained":[{"floor":9,"key":"Bottled Flame"},{"floor":12,"key":"Pocketwatch"},{"floor":14,"key":"Orichalcum"}],"event_choices":[{"damage_healed":0,"gold_gain":0,"player_choice":"Entered Light","damage_taken":20,"max_hp_gain":0,"max_hp_loss":0,"event_name":"Shining Light","floor":3,"gold_loss":0,"cards_upgraded":["Defend_G","Deadly Poison"]},{"damage_healed":16,"gold_gain":0,"player_choice":"Healed","damage_taken":0,"max_hp_gain":0,"max_hp_loss":0,"event_name":"The Cleric","floor":4,"gold_loss":35}],"is_beta":false,"boss_relics":[{"not_picked":["Runic Dome","Black Star"],"picked":"Cursed Key"}],"items_purged_floors":[13,22],"is_endless":false,"potions_floor_spawned":[8,10,12,16,18,19],"killed_by":"Book of Stabbing","ascension_level":20}}