{"host":"n900smz9wr3yo27a","time":1609667734,"event":{"mods":["Arknights The Spire","BaseMod","CapriCore","GungeonMod","Hermit","Koishi","Lobotomy","Marisa£¨Ùöéë¡¡Øª×âÞÞ£©","Minty Spire (QoL Compilation)","Prisma Mod","Replay The Spire","StSLib","Td1madao Mod","The Animator","The Bug Knight","The Cursed","The Dragon Tamer","The Gatherer","The Hierophant","The Immortal","The Jungle","The Necromancer","The Poker Player","The Runesmith","WarShipGirlsR/??á´Ò³R mod"],"gold_per_floor":[110,110,124,49,67,98,110,129,129,144,144,161,161,175,175,277,277,297,17,0,100,116,116,132,142,142,142,142,157,173,191,191,292,292,308,321,40,40,40],"floor_reached":38,"playtime":2169,"items_purged":["Pain","Spreading Infection"],"score":534,"play_id":"85526be4-61a0-4a06-a0b2-2077cf910f82","local_time":"20210103185534","is_ascension_mode":false,"campfire_choices":[{"floor":11,"key":"REST"},{"data":"HollowMod:SlysStrikes","floor":13,"key":"SMITH"},{"floor":15,"key":"REST"},{"data":"HollowMod:ChannelNail","floor":23,"key":"SMITH"},{"floor":28,"key":"REST"},{"data":"HollowMod:FocusHealStart","floor":32,"key":"SMITH"}],"circlet_count":0,"master_deck":["HollowMod:NailStrikeStart","HollowMod:NailStrikeStart","HollowMod:NailStrikeStart","HollowMod:NailStrikeStart","HollowMod:QuickDashStart","HollowMod:QuickDashStart","HollowMod:QuickDashStart","HollowMod:FocusHealStart+1","HollowMod:PogoStrike","HollowMod:Grubsong+1","HollowMod:HeavyBlow","HollowMod:FallenFury+1","HollowMod:SlysStrikes+1","HollowMod:HowlingWraiths","HollowMod:CycloneSlash","HollowMod:ChannelNail+1","HollowMod:Weaversong+1","HollowMod:Hiveblood+1","HollowMod:CycloneSlash","HollowMod:LifebloodCocoon+1","HollowMod:SlysStrikes+1","HollowMod:AwokenDreamNail+1","HollowMod:AwokenDreamNail+1"],"relics":["HollowMod:VesselMask","NeowsBlessing","WarpedTongs","Nunchaku","Golden Egg","Cursed Key","Membership Card","Garlic","HollowMod:LifeEnderRelic","DemoMod:Antibody","Astrolabe","Guide Book","Onion Ring"],"acts_visited":["Exordium","TheCity","TheBeyond"],"potions_floor_usage":[12,18,24,25,29,36,38],"damage_taken":[{"damage":0,"enemies":"Jaw Worm","floor":1,"turns":1},{"damage":0,"enemies":"Cultist","floor":3,"turns":1},{"damage":0,"enemies":"Small Slimes","floor":5,"turns":1},{"damage":27,"enemies":"3 Sentries","floor":6,"turns":8},{"damage":21,"enemies":"Looter","floor":7,"turns":4},{"damage":36,"enemies":"Lots of Slimes","floor":8,"turns":5},{"damage":17,"enemies":"Large Slime","floor":10,"turns":4},{"damage":5,"enemies":"HollowMod:HuskWarrior","floor":12,"turns":4},{"damage":20,"enemies":"Looter","floor":14,"turns":3},{"damage":2,"enemies":"Fading Forest","floor":16,"turns":11},{"damage":52,"enemies":"2 Thieves","floor":18,"turns":4},{"damage":14,"enemies":"Chosen","floor":22,"turns":4},{"damage":16,"enemies":"Snake Plant","floor":24,"turns":4},{"damage":22,"enemies":"Shelled Parasite and Fungi","floor":25,"turns":5},{"damage":39,"enemies":"Centurion and Healer","floor":29,"turns":5},{"damage":28,"enemies":"Snecko","floor":30,"turns":4},{"damage":61,"enemies":"3 Cultists","floor":31,"turns":5},{"damage":49,"enemies":"Pondfish","floor":33,"turns":8},{"damage":17,"enemies":"3 Shapes","floor":35,"turns":4},{"damage":17,"enemies":"Orb Walker","floor":36,"turns":3},{"damage":68,"enemies":"HollowMod:SlobberingHusk","floor":38,"turns":3}],"seed_played":"5667516429625662926","potions_obtained":[{"floor":3,"key":"Dexterity Potion"},{"floor":6,"key":"DemoMod:LeadSkinPotion"},{"floor":10,"key":"Reflective Coating"},{"floor":12,"key":"Energy Potion"},{"floor":14,"key":"DistilledChaos"},{"floor":18,"key":"DemoMod:LeadSkinPotion"},{"floor":25,"key":"FearPotion"},{"floor":31,"key":"SteroidPotion"},{"floor":33,"key":"Adrenaline Potion"}],"is_trial":false,"path_per_floor":["M","?","M","$","M","E","M","M","T","M","R","M","R","M","R","B",null,"M","$","?","?","M","R","M","M","T","?","R","M","M","M","R","B",null,"M","M","$","M"],"character_chosen":"THE_BUGKNIGHT","items_purchased":["Membership Card","Garlic","Guide Book","Onion Ring","Strength Potion"],"campfire_rested":3,"item_purchase_floors":[19,19,37,37,37],"current_hp_per_floor":[75,75,75,75,75,60,49,23,23,12,34,29,29,15,37,51,75,36,36,36,36,35,35,43,27,27,27,71,68,54,35,35,29,75,64,53,53,0,0],"gold":40,"neow_bonus":"THREE_ENEMY_KILL","is_daily":false,"chose_seed":false,"campfire_upgraded":3,"win_rate":0.0,"timestamp":1609667734,"path_taken":["M","?","?","$","M","E","M","M","T","M","R","M","R","M","R","BOSS","M","$","?","?","M","R","M","?","T","?","R","M","M","M","R","BOSS","M","M","$","?"],"items_purchased_type":["Relic","Relic","Relic","Relic","Potion"],"build_version":"2020-12-22","purchased_purges":2,"victory":false,"max_hp_per_floor":[75,75,75,75,75,75,75,75,75,75,75,75,75,75,75,75,75,75,75,75,75,75,75,75,75,75,75,75,75,75,75,75,75,75,75,75,75,75,75],"card_choices":[{"not_picked":["HollowMod:HeavyBlow","HollowMod:MantisMark"],"picked":"HollowMod:Grubsong","floor":1},{"not_picked":["HollowMod:DoubleDash","HollowMod:DesolateDive"],"picked":"HollowMod:HeavyBlow","floor":3},{"not_picked":["HollowMod:ShadowDash","HollowMod:VengefulVoid"],"picked":"HollowMod:FallenFury","floor":5},{"not_picked":["HollowMod:LifebloodCocoon","HollowMod:MonarchWings"],"picked":"HollowMod:SlysStrikes","floor":6},{"not_picked":["HollowMod:AbyssShriek","HollowMod:PureNailStrike","HollowMod:VengefulVoid"],"picked":"SKIP","floor":7},{"not_picked":["HollowMod:InfectedCysts","HollowMod:SoulShaman"],"picked":"HollowMod:HowlingWraiths","floor":8},{"not_picked":["HollowMod:SiblingsShadow","HollowMod:SiblingsSouls"],"picked":"HollowMod:CycloneSlash","floor":10},{"not_picked":["HollowMod:AbyssShriek","HollowMod:HowlingWraiths"],"picked":"HollowMod:ChannelNail","floor":12},{"not_picked":["HollowMod:LifebloodCocoon","HollowMod:InfectedAttack"],"picked":"HollowMod:Weaversong","floor":14},{"not_picked":["HollowMod:Weaversong","HollowMod:AwokenDreamNail"],"picked":"HollowMod:Hiveblood","floor":16},{"not_picked":["HollowMod:DoubleDash","HollowMod:CornifersMapStart"],"picked":"HollowMod:CycloneSlash","floor":18},{"not_picked":["HollowMod:SoulStrike","HollowMod:SiblingsShadow","HollowMod:InfectedAttack"],"picked":"SKIP","floor":22},{"not_picked":["HollowMod:CornifersMapStart","HollowMod:ChannelNail"],"picked":"HollowMod:LifebloodCocoon+1","floor":24},{"not_picked":["HollowMod:SiblingsSouls","HollowMod:SharpenedNail+1"],"picked":"HollowMod:VoidDash","floor":25},{"not_picked":["HollowMod:DashSlash","HollowMod:ShadowDash","HollowMod:PerfectDash"],"picked":"SKIP","floor":29},{"not_picked":["HollowMod:VengefulVoid","HollowMod:InfectedCysts","HollowMod:SharpenedNail"],"picked":"SKIP","floor":30},{"not_picked":["HollowMod:DreamGate","HollowMod:HowlingWraiths+1","HollowMod:NewGlowingWomb"],"picked":"SKIP","floor":31},{"not_picked":["HollowMod:HowlingWraiths","HollowMod:CornifersMapStart","HollowMod:DoubleDash"],"picked":"SKIP","floor":35},{"not_picked":["HollowMod:InfectedAttack+1","HollowMod:SoulVessel","HollowMod:LifebloodCocoon+1"],"picked":"SKIP","floor":36}],"player_experience":763268,"relics_obtained":[{"floor":6,"key":"Nunchaku"},{"floor":9,"key":"Golden Egg"},{"floor":26,"key":"DemoMod:Antibody"}],"event_choices":[{"damage_healed":0,"gold_gain":0,"player_choice":"Rummage","damage_taken":0,"relics_obtained":["WarpedTongs"],"max_hp_gain":0,"max_hp_loss":0,"event_name":"Accursed Blacksmith","floor":2,"gold_loss":0,"cards_obtained":["Pain"]},{"damage_healed":0,"gold_gain":100,"player_choice":"Pray","damage_taken":0,"max_hp_gain":0,"max_hp_loss":0,"event_name":"Golden Shrine","floor":21,"gold_loss":0},{"damage_healed":0,"gold_gain":0,"player_choice":"Copied","damage_taken":0,"max_hp_gain":0,"max_hp_loss":0,"event_name":"Duplicator","floor":27,"gold_loss":0,"cards_obtained":["HollowMod:SlysStrikes"]}],"is_beta":false,"boss_relics":[{"not_picked":["Runic Dome","Replay:Fungal Core"],"picked":"Cursed Key"},{"not_picked":["Ring of Chaos","Snecko Heart"],"picked":"Astrolabe"}],"items_purged_floors":[4,37],"is_endless":false,"potions_floor_spawned":[3,6,10,12,14,18,25,31,33],"killed_by":"HollowMod:SlobberingHusk","ascension_level":0}}