{"host":"0atb97dayyof6y42","time":1609675270,"event":{"mods":["BaseMod","GifTheSpireLib","Minty Spire (QoL Compilation)","StSLib","¡¾ÒÅÎï¿¨ÅÆ¡¿REMEMod"],"gold_per_floor":[110,110,110,120,139,139,150,165,245,280,297,329,343,359,359,435,435,455,455,455,468,128,128,128,155,155,188,188,188],"floor_reached":28,"playtime":770,"items_purged":["Defend_P"],"score":473,"play_id":"176215af-f4bd-41c1-ac17-870e3ed231c3","local_time":"20210103200110","is_ascension_mode":true,"campfire_choices":[{"data":"Eruption","floor":6.0,"key":"SMITH"},{"data":"WheelKick","floor":15.0,"key":"SMITH"},{"data":"BowlingBash","floor":23,"key":"SMITH"}],"circlet_count":0,"master_deck":["AscendersBane","Strike_P","Strike_P","Strike_P","Strike_P","Defend_P","Defend_P","Eruption+1","Vigilance","WheelKick+1","BowlingBash+1","ClearTheMind+1","Omniscience+1","DevaForm","Purity+1"],"relics":["PureWater","REME_ComplimentaryCards","NeowsBlessing","Toxic Egg 2","CaptainsWheel","Strawberry","Runic Dome","Smiling Mask","PrismaticShard","HornCleat","Letter Opener"],"acts_visited":["Exordium","TheCity"],"potions_floor_usage":[16,16,27],"damage_taken":[{"damage":0.0,"enemies":"2 Louse","floor":1.0,"turns":1.0},{"damage":0.0,"enemies":"Small Slimes","floor":4.0,"turns":2.0},{"damage":0.0,"enemies":"Cultist","floor":5.0,"turns":1.0},{"damage":4.0,"enemies":"Lots of Slimes","floor":7.0,"turns":2.0},{"damage":0.0,"enemies":"Exordium Wildlife","floor":8.0,"turns":3.0},{"damage":2.0,"enemies":"3 Sentries","floor":10.0,"turns":6.0},{"damage":0.0,"enemies":"Exordium Thugs","floor":11.0,"turns":2.0},{"damage":10.0,"enemies":"Gremlin Nob","floor":12.0,"turns":4.0},{"damage":0.0,"enemies":"3 Louse","floor":13.0,"turns":2.0},{"damage":8.0,"enemies":"Blue Slaver","floor":14.0,"turns":2.0},{"damage":24,"enemies":"The Guardian","floor":16,"turns":6},{"damage":8,"enemies":"3 Byrds","floor":18,"turns":3},{"damage":11,"enemies":"Shell Parasite","floor":21,"turns":4},{"damage":53,"enemies":"REME_1_Revenger","floor":25,"turns":6},{"damage":35,"enemies":"Slavers","floor":27,"turns":6},{"damage":42,"enemies":"Masked Bandits","floor":28,"turns":3}],"seed_played":"-3797546002792301420","potions_obtained":[{"floor":4.0,"key":"EntropicBrew"},{"floor":8.0,"key":"GamblersBrew"},{"floor":10.0,"key":"LiquidBronze"},{"floor":12.0,"key":"SkillPotion"},{"floor":13.0,"key":"Block Potion"},{"floor":16,"key":"BottledMiracle"},{"floor":21,"key":"SkillPotion"}],"is_trial":false,"path_per_floor":["M","?","?","M","M","R","M","M","T","E","M","E","M","M","R","B",null,"M","?","T","M","$","R","?","E","T","E","?"],"character_chosen":"WATCHER","items_purchased":["PrismaticShard","DevaForm"],"campfire_rested":0,"item_purchase_floors":[22,22],"current_hp_per_floor":[61,61,61,61,61,61,57,57,57,55,55,52,52,44,44,20,61,53,53,53,42,42,42,42,52,52,73,31,31],"gold":188,"neow_bonus":"THREE_ENEMY_KILL","is_daily":false,"chose_seed":false,"campfire_upgraded":3,"win_rate":0.0,"timestamp":1609675270,"path_taken":["M","?","?","?","?","R","M","M","T","E","M","E","M","M","R","BOSS","M","?","?","M","$","R","?","E","T","E","?"],"items_purchased_type":["Relic","Card"],"build_version":"2020-12-22","purchased_purges":1,"victory":false,"max_hp_per_floor":[68,68,68,68,68,68,68,68,68,68,68,75,75,75,75,75,75,75,75,75,75,75,75,75,75,75,75,75,75],"card_choices":[{"not_picked":["PathToVictory","EmptyFist","Evaluate"],"picked":"SKIP","floor":1.0},{"not_picked":["Protect","SashWhip"],"picked":"WheelKick","floor":4.0},{"not_picked":["LikeWater","PathToVictory","WreathOfFlame"],"picked":"SKIP","floor":5.0},{"not_picked":["Consecrate","Nirvana","Fasting2"],"picked":"SKIP","floor":7.0},{"not_picked":["Prostrate","REME_Repentance"],"picked":"BowlingBash","floor":8.0},{"not_picked":["Worship+1","Devotion","Evaluate+1"],"picked":"SKIP","floor":10.0},{"not_picked":["LikeWater","Evaluate+1","Halt+1"],"picked":"SKIP","floor":11.0},{"not_picked":["Pray+1","Halt+1","Conclude"],"picked":"SKIP","floor":12.0},{"not_picked":["REME_Repentance+1","DeceiveReality+1","LikeWater"],"picked":"SKIP","floor":13.0},{"not_picked":["Crescendo+1","LikeWater"],"picked":"ClearTheMind+1","floor":14.0},{"not_picked":["DevaForm","MasterReality"],"picked":"Omniscience+1","floor":16},{"not_picked":["Weave","EmptyFist","Swivel+1"],"picked":"SKIP","floor":18},{"not_picked":["Protect+1","CarveReality","WheelKick"],"picked":"SKIP","floor":21},{"not_picked":["Lockon+1","Blizzard","Quick Slash+1"],"picked":"SKIP","floor":25},{"not_picked":["Acrobatics+1","TalkToTheHand"],"picked":"Purity+1","floor":27}],"player_experience":204117,"relics_obtained":[{"floor":9.0,"key":"Toxic Egg 2"},{"floor":10.0,"key":"CaptainsWheel"},{"floor":12.0,"key":"Strawberry"},{"floor":20,"key":"Smiling Mask"},{"floor":25,"key":"HornCleat"},{"floor":27,"key":"Letter Opener"}],"event_choices":[{"damage_healed":0.0,"max_hp_gain":0.0,"max_hp_loss":0.0,"gold_gain":0.0,"event_name":"Liars Game","player_choice":"Ignored","floor":2.0,"gold_loss":0.0,"damage_taken":0.0},{"cards_removed":["Defend_P"],"damage_healed":0.0,"max_hp_gain":0.0,"max_hp_loss":0.0,"gold_gain":0.0,"event_name":"Purifier","player_choice":"Purged","floor":3.0,"gold_loss":0.0,"damage_taken":0.0},{"damage_healed":0,"gold_gain":0,"player_choice":"Ignored","damage_taken":0,"max_hp_gain":0,"max_hp_loss":0,"event_name":"Ghosts","floor":19,"gold_loss":0},{"damage_healed":0,"gold_gain":0,"player_choice":"Ignored","damage_taken":0,"max_hp_gain":0,"max_hp_loss":0,"event_name":"Vampires","floor":24,"gold_loss":0},{"damage_healed":0,"gold_gain":0,"player_choice":"Fought Bandits","damage_taken":0,"max_hp_gain":0,"max_hp_loss":0,"event_name":"Masked Bandits","floor":28,"gold_loss":0}],"is_beta":false,"boss_relics":[{"not_picked":["Busted Crown","Sozu"],"picked":"Runic Dome"}],"items_purged_floors":[22],"is_endless":false,"potions_floor_spawned":[4,8,10,12,13,16,21,25],"killed_by":"Masked Bandits","ascension_level":15}}