{"host":"oigynbtg272c19pw","time":1609713713,"event":{"mods":["BaseMod","Colored Map","Minty Spire (QoL Compilation)","Relic Stats","StSLib"],"gold_per_floor":[116,30,43,59,59,59,17,50,50,61,61,82,82,117,117,208,208,232,232,217,236,256,256,270,289,313,357,45,45,70,103,103,192,192,212,212,112,128,142,142,142,142],"floor_reached":41,"playtime":2364,"items_purged":["Strike_G","Well Laid Plans"],"score":1090,"play_id":"9c1e6558-9e11-4956-b971-0c98109f29de","local_time":"20210103234153","is_ascension_mode":true,"campfire_choices":[{"data":"Bouncing Flask","floor":6,"key":"SMITH"},{"data":"Catalyst","floor":13,"key":"SMITH"},{"data":"Footwork","floor":15,"key":"SMITH"},{"floor":23,"key":"REST"},{"data":"Ghostly","floor":32,"key":"SMITH"},{"floor":40,"key":"REST"}],"circlet_count":0,"master_deck":["AscendersBane","Strike_G","Strike_G","Strike_G","Strike_G","Defend_G","Defend_G","Defend_G","Defend_G","Defend_G","Survivor","Neutralize","PiercingWail","Bouncing Flask+1","Blade Dance","Corpse Explosion","Calculated Gamble","Catalyst+1","Footwork+1","A Thousand Cuts","Ghostly+1","Ghostly","Ghostly","Bouncing Flask+1","Crippling Poison","Blade Dance+1","Venomology","Calculated Gamble"],"relics":["Ring of the Snake","Dead Branch","Kunai","Singing Bowl","Golden Idol","Darkstone Periapt","Snecko Eye","Vajra","Unceasing Top","MealTicket","Nunchaku","Runic Pyramid"],"acts_visited":["Exordium","TheCity","TheBeyond"],"potions_floor_usage":[14,22,31,33,39],"damage_taken":[{"damage":3,"enemies":"Cultist","floor":1,"turns":4},{"damage":4,"enemies":"Small Slimes","floor":3,"turns":4},{"damage":0,"enemies":"2 Louse","floor":4,"turns":3},{"damage":16,"enemies":"3 Sentries","floor":8,"turns":4},{"damage":0,"enemies":"Large Slime","floor":10,"turns":4},{"damage":0,"enemies":"2 Fungi Beasts","floor":12,"turns":2},{"damage":5,"enemies":"Lagavulin","floor":14,"turns":5},{"damage":0,"enemies":"Slime Boss","floor":16,"turns":5},{"damage":0,"enemies":"Chosen","floor":18,"turns":2},{"damage":14,"enemies":"2 Thieves","floor":20,"turns":4},{"damage":13,"enemies":"Snecko","floor":21,"turns":7},{"damage":1,"enemies":"Chosen and Byrds","floor":22,"turns":6},{"damage":0,"enemies":"Cultist and Chosen","floor":24,"turns":4},{"damage":10,"enemies":"Snecko","floor":25,"turns":5},{"damage":1,"enemies":"Gremlin Leader","floor":27,"turns":6},{"damage":0,"enemies":"3 Cultists","floor":30,"turns":4},{"damage":0,"enemies":"Slavers","floor":31,"turns":1},{"damage":5,"enemies":"Champ","floor":33,"turns":12},{"damage":18,"enemies":"3 Darklings","floor":35,"turns":4},{"damage":2,"enemies":"3 Shapes","floor":38,"turns":2},{"damage":30,"enemies":"Sphere and 2 Shapes","floor":39,"turns":5},{"damage":38,"enemies":"Writhing Mass","floor":41,"turns":1}],"seed_played":"-3184758396596113625","potions_obtained":[{"floor":3,"key":"GhostInAJar"},{"floor":8,"key":"BlessingOfTheForge"},{"floor":12,"key":"DistilledChaos"},{"floor":14,"key":"ColorlessPotion"},{"floor":16,"key":"Explosive Potion"},{"floor":27,"key":"ColorlessPotion"},{"floor":31,"key":"AttackPotion"},{"floor":35,"key":"PowerPotion"}],"is_trial":false,"path_per_floor":["M","$","M","M","?","R","$","E","T","M","?","M","R","E","R","B",null,"M","?","M","M","M","R","M","M","T","E","$","?","M","E","R","B",null,"M","?","$","M","M","R","M"],"character_chosen":"THE_SILENT","items_purchased":["Bouncing Flask","Calculated Gamble","MealTicket","Crippling Poison"],"campfire_rested":2,"item_purchase_floors":[2,7,28,28],"current_hp_per_floor":[56,56,52,52,57,57,57,41,41,41,41,43,43,38,38,38,55,57,31,19,6,7,17,19,11,11,12,12,12,12,14,14,9,35,17,17,32,32,4,17,0,0],"gold":142,"neow_bonus":"ONE_RARE_RELIC","is_daily":false,"chose_seed":false,"campfire_upgraded":4,"win_rate":0.0,"timestamp":1609713713,"path_taken":["M","$","M","M","?","R","$","E","T","M","?","M","R","E","R","BOSS","M","?","M","M","M","R","M","M","T","E","$","?","M","E","R","BOSS","M","?","$","M","M","R","M"],"items_purchased_type":["Card","Card","Relic","Card"],"build_version":"2020-12-13","purchased_purges":2,"victory":false,"max_hp_per_floor":[60,60,60,60,65,65,65,65,65,65,59,61,61,61,61,61,61,63,31,33,33,35,35,37,39,39,41,41,41,41,43,43,43,43,43,41,41,43,45,45,45,45],"relic_stats":{"Darkstone Periapt":0,"Nunchaku":[4],"Singing Bowl":20,"counters":[22,94],"Golden Idol":103,"Dead Branch":[197],"Snecko Eye":[122,108,141,130],"MealTicket":15,"Kunai":[31],"obtain_stats":[{"Darkstone Periapt":14,"Nunchaku":31,"Singing Bowl":9,"Golden Idol":11,"Dead Branch":0,"Snecko Eye":17,"Vajra":26,"MealTicket":28,"Kunai":8,"Unceasing Top":27,"Ring of the Snake":0,"Runic Pyramid":34},{"Darkstone Periapt":7,"Nunchaku":17,"Singing Bowl":4,"Golden Idol":5,"Dead Branch":0,"Snecko Eye":8,"Vajra":14,"MealTicket":15,"Kunai":4,"Unceasing Top":15,"Ring of the Snake":0,"Runic Pyramid":18},{"Darkstone Periapt":26,"Nunchaku":70,"Singing Bowl":15,"Golden Idol":19,"Dead Branch":0,"Snecko Eye":31,"Vajra":59,"MealTicket":65,"Kunai":15,"Unceasing Top":65,"Ring of the Snake":0,"Runic Pyramid":82}],"Unceasing Top":[2],"Ring of the Snake":[44]},"card_choices":[{"not_picked":["Dodge and Roll","Cloak And Dagger"],"picked":"PiercingWail","floor":1},{"not_picked":["Deadly Poison","Dodge and Roll"],"picked":"Blade Dance","floor":3},{"not_picked":["Footwork","Calculated Gamble"],"picked":"Corpse Explosion","floor":4},{"not_picked":["Underhanded Strike","Acrobatics"],"picked":"Well Laid Plans","floor":8},{"not_picked":["Deflect","Slice"],"picked":"Catalyst","floor":10},{"not_picked":["Flying Knee","Skewer","Backflip"],"picked":"Singing Bowl","floor":12},{"not_picked":["Distraction","Poisoned Stab"],"picked":"Footwork","floor":14},{"not_picked":["Venomology","Doppelganger"],"picked":"A Thousand Cuts","floor":16},{"not_picked":["Dagger Throw","Setup","Bane"],"picked":"Singing Bowl","floor":18},{"not_picked":["Heel Hook","Reflex","Expertise"],"picked":"Singing Bowl","floor":20},{"not_picked":["Slice","Escape Plan"],"picked":"Bouncing Flask+1","floor":21},{"not_picked":["Deflect","Quick Slash","Acrobatics"],"picked":"Singing Bowl","floor":22},{"not_picked":["Leg Sweep","Outmaneuver","Flying Knee"],"picked":"Singing Bowl","floor":24},{"not_picked":["Flying Knee","Tools of the Trade","Bane"],"picked":"Singing Bowl","floor":25},{"not_picked":["Slice","Flechettes","Endless Agony+1"],"picked":"Singing Bowl","floor":27},{"not_picked":["Bane","Prepared"],"picked":"Blade Dance+1","floor":30},{"not_picked":["Dagger Throw","Quick Slash","Blade Dance"],"picked":"Singing Bowl","floor":31},{"not_picked":["Grand Finale","Glass Knife"],"picked":"Venomology","floor":33},{"not_picked":["Infinite Blades","Prepared+1"],"picked":"Calculated Gamble","floor":35},{"not_picked":["Heel Hook","Flying Knee","Deadly Poison"],"picked":"Singing Bowl","floor":38},{"not_picked":["Poisoned Stab+1","Noxious Fumes","Eviscerate"],"picked":"Singing Bowl","floor":39}],"player_experience":1336469,"relics_obtained":[{"floor":8,"key":"Kunai"},{"floor":9,"key":"Singing Bowl"},{"floor":14,"key":"Darkstone Periapt"},{"floor":26,"key":"Vajra"},{"floor":27,"key":"Unceasing Top"},{"floor":31,"key":"Nunchaku"}],"event_choices":[{"damage_healed":0,"gold_gain":0,"player_choice":"Donut","damage_taken":0,"max_hp_gain":5,"max_hp_loss":0,"event_name":"Big Fish","floor":5,"gold_loss":0},{"damage_healed":0,"gold_gain":0,"player_choice":"Lose Max HP","damage_taken":0,"relics_obtained":["Golden Idol"],"max_hp_gain":0,"max_hp_loss":6,"event_name":"Golden Idol","floor":11,"gold_loss":0},{"damage_healed":0,"gold_gain":0,"player_choice":"Became a Ghost","damage_taken":0,"max_hp_gain":0,"max_hp_loss":32,"event_name":"Ghosts","floor":19,"gold_loss":0,"cards_obtained":["Ghostly","Ghostly","Ghostly"]},{"damage_healed":0,"gold_gain":0,"player_choice":"Ignored","damage_taken":0,"max_hp_gain":0,"max_hp_loss":0,"event_name":"Cursed Tome","floor":29,"gold_loss":0},{"damage_healed":0,"gold_gain":0,"player_choice":"Max HP","damage_taken":0,"max_hp_gain":0,"max_hp_loss":2,"event_name":"Winding Halls","floor":36,"gold_loss":0}],"is_beta":false,"boss_relics":[{"not_picked":["Tiny House","HoveringKite"],"picked":"Snecko Eye"},{"not_picked":["Empty Cage","SacredBark"],"picked":"Runic Pyramid"}],"items_purged_floors":[28,37],"is_endless":false,"potions_floor_spawned":[3,8,12,14,16,20,27,30,31,35],"killed_by":"Writhing Mass","ascension_level":20}}