{"host":"1tkoe3l8wf0xx8if","time":1609696105,"event":{"mods":["AchievementEnabler","BaseMod","Colored Map","Minty Spire (QoL Compilation)","Quick Restart","StSLib","SuperFastMode"],"gold_per_floor":[112,122,132,57,57,57,92,103,154,179,179,4,16,33,33,134,134,150,150,25,25,40,40,70,87,110,121,121,149,149,174,174,270,270,290,290,290,140,140,140,140,0,0,0,13,13,32,32,32,32,32],"floor_reached":50,"playtime":2136,"items_purged":["Strike_B","Strike_B","Coolheaded","Sunder+1","Sweeping Beam"],"score":658,"play_id":"a79d1efe-08b1-45a2-bff5-c815b127d6f0","local_time":"20210104024825","is_ascension_mode":true,"campfire_choices":[{"data":"Zap","floor":6.0,"key":"SMITH"},{"floor":11.0,"key":"REST"},{"data":"Coolheaded","floor":15.0,"key":"SMITH"},{"data":"Rainbow","floor":23.0,"key":"SMITH"},{"floor":28.0,"key":"REST"},{"floor":30.0,"key":"REST"},{"floor":32.0,"key":"REST"},{"data":"Dualcast","floor":40.0,"key":"SMITH"},{"data":"Consume","floor":44.0,"key":"SMITH"},{"data":"Biased Cognition","floor":46.0,"key":"SMITH"},{"floor":49.0,"key":"REST"}],"circlet_count":0,"master_deck":["Defend_B","Defend_B","Zap+1","Dualcast+1","Biased Cognition+1","Hologram","Go for the Eyes","Coolheaded+1","Hologram","Rainbow+1","Conserve Battery+1","Loop+1","Compile Driver","Capacitor","Flash of Steel","Echo Form","Consume+1","Darkness+1","White Noise","Chill","Leap+1","Madness","Violence"],"relics":["Cracked Core","Kunai","Happy Flower","Nunchaku","Astrolabe","Ice Cream","Toy Ornithopter","Bottled Lightning","Centennial Puzzle","SlaversCollar","The Courier","FossilizedHelix"],"acts_visited":["Exordium","TheCity","TheBeyond"],"potions_floor_usage":[50],"damage_taken":[{"damage":0.0,"enemies":"Cultist","floor":1.0,"turns":2.0},{"damage":9.0,"enemies":"2 Louse","floor":2.0,"turns":2.0},{"damage":12.0,"enemies":"Small Slimes","floor":3.0,"turns":3.0},{"damage":22.0,"enemies":"3 Sentries","floor":7.0,"turns":4.0},{"damage":3.0,"enemies":"Red Slaver","floor":8.0,"turns":3.0},{"damage":11.0,"enemies":"Gremlin Nob","floor":10.0,"turns":3.0},{"damage":0.0,"enemies":"Large Slime","floor":13.0,"turns":2.0},{"damage":4.0,"enemies":"Blue Slaver","floor":14.0,"turns":2.0},{"damage":9.0,"enemies":"Hexaghost","floor":16.0,"turns":8.0},{"damage":0.0,"enemies":"Spheric Guardian","floor":18.0,"turns":3.0},{"damage":8.0,"enemies":"Chosen","floor":22.0,"turns":3.0},{"damage":24.0,"enemies":"Gremlin Leader","floor":24.0,"turns":6.0},{"damage":4.0,"enemies":"Snecko","floor":25.0,"turns":5.0},{"damage":16.0,"enemies":"Centurion and Healer","floor":27.0,"turns":5.0},{"damage":33.0,"enemies":"Book of Stabbing","floor":29.0,"turns":5.0},{"damage":25.0,"enemies":"Slavers","floor":31.0,"turns":6.0},{"damage":23.0,"enemies":"Champ","floor":33.0,"turns":8.0},{"damage":27.0,"enemies":"Orb Walker","floor":35.0,"turns":5.0},{"damage":0.0,"enemies":"3 Shapes","floor":45.0,"turns":6.0},{"damage":20.0,"enemies":"3 Darklings","floor":47.0,"turns":5.0},{"damage":70,"enemies":"Time Eater","floor":50,"turns":6}],"seed_played":"3011920343870872712","potions_obtained":[{"floor":1.0,"key":"SpeedPotion"},{"floor":2.0,"key":"Fruit Juice"},{"floor":7.0,"key":"LiquidMemories"},{"floor":8.0,"key":"SmokeBomb"},{"floor":16.0,"key":"ColorlessPotion"},{"floor":22.0,"key":"PotionOfCapacity"},{"floor":24.0,"key":"AttackPotion"},{"floor":29.0,"key":"SkillPotion"},{"floor":31.0,"key":"DuplicationPotion"},{"floor":35.0,"key":"SkillPotion"}],"is_trial":false,"path_per_floor":["M","M","M","$","?","R","E","M","T","E","R","$","M","M","R","B",null,"M","?","$","?","M","R","E","M","T","M","R","E","R","E","R","B",null,"M","?","?","$","T","R","?","$","T","R","M","R","M","?","R","B"],"character_chosen":"DEFECT","items_purchased":["Gash","Beam Cell"],"campfire_rested":5,"item_purchase_floors":[12,12],"current_hp_per_floor":[68,64,52,52,52,52,30,27,27,16,37,37,37,33,33,24,61,61,61,61,61,53,53,29,25,25,14,35,2,23,3,24,11,58,31,64,59,59,59,59,59,59,59,59,59,59,39,39,58,0,0],"gold":32,"neow_bonus":"TRANSFORM_TWO_CARDS","is_daily":false,"chose_seed":false,"campfire_upgraded":6,"win_rate":0.0,"timestamp":1609696105,"path_taken":["M","M","M","?","?","R","E","?","T","E","R","$","M","M","R","BOSS","M","?","?","?","?","R","E","M","T","M","R","E","R","E","R","BOSS","M","?","?","?","?","R","?","$","T","R","?","R","M","?","R","BOSS"],"items_purchased_type":["Card","Card"],"build_version":"2020-12-22","purchased_purges":5,"victory":false,"max_hp_per_floor":[68,73,73,73,73,73,73,73,73,73,73,73,73,73,73,73,73,73,73,73,73,73,73,73,73,73,73,73,73,73,73,73,73,73,73,64,64,64,64,64,64,64,64,64,64,64,64,64,64,64,64],"card_choices":[{"not_picked":["Force Field","Sweeping Beam","Streamline"],"picked":"SKIP","floor":1.0},{"not_picked":["BootSequence","Streamline"],"picked":"Hologram","floor":2.0},{"not_picked":["Leap","Scrape"],"picked":"Go for the Eyes","floor":3.0},{"not_picked":["Streamline","Scrape"],"picked":"Coolheaded","floor":7.0},{"not_picked":["Chill","Barrage","Coolheaded"],"picked":"SKIP","floor":8.0},{"not_picked":["Blizzard","Recycle","Tempest"],"picked":"SKIP","floor":10.0},{"not_picked":["Storm","Consume"],"picked":"Coolheaded","floor":13.0},{"not_picked":["Cold Snap","Go for the Eyes"],"picked":"Hologram","floor":14.0},{"not_picked":["Creative AI","Amplify"],"picked":"Rainbow","floor":16.0},{"not_picked":["Sunder","Auto Shields"],"picked":"Compile Driver","floor":18.0},{"not_picked":["Ball Lightning","Gash"],"picked":"Consume","floor":22.0},{"not_picked":["Sweeping Beam","Go for the Eyes"],"picked":"Darkness+1","floor":24.0},{"not_picked":["Fission","Recycle","Steam Power"],"picked":"SKIP","floor":25.0},{"not_picked":["Rip and Tear","Compile Driver"],"picked":"White Noise","floor":27.0},{"not_picked":["Compile Driver","Machine Learning"],"picked":"Chill","floor":29.0},{"not_picked":["Conserve Battery","Loop"],"picked":"Leap+1","floor":31.0},{"not_picked":["Beam Cell","Sweeping Beam","Force Field+1"],"picked":"SKIP","floor":35.0},{"not_picked":["Panache","Deep Breath"],"picked":"Madness","floor":37.0},{"not_picked":["Mind Blast","Dramatic Entrance"],"picked":"Violence","floor":37.0},{"not_picked":["Recycle","Rebound+1","Auto Shields"],"picked":"SKIP","floor":45.0},{"not_picked":["Reprogram","Gash+1","Reinforced Body"],"picked":"SKIP","floor":47.0}],"player_experience":326086,"relics_obtained":[{"floor":7.0,"key":"Kunai"},{"floor":9.0,"key":"Happy Flower"},{"floor":10.0,"key":"Nunchaku"},{"floor":24.0,"key":"Ice Cream"},{"floor":26.0,"key":"Toy Ornithopter"},{"floor":29.0,"key":"Bottled Lightning"},{"floor":31.0,"key":"Centennial Puzzle"},{"floor":39.0,"key":"The Courier"},{"floor":43.0,"key":"FossilizedHelix"}],"event_choices":[{"cards_removed":["Defend_B"],"damage_healed":0.0,"max_hp_gain":0.0,"max_hp_loss":0.0,"gold_gain":0.0,"event_name":"Wheel of Change","player_choice":"Card Removal","floor":5.0,"gold_loss":0.0,"damage_taken":0.0},{"damage_healed":0.0,"max_hp_gain":0.0,"max_hp_loss":0.0,"gold_gain":0.0,"event_name":"Match and Keep!","player_choice":"3 cards matched","floor":19.0,"gold_loss":0.0,"damage_taken":0.0,"cards_obtained":["Capacitor","Flash of Steel","Sweeping Beam"]},{"damage_healed":0.0,"max_hp_gain":0.0,"max_hp_loss":0.0,"gold_gain":0.0,"cards_transformed":["Sweeping Beam"],"event_name":"Transmorgrifier","player_choice":"Transformed","floor":21.0,"gold_loss":0.0,"damage_taken":0.0,"cards_obtained":["Echo Form"]},{"damage_healed":64.0,"max_hp_gain":0.0,"max_hp_loss":9.0,"gold_gain":0.0,"event_name":"The Moai Head","player_choice":"Heal","floor":36.0,"gold_loss":0.0,"damage_taken":0.0},{"damage_healed":0.0,"max_hp_gain":0.0,"max_hp_loss":0.0,"gold_gain":0.0,"event_name":"SensoryStone","player_choice":"Memory 2","floor":37.0,"gold_loss":0.0,"damage_taken":5.0},{"damage_healed":0.0,"max_hp_gain":0.0,"max_hp_loss":0.0,"gold_gain":0.0,"event_name":"Tomb of Lord Red Mask","player_choice":"Ignored","floor":41.0,"gold_loss":0.0,"damage_taken":0.0},{"damage_healed":0.0,"max_hp_gain":0.0,"max_hp_loss":0.0,"gold_gain":0.0,"event_name":"SecretPortal","player_choice":"Ignored","floor":48.0,"gold_loss":0.0,"damage_taken":0.0}],"is_beta":false,"boss_relics":[{"not_picked":["Snecko Eye","Nuclear Battery"],"picked":"Astrolabe"},{"not_picked":["FrozenCore","Black Star"],"picked":"SlaversCollar"}],"items_purged_floors":[4,12,20,38,42],"is_endless":false,"potions_floor_spawned":[1,2,7,8,16,22,24,29,31,35],"killed_by":"Time Eater","ascension_level":6}}