{"host":"63rwe7p34ct1i0qu","time":1609653326,"event":{"mods":["BaseMod","Colored Map","DeckTracker","Minty Spire (QoL Compilation)","Permanent Neow","Quick Restart","StSLib"],"gold_per_floor":[110,129,54,72,72,72,91,91,91,107,137,147,147,161,161,161,161],"floor_reached":16,"playtime":475,"items_purged":["Doubt"],"score":191,"play_id":"44885519-d49b-49dd-b347-0cbe8094bc75","local_time":"20210103145526","is_ascension_mode":true,"campfire_choices":[{"data":"Armaments","floor":6,"key":"SMITH"},{"data":"Pommel Strike","floor":8,"key":"SMITH"},{"floor":15,"key":"REST"}],"circlet_count":0,"master_deck":["AscendersBane","Strike_R","Strike_R","Strike_R","Strike_R","Defend_R","Defend_R","Defend_R+1","Defend_R","Bash+1","Headbutt","Armaments+1","Cleave","Pommel Strike+1","Shrug It Off","Immolate"],"relics":["Burning Blood","TungstenRod","Gambling Chip"],"acts_visited":["Exordium"],"potions_floor_usage":[11,16,16],"damage_taken":[{"damage":14,"enemies":"Jaw Worm","floor":1,"turns":6},{"damage":3,"enemies":"2 Louse","floor":2,"turns":3},{"damage":1,"enemies":"Small Slimes","floor":4,"turns":4},{"damage":10,"enemies":"Looter","floor":7,"turns":5},{"damage":15,"enemies":"Large Slime","floor":10,"turns":10},{"damage":37,"enemies":"Lagavulin","floor":11,"turns":9},{"damage":0,"enemies":"2 Fungi Beasts","floor":12,"turns":1},{"damage":0,"enemies":"3 Louse","floor":14,"turns":1},{"damage":62,"enemies":"The Guardian","floor":16,"turns":10}],"seed_played":"-4704738919805804970","potions_obtained":[{"floor":7,"key":"SkillPotion"},{"floor":11,"key":"Strength Potion"},{"floor":14,"key":"SteroidPotion"}],"is_trial":false,"path_per_floor":["M","M","$","M","?","R","M","R","T","M","E","M","?","M","R","B"],"character_chosen":"IRONCLAD","items_purchased":[],"campfire_rested":1,"item_purchase_floors":[],"current_hp_per_floor":[80,83,83,88,88,88,84,84,84,75,44,50,32,38,66,4,4],"gold":161,"neow_bonus":"TWENTY_PERCENT_HP_BONUS","is_daily":false,"chose_seed":false,"campfire_upgraded":2,"win_rate":0.0,"timestamp":1609653326,"path_taken":["M","M","$","M","?","R","M","R","T","M","E","M","?","M","R","BOSS"],"items_purchased_type":[],"build_version":"2020-12-22","purchased_purges":1,"victory":false,"max_hp_per_floor":[96,96,96,96,96,96,96,96,96,96,96,96,96,96,96,96,96],"card_choices":[{"not_picked":["True Grit","Body Slam"],"picked":"Headbutt","floor":1},{"not_picked":["Warcry","Uppercut"],"picked":"Armaments","floor":2},{"not_picked":["Flame Barrier","Body Slam"],"picked":"Cleave","floor":4},{"not_picked":["Havoc","Armaments"],"picked":"Pommel Strike","floor":7},{"not_picked":["Twin Strike","Shockwave"],"picked":"Shrug It Off","floor":10},{"not_picked":["Power Through","Searing Blow"],"picked":"Immolate","floor":11},{"not_picked":["Wild Strike","Rampage","Perfected Strike"],"picked":"SKIP","floor":12},{"not_picked":["Clash","Heavy Blade","Iron Wave"],"picked":"SKIP","floor":14}],"player_experience":829100,"relics_obtained":[{"floor":9,"key":"TungstenRod"},{"floor":11,"key":"Gambling Chip"}],"event_choices":[{"cards_removed":["Strike_R"],"damage_healed":0,"gold_gain":0,"player_choice":"Forget","damage_taken":0,"max_hp_gain":0,"max_hp_loss":0,"event_name":"Living Wall","floor":5,"gold_loss":0},{"damage_healed":0,"gold_gain":0,"player_choice":"Entered Light","damage_taken":19,"max_hp_gain":0,"max_hp_loss":0,"event_name":"Shining Light","floor":13,"gold_loss":0,"cards_upgraded":["Bash","Defend_R"]}],"is_beta":false,"boss_relics":[],"items_purged_floors":[3],"is_endless":false,"potions_floor_spawned":[7,11,14],"killed_by":"The Guardian","ascension_level":12}}