{"host":"uonldg9uriwfhjjx","time":1609638885,"event":{"mods":["AchievementEnabler","BaseMod","Minty Spire (QoL Compilation)","Relic Stats"],"gold_per_floor":[113,113,38,53,53,83,83,83,106,129,129,160,180,180,180,276,276,296,99,118,118,28,62,62,62,62],"floor_reached":25,"playtime":710,"items_purged":["Strike_B","Strike_B"],"score":375,"play_id":"d5fbc059-144b-40e8-aa93-af47c56db6a3","local_time":"20210102205445","is_ascension_mode":true,"campfire_choices":[{"data":"Genetic Algorithm","floor":8,"key":"SMITH"},{"data":"Zap","floor":11,"key":"SMITH"},{"data":"Fission","floor":15,"key":"SMITH"},{"floor":24,"key":"REST"}],"circlet_count":0,"master_deck":["AscendersBane","Strike_B+1","Strike_B+1","Defend_B","Defend_B","Defend_B","Zap+1","Dualcast+1","Compile Driver","Cold Snap","Genetic Algorithm+1","Static Discharge","Fission+1","Echo Form","Self Repair","Chill"],"relics":["Cracked Core","Whetstone","Blue Candle","Golden Idol","Smiling Mask","Happy Flower","Runic Pyramid","Art of War","Pantograph","Eternal Feather"],"acts_visited":["Exordium","TheCity"],"potions_floor_usage":[12,12,14,16,16,23,23],"damage_taken":[{"damage":4,"enemies":"Jaw Worm","floor":1,"turns":3},{"damage":0,"enemies":"Small Slimes","floor":4,"turns":2},{"damage":20,"enemies":"Gremlin Nob","floor":6,"turns":4},{"damage":0,"enemies":"2 Louse","floor":10,"turns":1},{"damage":15,"enemies":"3 Sentries","floor":12,"turns":6},{"damage":12,"enemies":"Exordium Thugs","floor":13,"turns":5},{"damage":16,"enemies":"The Guardian","floor":16,"turns":11},{"damage":29,"enemies":"2 Thieves","floor":18,"turns":4},{"damage":8,"enemies":"Spheric Guardian","floor":20,"turns":4},{"damage":8,"enemies":"Gremlin Leader","floor":23,"turns":6},{"damage":58,"enemies":"Slavers","floor":25,"turns":5}],"seed_played":"2394851952287600160","potions_obtained":[{"floor":6,"key":"LiquidBronze"},{"floor":10,"key":"CultistPotion"},{"floor":12,"key":"ColorlessPotion"},{"floor":14,"key":"Fruit Juice"},{"floor":14,"key":"PowerPotion"},{"floor":14,"key":"BlessingOfTheForge"},{"floor":18,"key":"FocusPotion"},{"floor":20,"key":"Dexterity Potion"}],"is_trial":false,"path_per_floor":["M","?","$","M","$","E","?","R","T","M","R","E","M","?","R","B",null,"M","$","M","?","?","E","R","E"],"character_chosen":"DEFECT","items_purchased":["Art of War"],"campfire_rested":1,"item_purchase_floors":[19],"current_hp_per_floor":[64,69,69,69,69,49,49,49,49,49,49,34,22,27,27,11,62,33,33,25,25,25,24,56,0,0],"gold":62,"neow_bonus":"RANDOM_COMMON_RELIC","is_daily":false,"chose_seed":false,"campfire_upgraded":3,"win_rate":0.0,"timestamp":1609638885,"path_taken":["M","?","$","M","$","E","?","R","T","M","R","E","M","?","R","BOSS","M","$","M","?","?","E","R","E"],"items_purchased_type":["Relic"],"build_version":"2020-12-22","purchased_purges":2,"victory":false,"max_hp_per_floor":[75,80,80,80,80,80,74,74,74,74,74,74,74,79,79,79,79,79,79,79,79,79,79,79,79,79],"relic_stats":{"Happy Flower":[11],"counters":[11,51],"Golden Idol":49,"Blue Candle":[0],"Pantograph":0,"Eternal Feather":9,"Art of War":[3],"Whetstone":["Strike_B","Strike_B"],"Smiling Mask":50,"obtain_stats":[{"Happy Flower":12,"Golden Idol":7,"Blue Candle":6,"Pantograph":21,"Eternal Feather":23,"Art of War":19,"Whetstone":0,"Cracked Core":0,"Smiling Mask":9,"Runic Pyramid":17},{"Happy Flower":5,"Golden Idol":3,"Blue Candle":3,"Pantograph":9,"Eternal Feather":10,"Art of War":8,"Whetstone":0,"Cracked Core":0,"Smiling Mask":3,"Runic Pyramid":7},{"Happy Flower":16,"Golden Idol":9,"Blue Candle":9,"Pantograph":40,"Eternal Feather":46,"Art of War":36,"Whetstone":0,"Cracked Core":0,"Smiling Mask":9,"Runic Pyramid":32}]},"card_choices":[{"not_picked":["Stack","Go for the Eyes"],"picked":"Compile Driver","floor":1},{"not_picked":["Steam","Tempest"],"picked":"Cold Snap","floor":4},{"not_picked":["Hyperbeam","Hologram"],"picked":"Genetic Algorithm","floor":6},{"not_picked":["Rebound","Hologram"],"picked":"Static Discharge","floor":10},{"not_picked":["Coolheaded","Heatsinks"],"picked":"Fission","floor":12},{"not_picked":["Steam","Stack","Gash"],"picked":"SKIP","floor":13},{"not_picked":["Buffer","Reboot"],"picked":"Echo Form","floor":16},{"not_picked":["Barrage","Hologram","Cold Snap"],"picked":"SKIP","floor":18},{"not_picked":["Leap+1","Go for the Eyes"],"picked":"Self Repair","floor":20},{"not_picked":["Leap","Rip and Tear"],"picked":"Chill","floor":23}],"player_experience":706496,"relics_obtained":[{"floor":6,"key":"Blue Candle"},{"floor":9,"key":"Smiling Mask"},{"floor":12,"key":"Happy Flower"},{"floor":23,"key":"Eternal Feather"}],"event_choices":[{"damage_healed":0,"gold_gain":0,"player_choice":"Donut","damage_taken":0,"max_hp_gain":5,"max_hp_loss":0,"event_name":"Big Fish","floor":2,"gold_loss":0},{"damage_healed":0,"gold_gain":0,"player_choice":"Lose Max HP","damage_taken":0,"relics_obtained":["Golden Idol"],"max_hp_gain":0,"max_hp_loss":6,"event_name":"Golden Idol","floor":7,"gold_loss":0},{"damage_healed":0,"gold_gain":0,"player_choice":"Got Potions","damage_taken":0,"max_hp_gain":0,"max_hp_loss":0,"event_name":"Lab","floor":14,"gold_loss":0},{"damage_healed":0,"gold_gain":0,"player_choice":"Opened","damage_taken":0,"relics_obtained":["Pantograph"],"max_hp_gain":0,"max_hp_loss":0,"event_name":"The Mausoleum","floor":21,"gold_loss":0},{"cards_removed":["Defend_B"],"damage_healed":0,"gold_gain":0,"player_choice":"Upgrade and Remove","damage_taken":0,"max_hp_gain":0,"max_hp_loss":0,"event_name":"Designer","floor":22,"gold_loss":90,"cards_upgraded":["Dualcast"]}],"is_beta":false,"boss_relics":[{"not_picked":["Sozu","SacredBark"],"picked":"Runic Pyramid"}],"items_purged_floors":[3,19],"is_endless":false,"potions_floor_spawned":[6,10,12,18,20],"killed_by":"Slavers","ascension_level":13}}