{"host":"g8a0qo0vjtg6u5wv","time":1609658096,"event":{"mods":["BaseMod","Colored Map","Custom Start","KOR Keyword Fix","Minty Spire (QoL Compilation)","StSLib","SuperFastMode","The Jungle"],"gold_per_floor":[113,44,8,23,23,23,56,56,126,126,141,158,185,238,238,338,338,348,358,358,368,65,65,65,65,65,80,108,108,139,158,158,255,255,268,288,301,301,319,350,350,350,350],"floor_reached":42,"playtime":1116,"items_purged":["Strike_B"],"score":710,"play_id":"17cb4bda-9656-41ee-ad9a-c56276cbf337","local_time":"20210103161456","is_ascension_mode":true,"campfire_choices":[{"data":"White Noise","floor":6.0,"key":"SMITH"},{"data":"Dualcast","floor":8.0,"key":"SMITH"},{"floor":10.0,"key":"REST"},{"data":"Chaos","floor":15.0,"key":"SMITH"},{"data":"Chaos","floor":23.0,"key":"SMITH"},{"data":"Static Discharge","floor":25.0,"key":"SMITH"},{"data":"Barrage","floor":29.0,"key":"SMITH"},{"data":"Coolheaded","floor":32.0,"key":"SMITH"},{"data":"Biased Cognition","floor":41,"key":"SMITH"}],"circlet_count":0,"master_deck":["Zap+1","Dualcast+1","White Noise+1","Loop+1","Glacier","FTL","Coolheaded+1","Hologram","Chaos+1","Electrodynamics","Barrage+1","Static Discharge+1","Zap","Chaos+1","White Noise+1","Self Repair","Leap","Force Field","Biased Cognition+1","Double Energy","Meteor Strike","Conserve Battery","Stack","Core Surge","Recycle","Consume","Redo+1","All For One"],"relics":["Cracked Core","Mercury Hourglass","Art of War","HornCleat","StoneCalendar","Bronze Scales","Cursed Key","OrangePellets","Potion Belt","Gremlin Horn","Pandora\u0027s Box","Omamori"],"acts_visited":["Exordium","TheCity","TheBeyond"],"potions_floor_usage":[40],"damage_taken":[{"damage":3.0,"enemies":"2 Louse","floor":1.0,"turns":3.0},{"damage":6.0,"enemies":"Cultist","floor":4.0,"turns":3.0},{"damage":18.0,"enemies":"Gremlin Nob","floor":7.0,"turns":4.0},{"damage":2.0,"enemies":"Jaw Worm","floor":11.0,"turns":2.0},{"damage":1.0,"enemies":"Exordium Wildlife","floor":12.0,"turns":3.0},{"damage":1.0,"enemies":"Lagavulin","floor":13.0,"turns":5.0},{"damage":6.0,"enemies":"Hexaghost","floor":16.0,"turns":7.0},{"damage":4.0,"enemies":"Shell Parasite","floor":18.0,"turns":4.0},{"damage":7.0,"enemies":"2 Thieves","floor":19.0,"turns":5.0},{"damage":0.0,"enemies":"3 Cultists","floor":21.0,"turns":3.0},{"damage":18.0,"enemies":"Snake Plant","floor":27.0,"turns":3.0},{"damage":3.0,"enemies":"Slavers","floor":28.0,"turns":3.0},{"damage":9.0,"enemies":"Book of Stabbing","floor":30.0,"turns":4.0},{"damage":3.0,"enemies":"Shelled Parasite and Fungi","floor":31.0,"turns":3.0},{"damage":0.0,"enemies":"Collector","floor":33.0,"turns":7.0},{"damage":2.0,"enemies":"3 Shapes","floor":35.0,"turns":2.0},{"damage":17.0,"enemies":"3 Darklings","floor":36.0,"turns":4.0},{"damage":16.0,"enemies":"Spire Growth","floor":37.0,"turns":5.0},{"damage":0.0,"enemies":"4 Shapes","floor":39.0,"turns":4.0},{"damage":34,"enemies":"Giant Head","floor":40,"turns":7},{"damage":42,"enemies":"Nemesis","floor":42,"turns":7}],"seed_played":"-2298805586668573766","potions_obtained":[{"floor":1.0,"key":"EntropicBrew"},{"floor":13.0,"key":"Block Potion"},{"floor":18.0,"key":"Fire Potion"},{"floor":28.0,"key":"Weak Potion"},{"floor":30.0,"key":"Block Potion"},{"floor":31.0,"key":"Fruit Juice"},{"floor":39.0,"key":"PowerPotion"}],"is_trial":false,"path_per_floor":["M","?","$","M","?","R","E","R","T","R","M","M","E","T","R","B",null,"M","M","?","M","$","R","?","R","T","M","E","R","E","M","R","B",null,"M","M","M","?","M","E","R","E"],"character_chosen":"DEFECT","items_purchased":["Loop","OrangePellets","Self Repair"],"campfire_rested":1,"item_purchase_floors":[3,22,22],"current_hp_per_floor":[65,65,65,59,44,44,26,26,26,48,46,45,44,44,44,38,66,62,55,55,55,55,55,55,55,55,44,48,48,46,55,55,62,76,80,70,61,61,61,34,34,0,0],"gold":350,"neow_bonus":"UPGRADE_CARD","is_daily":false,"chose_seed":false,"campfire_upgraded":8,"win_rate":0.0,"timestamp":1609658096,"path_taken":["M","?","$","?","?","R","E","R","T","R","M","M","E","?","R","BOSS","M","M","?","?","$","R","?","R","T","M","E","R","E","M","R","BOSS","M","M","M","?","M","E","R","E"],"items_purchased_type":["Card","Relic","Card"],"build_version":"2020-12-22","purchased_purges":1,"victory":false,"max_hp_per_floor":[75,75,75,75,75,75,75,75,75,75,75,75,75,75,75,75,75,75,75,75,75,75,75,75,75,75,75,75,75,75,80,80,80,80,80,80,80,80,80,80,80,80,80],"card_choices":[{"not_picked":["Static Discharge","Melter"],"picked":"White Noise","floor":1.0},{"not_picked":["Turbo","BootSequence"],"picked":"Glacier","floor":4.0},{"not_picked":["Capacitor","Undo"],"picked":"FTL","floor":7.0},{"not_picked":["Compile Driver","Beam Cell"],"picked":"Coolheaded","floor":11.0},{"not_picked":["BootSequence","Coolheaded"],"picked":"Hologram","floor":12.0},{"not_picked":["Steam","Skim"],"picked":"Chaos","floor":13.0},{"not_picked":["Reboot","Amplify"],"picked":"Electrodynamics","floor":16.0},{"not_picked":["Streamline","Stack"],"picked":"Barrage","floor":18.0},{"not_picked":["Sweeping Beam+1","Stack"],"picked":"Static Discharge","floor":19.0},{"not_picked":["Multi-Cast","Streamline+1"],"picked":"White Noise+1","floor":21.0},{"not_picked":["Beam Cell","Sweeping Beam+1","Hologram"],"picked":"SKIP","floor":27.0},{"not_picked":["Steam","Beam Cell+1"],"picked":"Leap","floor":28.0},{"not_picked":["Beam Cell","Reboot"],"picked":"Force Field","floor":30.0},{"not_picked":["Sweeping Beam","Turbo+1","Auto Shields"],"picked":"SKIP","floor":31.0},{"not_picked":["Machine Learning","Fission"],"picked":"Biased Cognition","floor":33.0},{"not_picked":["Conserve Battery","Loop","Turbo+1"],"picked":"SKIP","floor":35.0},{"not_picked":["Cold Snap","Recycle+1"],"picked":"Consume","floor":36.0},{"not_picked":["Conserve Battery","Redo","FTL+1"],"picked":"SKIP","floor":37.0},{"not_picked":["Coolheaded+1","Darkness+1"],"picked":"Redo+1","floor":39.0},{"not_picked":["Chaos","Streamline+1"],"picked":"All For One","floor":40}],"player_experience":544961,"relics_obtained":[{"floor":7.0,"key":"Art of War"},{"floor":9.0,"key":"HornCleat"},{"floor":13.0,"key":"StoneCalendar"},{"floor":14.0,"key":"Bronze Scales"},{"floor":28.0,"key":"Potion Belt"},{"floor":30.0,"key":"Gremlin Horn"},{"floor":40,"key":"Omamori"}],"event_choices":[{"damage_healed":0.0,"max_hp_gain":0.0,"max_hp_loss":0.0,"gold_gain":0.0,"event_name":"WeMeetAgain","player_choice":"Paid Gold","floor":2.0,"gold_loss":69.0,"damage_taken":0.0,"relics_obtained":["Mercury Hourglass"]},{"damage_healed":0.0,"max_hp_gain":0.0,"max_hp_loss":0.0,"gold_gain":0.0,"event_name":"Shining Light","player_choice":"Entered Light","floor":5.0,"gold_loss":0.0,"damage_taken":15.0,"cards_upgraded":["Strike_B","Loop"]},{"damage_healed":0.0,"max_hp_gain":0.0,"max_hp_loss":0.0,"gold_gain":0.0,"event_name":"Match and Keep!","player_choice":"2 cards matched","floor":20.0,"gold_loss":0.0,"damage_taken":0.0,"cards_obtained":["Zap","Chaos"]},{"damage_healed":0.0,"max_hp_gain":0.0,"max_hp_loss":0.0,"gold_gain":0.0,"event_name":"Cursed Tome","player_choice":"Ignored","floor":24.0,"gold_loss":0.0,"damage_taken":0.0},{"cards_removed":["Doom and Gloom"],"damage_healed":0.0,"max_hp_gain":0.0,"max_hp_loss":0.0,"gold_gain":0.0,"event_name":"Falling","player_choice":"Removed Attack","floor":38.0,"gold_loss":0.0,"damage_taken":0.0}],"is_beta":false,"boss_relics":[{"not_picked":["Philosopher\u0027s Stone","Fusion Hammer"],"picked":"Cursed Key"},{"not_picked":["Busted Crown","Coffee Dripper"],"picked":"Pandora\u0027s Box"}],"items_purged_floors":[22],"is_endless":false,"potions_floor_spawned":[1,4,13,18,28,30,31,39],"killed_by":"Nemesis","ascension_level":7}}