{"host":"sh8ot41fo7a0kahq","time":1609683620,"event":{"mods":["ATMod(°¢èªMod)","BaseMod","Better Third Choice","Colored Powertips","Displayed Cursed Tome","Minty Spire (QoL Compilation)","Quick Restart","Spicy Shops","StSLib","UnlockEverythingMod","¡¾ÒÅÎï¿¨ÅÆ¡¿REMEMod"],"gold_per_floor":[116,116,132,143,143,169,181,181,233,265,281,295,312,322,322,422,422,440,214,231,281,297,327,344,378,378,378,293,293,293,119,119,216,216,236,25,125,141,141,171,183,203,230,230,272,285,285,305,305,305,305,305,21,56,56],"floor_reached":56,"playtime":2100,"items_purged":["Pain","Defend_R","Defend_R"],"score":1668,"play_id":"af6b7bb6-0ff8-4250-97ff-8711ada70e56","local_time":"20210103222020","is_ascension_mode":true,"campfire_choices":[{"data":"AT_Dispersion","floor":8.0,"key":"SMITH"},{"data":"Pommel Strike","floor":15.0,"key":"SMITH"},{"data":"AT_ManFootWork","floor":27.0,"key":"SMITH"},{"floor":29.0,"key":"RECALL"},{"data":"Second Wind","floor":32.0,"key":"SMITH"},{"data":"REME_ACTH","floor":47,"key":"SMITH"},{"data":"REME_TwoStrings","floor":49,"key":"SMITH"},{"data":"Bloodletting","floor":52,"key":"SMITH"}],"circlet_count":0,"master_deck":["Defend_R","Defend_R","Bash","AT_WindFlip+1","REME_TwoStrings+1","Pommel Strike+1","AT_Dispersion+1","Shrug It Off","Second Wind+1","AT_ManFootWork+1","Impervious","Bloodletting+1","Rampage+1","REME_Scribble+1","REME_Scribble+1","AT_ShrugMaster","Reaper","AT_EmpoweredMortalDraw+1","REME_ACTH+1","Seeing Red+1","AT_ManFootWork"],"relics":["Burning Blood","AT_ATBox","REME_ComplimentaryCards","WarpedTongs","Meat on the Bone","Pen Nib","Strawberry","Astrolabe","AT_EbonyIvory","Potion Belt","Thread and Needle","Pocketwatch","FossilizedHelix","TheAbacus","AT_MortalBlade","Membership Card","Whetstone","Art of War","Brimstone","Medical Kit","Paper Frog"],"acts_visited":["Exordium","TheCity","TheBeyond","TheEnding"],"potions_floor_usage":[45,55,55,55],"damage_taken":[{"damage":8.0,"enemies":"Jaw Worm","floor":1.0,"turns":4.0},{"damage":7.0,"enemies":"Cultist","floor":3.0,"turns":5.0},{"damage":0.0,"enemies":"2 Louse","floor":4.0,"turns":2.0},{"damage":10.0,"enemies":"Lagavulin","floor":6.0,"turns":8.0},{"damage":13.0,"enemies":"Gremlin Gang","floor":7.0,"turns":4.0},{"damage":17.0,"enemies":"3 Sentries","floor":10.0,"turns":5.0},{"damage":25.0,"enemies":"Exordium Thugs","floor":11.0,"turns":4.0},{"damage":8.0,"enemies":"Blue Slaver","floor":12.0,"turns":5.0},{"damage":16.0,"enemies":"Large Slime","floor":13.0,"turns":5.0},{"damage":8.0,"enemies":"Exordium Thugs","floor":14.0,"turns":4.0},{"damage":44.0,"enemies":"The Guardian","floor":16.0,"turns":12.0},{"damage":31.0,"enemies":"2 Thieves","floor":18.0,"turns":4.0},{"damage":6.0,"enemies":"3 Byrds","floor":20.0,"turns":5.0},{"damage":27.0,"enemies":"Snake Plant","floor":22.0,"turns":5.0},{"damage":26.0,"enemies":"Gremlin Leader","floor":23.0,"turns":6.0},{"damage":13.0,"enemies":"Chosen and Byrds","floor":24.0,"turns":7.0},{"damage":21.0,"enemies":"REME_1_Revenger","floor":25.0,"turns":7.0},{"damage":7.0,"enemies":"Automaton","floor":33.0,"turns":10.0},{"damage":8.0,"enemies":"3 Darklings","floor":35.0,"turns":3.0},{"damage":15.0,"enemies":"Orb Walker","floor":38.0,"turns":3.0},{"damage":35.0,"enemies":"Reptomancer","floor":40.0,"turns":7.0},{"damage":26.0,"enemies":"Writhing Mass","floor":41.0,"turns":2.0},{"damage":6.0,"enemies":"Spire Growth","floor":42.0,"turns":3.0},{"damage":0,"enemies":"4 Shapes","floor":45,"turns":1},{"damage":0,"enemies":"3 Darklings","floor":46,"turns":2},{"damage":12,"enemies":"Transient","floor":48,"turns":5},{"damage":43,"enemies":"Donu and Deca","floor":50,"turns":9},{"damage":6,"enemies":"Shield and Spear","floor":54,"turns":2},{"damage":76,"enemies":"The Heart","floor":55,"turns":6}],"seed_played":"-5259594253646894576","potions_obtained":[{"floor":1.0,"key":"AttackPotion"},{"floor":6.0,"key":"LiquidBronze"},{"floor":10.0,"key":"Swift Potion"},{"floor":16.0,"key":"AttackPotion"},{"floor":20.0,"key":"LiquidMemories"},{"floor":23.0,"key":"Block Potion"},{"floor":35.0,"key":"Weak Potion"},{"floor":42.0,"key":"Block Potion"},{"floor":44,"key":"BlessingOfTheForge"},{"floor":44,"key":"REME_GoldPotion"},{"floor":44,"key":"Regen Potion"},{"floor":45,"key":"SmokeBomb"},{"floor":54,"key":"GamblersBrew"}],"is_trial":false,"path_per_floor":["M","?","M","M","?","E","M","R","T","E","M","M","M","M","R","B",null,"M","$","M","?","M","E","M","E","T","R","?","R","T","$","R","B",null,"M","$","?","M","?","E","M","M","T","?","M","M","R","M","R","B",null,"R","$","E","B",null],"character_chosen":"IRONCLAD","items_purchased":["AT_EbonyIvory","TheAbacus","Membership Card","Brimstone","Medical Kit","Paper Frog","AT_ManFootWork"],"campfire_rested":0,"item_purchase_floors":[19,31,36,53,53,53,53],"current_hp_per_floor":[70,70,69,72,72,68,61,61,61,57,50,48,50,48,48,22,65,58,58,64,64,61,59,64,72,72,72,72,72,72,72,72,85,112,116,116,116,123,143,132,121,127,127,127,136,145,145,153,153,122,167,167,167,188,170],"gold":56,"neow_bonus":"TRANSFORM_TWO_CARDS","is_daily":false,"chose_seed":false,"campfire_upgraded":7,"win_rate":0.0,"timestamp":1609683620,"path_taken":["M","?","M","M","?","E","M","R","T","E","M","M","M","?","R","BOSS","M","$","M","?","?","E","M","E","T","R","?","R","?","$","R","BOSS","M","$","?","?","?","E","M","?","T","?","M","M","R","M","R","BOSS","R","$","E","BOSS"],"items_purchased_type":["Relic","Relic","Relic","Relic","Relic","Relic","Card"],"build_version":"2020-12-22","purchased_purges":3,"victory":true,"max_hp_per_floor":[72,72,72,72,72,72,72,72,72,79,79,79,79,79,79,79,79,85,85,91,91,97,103,109,115,115,115,115,115,115,115,115,121,121,127,127,127,133,143,149,158,164,164,164,167,170,170,176,176,182,182,182,182,188,194],"card_choices":[{"not_picked":["Whirlwind","AT_DiedThrough","Pommel Strike"],"picked":"SKIP","floor":1.0},{"not_picked":["AT_IchimonjiDouble","Power Through"],"picked":"Shrug It Off","floor":3.0},{"not_picked":["Demon Form","True Grit"],"picked":"Second Wind","floor":4.0},{"not_picked":["REME_TheLastStrike","Armaments","Shrug It Off"],"picked":"SKIP","floor":6.0},{"not_picked":["Clash","Armaments"],"picked":"AT_ManFootWork","floor":7.0},{"not_picked":["Feel No Pain","Warcry"],"picked":"Impervious","floor":10.0},{"not_picked":["Hemokinesis","AT_ManFootWork"],"picked":"Bloodletting","floor":11.0},{"not_picked":["Dual Wield","Heavy Blade","Iron Wave"],"picked":"SKIP","floor":12.0},{"not_picked":["Sentinel","Spot Weakness","Flex"],"picked":"SKIP","floor":13.0},{"not_picked":["Combust","Wild Strike","Twin Strike"],"picked":"SKIP","floor":14.0},{"not_picked":["Double Tap","Demon Form"],"picked":"Limit Break","floor":16.0},{"not_picked":["Clothesline","Havoc","Anger+1"],"picked":"SKIP","floor":18.0},{"not_picked":["Warcry","True Grit"],"picked":"AT_ShrugMaster","floor":20.0},{"not_picked":["Sever Soul","Clothesline+1","Warcry"],"picked":"SKIP","floor":22.0},{"not_picked":["Burning Pact+1","Reckless Charge+1"],"picked":"Reaper","floor":23.0},{"not_picked":["AT_GerminateFire","Heavy Blade","REME_Cut"],"picked":"SKIP","floor":24.0},{"not_picked":["Twin Strike","Cleave","Metallicize"],"picked":"SKIP","floor":25.0},{"not_picked":["AT_BodySlamDance","Armaments","Anger"],"picked":"SKIP","floor":35.0},{"not_picked":["Clash+1","AT_GerminateFire+1","AT_BodySlamDance+1"],"picked":"SKIP","floor":38.0},{"not_picked":["Dark Embrace+1","Evolve+1","Armaments+1"],"picked":"SKIP","floor":40.0},{"not_picked":["True Grit+1","Uppercut+1"],"picked":"REME_ACTH","floor":41.0},{"not_picked":["Perfected Strike","Flex"],"picked":"Seeing Red+1","floor":42.0},{"not_picked":["Shrug It Off","Clash","Sever Soul"],"picked":"SKIP","floor":45},{"not_picked":["Reckless Charge","AT_IchimonjiDouble+1","Clothesline"],"picked":"SKIP","floor":46},{"not_picked":["AT_DrawKnifeCut+1","Anger","Feel No Pain+1"],"picked":"SKIP","floor":48},{"not_picked":["AT_IchimonjiDouble+1","Spot Weakness","Warcry"],"picked":"SKIP","floor":54}],"player_experience":315760,"relics_obtained":[{"floor":6.0,"key":"Meat on the Bone"},{"floor":9.0,"key":"Pen Nib"},{"floor":10.0,"key":"Strawberry"},{"floor":23.0,"key":"Potion Belt"},{"floor":25.0,"key":"Thread and Needle"},{"floor":30.0,"key":"FossilizedHelix"},{"floor":40.0,"key":"Whetstone"},{"floor":43.0,"key":"Art of War"}],"event_choices":[{"damage_healed":0.0,"max_hp_gain":0.0,"max_hp_loss":0.0,"gold_gain":0.0,"event_name":"betterThird:BetterSerpent","player_choice":"Ignored","floor":2.0,"gold_loss":0.0,"damage_taken":116.0},{"damage_healed":0.0,"max_hp_gain":0.0,"max_hp_loss":0.0,"gold_gain":0.0,"event_name":"Accursed Blacksmith","player_choice":"Rummage","floor":5.0,"gold_loss":0.0,"damage_taken":0.0,"relics_obtained":["WarpedTongs"],"cards_obtained":["Pain"]},{"damage_healed":0.0,"max_hp_gain":0.0,"max_hp_loss":0.0,"gold_gain":100.0,"event_name":"The Joust","player_choice":"Bet on Murderer","floor":21.0,"gold_loss":50.0,"damage_taken":0.0},{"damage_healed":0.0,"max_hp_gain":0.0,"max_hp_loss":0.0,"gold_gain":0.0,"event_name":"Addict","player_choice":"Obtained Relic","floor":28.0,"gold_loss":85.0,"damage_taken":0.0,"relics_obtained":["Pocketwatch"]},{"damage_healed":0.0,"max_hp_gain":0.0,"max_hp_loss":0.0,"gold_gain":100.0,"event_name":"Golden Shrine","player_choice":"Pray","floor":37.0,"gold_loss":0.0,"damage_taken":0.0},{"cards_removed":["Limit Break"],"damage_healed":10.0,"max_hp_gain":10.0,"max_hp_loss":0.0,"gold_gain":0.0,"event_name":"Bonfire Elementals","player_choice":"Offered Rare","floor":39.0,"gold_loss":0.0,"damage_taken":0.0},{"damage_healed":0,"gold_gain":0,"player_choice":"Got Potions","damage_taken":0,"max_hp_gain":0,"max_hp_loss":0,"event_name":"Lab","floor":44,"gold_loss":0}],"is_beta":false,"boss_relics":[{"not_picked":["REME_DuelDisc","Ectoplasm"],"picked":"Astrolabe"},{"not_picked":["REME_LowDesire","Tiny House"],"picked":"AT_MortalBlade"}],"items_purged_floors":[19,31,36],"is_endless":false,"potions_floor_spawned":[1,6,10,11,13,16,20,23,35,42,45,54],"ascension_level":7}}