{"host":"raai0vtvcfkt8csp","time":1609637572,"event":{"mods":["2.2 Compatiblity","BaseMod","Beaked The Cultist","Block Reminder","DeckTracker","Defective Defect","GifTheSpireLib","Minty Spire (QoL Compilation)","Quick Restart","Random Character Button","Rare Cards Sparkle","StSLib","Unceasing Turn Reminder"],"gold_per_floor":[118,138,138,213,229,256,276,311,311,311,329,360,360,360,360,455,455,472,485,485,485],"floor_reached":20,"playtime":1125,"items_purged":[],"score":229,"play_id":"fa48a5d0-cafb-4c35-9f2c-329c03d0fad9","local_time":"20210103023252","is_ascension_mode":true,"campfire_choices":[{"floor":10,"key":"REST"},{"floor":13,"key":"REST"},{"data":"beaked:Ceremony","floor":15,"key":"SMITH"}],"circlet_count":0,"master_deck":["beaked:Strike_Y","beaked:Strike_Y","beaked:Strike_Y","beaked:Strike_Y","beaked:Strike_Y","beaked:Strike_Y","beaked:Defend_Y","beaked:Defend_Y","beaked:Defend_Y","beaked:Defend_Y","beaked:Ceremony","beaked:Ceremony+1","beaked:Ceremony","beaked:Pecker","beaked:MaddeningMurmurs","beaked:VigorBurst","beaked:DigDeep","beaked:WarriorEssence","beaked:Recite","beaked:TuckingFeathers","beaked:BarbedWire","beaked:VolatileMisfortune"],"relics":["beaked:MendingPlumage","Bottled Tornado","Blue Candle","Singing Bowl","Kunai","Pear","Snecko Eye"],"acts_visited":["Exordium","TheCity"],"potions_floor_usage":[12,12,18],"damage_taken":[{"damage":8,"enemies":"Jaw Worm","floor":1,"turns":7},{"damage":3,"enemies":"2 Louse","floor":2,"turns":4},{"damage":7,"enemies":"Cultist","floor":5,"turns":5},{"damage":31,"enemies":"Gremlin Nob","floor":6,"turns":5},{"damage":17,"enemies":"Looter","floor":7,"turns":5},{"damage":43,"enemies":"3 Sentries","floor":8,"turns":8},{"damage":22,"enemies":"2 Fungi Beasts","floor":11,"turns":5},{"damage":33,"enemies":"Gremlin Nob","floor":12,"turns":5},{"damage":89,"enemies":"The Guardian","floor":16,"turns":11},{"damage":31,"enemies":"2 Thieves","floor":18,"turns":4},{"damage":71,"enemies":"Spheric Guardian","floor":19,"turns":9},{"damage":49,"enemies":"Snake Plant","floor":20,"turns":4}],"seed_played":"5830377957339278604","potions_obtained":[{"floor":2,"key":"Weak Potion"},{"floor":8,"key":"ColorlessPotion"},{"floor":11,"key":"ColorlessPotion"},{"floor":16,"key":"BlessingOfTheForge"}],"is_trial":false,"path_per_floor":["M","M","?","?","M","E","M","E","T","R","M","E","R","T","R","B",null,"M","M","M"],"character_chosen":"BEAKED_THE_CULTIST","items_purchased":[],"campfire_rested":2,"item_purchase_floors":[],"current_hp_per_floor":[55,55,55,44,54,40,44,31,31,49,44,26,44,54,54,25,70,62,32,0,0],"gold":485,"neow_bonus":"TEN_PERCENT_HP_BONUS","is_daily":false,"chose_seed":false,"campfire_upgraded":1,"win_rate":0.0,"timestamp":1609637572,"path_taken":["M","M","?","?","M","E","?","E","T","R","M","E","R","?","R","BOSS","M","M","M"],"items_purchased_type":[],"build_version":"2020-12-22","purchased_purges":0,"victory":false,"max_hp_per_floor":[55,55,55,55,60,60,60,60,60,60,60,60,60,70,70,70,70,72,74,74,74],"card_choices":[{"not_picked":["beaked:FeelMyPain","beaked:Replenish"],"picked":"beaked:Pecker","floor":1},{"not_picked":["beaked:Tradeoff","beaked:WindBringer"],"picked":"beaked:MaddeningMurmurs","floor":2},{"not_picked":["beaked:Windmill","beaked:Negation"],"picked":"beaked:VigorBurst","floor":5},{"not_picked":["beaked:StickSmack","beaked:DesperateSwing"],"picked":"beaked:DigDeep","floor":6},{"not_picked":["beaked:Struggle","beaked:Windmill"],"picked":"beaked:WarriorEssence","floor":7},{"not_picked":["beaked:Tradeoff","beaked:Redirect"],"picked":"beaked:Recite","floor":8},{"not_picked":["beaked:CheekyTricks","beaked:Daydream"],"picked":"beaked:TuckingFeathers","floor":11},{"not_picked":["beaked:VigorBurst","beaked:Cower"],"picked":"beaked:BarbedWire","floor":12},{"not_picked":["beaked:Sacrifice","beaked:Brainwash"],"picked":"beaked:VolatileMisfortune","floor":16},{"not_picked":["beaked:Tweet","beaked:Devastation","beaked:BloodRitual"],"picked":"Singing Bowl","floor":18},{"not_picked":["beaked:BraceForImpact","beaked:MimicMachine","beaked:SacrificialAttack"],"picked":"Singing Bowl","floor":19}],"player_experience":650480,"relics_obtained":[{"floor":6,"key":"Bottled Tornado"},{"floor":8,"key":"Blue Candle"},{"floor":9,"key":"Singing Bowl"},{"floor":12,"key":"Kunai"},{"floor":14,"key":"Pear"}],"event_choices":[{"damage_healed":0,"gold_gain":0,"player_choice":"Ignored","damage_taken":0,"max_hp_gain":0,"max_hp_loss":0,"event_name":"Golden Wing","floor":3,"gold_loss":0},{"damage_healed":0,"gold_gain":75,"player_choice":"Gather Gold","damage_taken":11,"max_hp_gain":0,"max_hp_loss":0,"event_name":"World of Goop","floor":4,"gold_loss":0}],"is_beta":false,"boss_relics":[{"not_picked":["SlaversCollar","Runic Pyramid"],"picked":"Snecko Eye"}],"items_purged_floors":[],"is_endless":false,"potions_floor_spawned":[2,8,11,16],"killed_by":"Snake Plant","ascension_level":1}}