{"host":"sum4dy402bbv9y4o","time":1609643033,"event":{"mods":["Aspiration","BaseMod","Conspire","Highlight Path","Minty Spire (QoL Compilation)","StSLib"],"gold_per_floor":[115,115,115,133,148,148,165,175,175,175,202,216,226,93,93,167,167,186,186,196,17,17,45,45,6,6,6,18,35,51,82,82,158,158,171,14,32,57,74,408,408,423,423,455,455,468,468,486,486,486,486],"floor_reached":50,"playtime":1793,"items_purged":["Strike_P","Strike_P"],"score":1292,"play_id":"773923df-d477-4ca7-af5f-84e0955ba763","local_time":"20210103060353","is_ascension_mode":true,"campfire_choices":[{"data":"SashWhip","floor":6,"key":"SMITH"},{"data":"Eruption","floor":10,"key":"SMITH"},{"data":"Conclude","floor":15,"key":"SMITH"},{"data":"MentalFortress","floor":24,"key":"SMITH"},{"data":"FlyingSleeves","floor":27,"key":"SMITH"},{"floor":32,"key":"REST"},{"floor":41,"key":"REST"},{"data":"MentalFortress","floor":47,"key":"SMITH"},{"data":"Buffer","floor":49,"key":"SMITH"}],"circlet_count":0,"master_deck":["AscendersBane","Defend_P","Defend_P","Defend_P","Eruption+1","Vigilance","Madness+1","EmptyFist","Backstab","Dagger Spray","Adrenaline","ReachHeaven","SashWhip+1","Perseverance","Consecrate","CutThroughFate","Conclude+1","FearNoEvil","FlyingSleeves+1","FlurryOfBlows","MentalFortress+1","CarveReality","Impatience","FTL","MentalFortress+1","DeceiveReality","CarveReality+1","Dagger Spray","Buffer+1"],"relics":["PureWater","StrikeDummy","Eternal Feather","Busted Crown","PrismaticShard","Oddly Smooth Stone","Pen Nib","HornCleat","conspire:SpecialSausage","Prayer Wheel","Old Coin","conspire:InfiniteJournal","Damaru"],"acts_visited":["Exordium","TheCity","TheBeyond"],"potions_floor_usage":[11,12,16,18,23,31,37,39,44,48,50],"damage_taken":[{"damage":4,"enemies":"Jaw Worm","floor":1,"turns":6},{"damage":7,"enemies":"Small Slimes","floor":4,"turns":3},{"damage":0,"enemies":"Cultist","floor":5,"turns":2},{"damage":1,"enemies":"Looter","floor":7,"turns":2},{"damage":0,"enemies":"Large Slime","floor":8,"turns":2},{"damage":0,"enemies":"3 Sentries","floor":11,"turns":2},{"damage":16,"enemies":"Exordium Wildlife","floor":12,"turns":4},{"damage":0,"enemies":"Gremlin Gang","floor":13,"turns":3},{"damage":0,"enemies":"Slime Boss","floor":16,"turns":6},{"damage":9,"enemies":"2 Thieves","floor":18,"turns":3},{"damage":0,"enemies":"Chosen","floor":20,"turns":4},{"damage":0,"enemies":"Gremlin Leader","floor":23,"turns":2},{"damage":6,"enemies":"Snecko","floor":28,"turns":3},{"damage":8,"enemies":"Centurion and Healer","floor":29,"turns":4},{"damage":30,"enemies":"Snake Plant","floor":30,"turns":4},{"damage":20,"enemies":"Slavers","floor":31,"turns":3},{"damage":34,"enemies":"Automaton","floor":33,"turns":8},{"damage":9,"enemies":"3 Shapes","floor":35,"turns":4},{"damage":11,"enemies":"Orb Walker","floor":37,"turns":3},{"damage":0,"enemies":"Mind Bloom Boss Battle","floor":38,"turns":2},{"damage":10,"enemies":"Spire Growth","floor":39,"turns":3},{"damage":12,"enemies":"Nemesis","floor":40,"turns":7},{"damage":0,"enemies":"Sphere and 2 Shapes","floor":42,"turns":3},{"damage":41,"enemies":"Reptomancer","floor":44,"turns":7},{"damage":12,"enemies":"Jaw Worm Horde","floor":46,"turns":4},{"damage":12,"enemies":"3 Darklings","floor":48,"turns":3},{"damage":82,"enemies":"Donu and Deca","floor":50,"turns":5}],"seed_played":"-5993962594482312050","potions_obtained":[{"floor":1,"key":"Explosive Potion"},{"floor":5,"key":"conspire:TimeTravelPotion"},{"floor":12,"key":"Strength Potion"},{"floor":13,"key":"Dexterity Potion"},{"floor":18,"key":"Strength Potion"},{"floor":28,"key":"SneckoOil"},{"floor":29,"key":"SteroidPotion"},{"floor":35,"key":"Strength Potion"},{"floor":38,"key":"BlessingOfTheForge"},{"floor":40,"key":"Weak Potion"},{"floor":44,"key":"DistilledChaos"}],"is_trial":false,"path_per_floor":["M","?","?","M","M","R","M","M","T","R","E","M","M","$","R","B",null,"M","?","M","$","?","E","R","$","T","R","M","M","M","E","R","B",null,"M","$","M","?","M","E","R","M","T","E","?","M","R","M","R","B"],"character_chosen":"WATCHER","items_purchased":["FlyingSleeves","MentalFortress","CarveReality","MentalFortress","Regen Potion"],"campfire_rested":2,"item_purchase_floors":[14,21,25,36,36],"current_hp_per_floor":[57,57,57,50,50,50,49,49,49,49,49,49,49,49,61,61,66,57,57,57,57,45,45,57,57,57,68,62,54,24,4,36,2,52,43,43,41,41,31,19,54,54,54,13,56,44,56,44,56,0,0],"gold":486,"neow_bonus":"RANDOM_COLORLESS","is_daily":false,"chose_seed":false,"campfire_upgraded":7,"win_rate":0.0,"timestamp":1609643033,"path_taken":["M","?","?","M","M","R","?","M","T","R","E","M","M","$","R","BOSS","M","?","M","$","?","E","R","?","T","R","M","?","M","E","R","BOSS","M","$","M","?","M","E","R","M","T","E","?","M","R","M","R","BOSS"],"items_purchased_type":["Card","Card","Card","Card","Potion"],"build_version":"2020-12-22","purchased_purges":2,"victory":false,"max_hp_per_floor":[68,68,68,68,68,68,68,68,68,68,68,68,68,68,68,68,68,68,68,68,68,68,68,68,68,68,68,68,68,68,68,68,68,68,68,68,68,68,68,68,68,68,68,68,56,56,56,56,56,56,56],"card_choices":[{"not_picked":["conspire:Banana","Finesse"],"picked":"Madness","floor":0},{"not_picked":["Perseverance","JustLucky"],"picked":"EmptyFist","floor":1},{"not_picked":["Pray","CrushJoints"],"picked":"ReachHeaven","floor":4},{"not_picked":["BowlingBash","Crescendo"],"picked":"SashWhip","floor":5},{"not_picked":["CrushJoints","WaveOfTheHand"],"picked":"Perseverance","floor":7},{"not_picked":["Crescendo","JustLucky"],"picked":"Consecrate","floor":8},{"not_picked":["Ragnarok","BattleHymn"],"picked":"CutThroughFate","floor":11},{"not_picked":["Protect","BowlingBash"],"picked":"Conclude","floor":12},{"not_picked":["FlurryOfBlows","CrushJoints"],"picked":"FearNoEvil","floor":13},{"not_picked":["Crescendo"],"picked":"SKIP","floor":18},{"not_picked":["ThirdEye"],"picked":"SKIP","floor":20},{"not_picked":["Perfected Strike+1"],"picked":"SKIP","floor":23},{"not_picked":["Dagger Throw"],"picked":"SKIP","floor":28},{"not_picked":["JustLucky"],"picked":"SKIP","floor":29},{"not_picked":[],"picked":"Impatience","floor":30},{"not_picked":["Flex"],"picked":"SKIP","floor":31},{"not_picked":[],"picked":"FTL","floor":35},{"not_picked":["Clothesline+1"],"picked":"SKIP","floor":37},{"not_picked":[],"picked":"DeceiveReality","floor":39},{"not_picked":["Leg Sweep"],"picked":"SKIP","floor":39},{"not_picked":[],"picked":"CarveReality+1","floor":40},{"not_picked":["Choke+1"],"picked":"SKIP","floor":42},{"not_picked":["WaveOfTheHand"],"picked":"SKIP","floor":42},{"not_picked":["Clothesline"],"picked":"SKIP","floor":44},{"not_picked":[],"picked":"Dagger Spray","floor":46},{"not_picked":["CutThroughFate"],"picked":"SKIP","floor":46},{"not_picked":[],"picked":"Buffer","floor":48},{"not_picked":["Hologram"],"picked":"SKIP","floor":48}],"player_experience":2895328,"relics_obtained":[{"floor":9,"key":"StrikeDummy"},{"floor":11,"key":"Eternal Feather"},{"floor":22,"key":"PrismaticShard"},{"floor":23,"key":"Oddly Smooth Stone"},{"floor":26,"key":"Pen Nib"},{"floor":31,"key":"HornCleat"},{"floor":38,"key":"Prayer Wheel"},{"floor":40,"key":"Old Coin"},{"floor":43,"key":"conspire:InfiniteJournal"},{"floor":44,"key":"Damaru"}],"event_choices":[{"damage_healed":0,"gold_gain":0,"player_choice":"Forge","damage_taken":0,"max_hp_gain":0,"max_hp_loss":0,"event_name":"Accursed Blacksmith","floor":3,"gold_loss":0,"cards_upgraded":["Madness"]},{"damage_healed":0,"gold_gain":0,"player_choice":"Read","damage_taken":0,"max_hp_gain":0,"max_hp_loss":0,"event_name":"The Library","floor":19,"gold_loss":0,"cards_obtained":["FlurryOfBlows"]},{"damage_healed":0,"gold_gain":0,"player_choice":"Fight","damage_taken":0,"max_hp_gain":0,"max_hp_loss":0,"event_name":"MindBloom","floor":38,"gold_loss":0},{"damage_healed":56,"gold_gain":0,"player_choice":"Heal","damage_taken":0,"max_hp_gain":0,"max_hp_loss":12,"event_name":"The Moai Head","floor":45,"gold_loss":0}],"is_beta":false,"boss_relics":[{"not_picked":["conspire:SlowCooker","Ectoplasm"],"picked":"Busted Crown"},{"not_picked":["SlaversCollar","aspiration:RunicSpoon"],"picked":"conspire:SpecialSausage"}],"items_purged_floors":[14,21],"is_endless":false,"potions_floor_spawned":[1,5,12,13,18,28,29,35,38,40,44],"killed_by":"Donu and Deca","ascension_level":20}}