{"host":"97k5lqmr6aaz1p9r","time":1609705725,"event":{"mods":["BaseMod","Colored Map","Downfall","Jorbs\u0027s Wanderer Trilogy","Minty Spire (QoL Compilation)","StSLib"],"gold_per_floor":[99,99,99,99,54,89,112,140,240,274,293,293,311,328,348,348,348,348],"floor_reached":16,"playtime":996,"items_purged":[],"score":113,"play_id":"d9d9f123-2a8d-4897-9fff-e8788921277f","local_time":"20210103202845","is_ascension_mode":true,"campfire_choices":[{"data":"Slimebound:Split","floor":1,"key":"SMITH"},{"floor":12,"key":"REST"}],"circlet_count":0,"master_deck":["Slimebound:Strike_Slimebound","Slimebound:Strike_Slimebound","Slimebound:Strike_Slimebound","Slimebound:Tackle","Slimebound:Defend_Slimebound","Slimebound:Defend_Slimebound","Slimebound:Defend_Slimebound","Slimebound:Defend_Slimebound","Slimebound:Split+1","Slimebound:CorrosiveSpit","Slimebound:SplitAcid","Slimebound:Schlurp","Slimebound:TongueLash","Slimebound:GrowthPunch","Slimebound:PressTheAttack","Slimebound:GoopSpray","Slimebound:MegaLick","Slimebound:GrowthPunch","Slimebound:SplitMire","Slimebound:Schlurp","Slimebound:SplitLeeching"],"relics":["Slimebound:AbsorbEndCombat","downfall:HeartsMalice","StoneCalendar","InkBottle","Lantern","Odd Mushroom","Pear"],"acts_visited":["Exordium"],"potions_floor_usage":[10,15],"damage_taken":[{"damage":0,"enemies":"Cultist","floor":2,"turns":1},{"damage":0,"enemies":"Small Slimes","floor":4,"turns":1},{"damage":0,"enemies":"downfall:FleeingMerchant","floor":5,"turns":1},{"damage":30,"enemies":"Lagavulin","floor":6,"turns":5},{"damage":24,"enemies":"The Mushroom Lair","floor":8,"turns":4},{"damage":33,"enemies":"Gremlin Nob","floor":10,"turns":3},{"damage":10,"enemies":"Jaw Worm","floor":11,"turns":3},{"damage":20,"enemies":"Red Slaver","floor":13,"turns":3},{"damage":13,"enemies":"Exordium Wildlife","floor":14,"turns":3},{"damage":12,"enemies":"Gremlin Gang","floor":15,"turns":2},{"damage":75,"enemies":"downfall:Defect","floor":16,"turns":5}],"seed_played":"-8806064435727351555","potions_obtained":[{"floor":8,"key":"Fire Potion"},{"floor":11,"key":"Block Potion"},{"floor":13,"key":"Slimebound:SlimyTonguePotion"},{"floor":15,"key":"Explosive Potion"}],"is_trial":false,"path_per_floor":["R","M","T","M","$","E","T","?","?","E","M","R","M","M","M","B"],"character_chosen":"SLIMEBOUND","items_purchased":["Slimebound:GrowthPunch"],"campfire_rested":1,"item_purchase_floors":[5],"current_hp_per_floor":[60,60,60,60,60,48,48,36,36,29,27,48,46,51,57,0,0,0],"gold":348,"neow_bonus":"THREE_ENEMY_KILL","is_daily":false,"chose_seed":false,"campfire_upgraded":1,"win_rate":0.0,"timestamp":1609705725,"path_taken":["R","M","?","M","?","E","T","?","?","E","?","R","M","M","M","BOSS"],"items_purchased_type":["Card"],"build_version":"2020-12-22","purchased_purges":0,"victory":false,"max_hp_per_floor":[60,60,60,60,60,60,60,60,60,70,70,70,70,70,70,70,70,70],"card_choices":[{"not_picked":["Slimebound:ComboTackle","Slimebound:SpikyOuterGoop"],"picked":"Slimebound:SplitAcid","floor":2},{"not_picked":["Slimebound:RollThrough","Slimebound:SamplingLick"],"picked":"Slimebound:Schlurp","floor":4},{"not_picked":["Slimebound:ComboTackle","Slimebound:ItLooksTasty"],"picked":"Slimebound:TongueLash","floor":5},{"not_picked":["Slimebound:RollThrough","Slimebound:ForwardTackle"],"picked":"Slimebound:PressTheAttack","floor":6},{"not_picked":["Slimebound:FinishingTackle","Slimebound:ServeAndProtect"],"picked":"Slimebound:GoopSpray","floor":8},{"not_picked":["Slimebound:Overexert","Slimebound:RainOfGoop"],"picked":"Slimebound:MegaLick","floor":10},{"not_picked":["Slimebound:FlameTackle","Slimebound:ServeAndProtect"],"picked":"Slimebound:GrowthPunch","floor":11},{"not_picked":["Slimebound:SlimeSpikes","Slimebound:Schlurp"],"picked":"Slimebound:SplitMire","floor":13},{"not_picked":["Slimebound:ViciousTackle","Slimebound:MinionMaster"],"picked":"Slimebound:Schlurp","floor":14},{"not_picked":["Slimebound:FinishingTackle","Slimebound:ServeAndProtect"],"picked":"Slimebound:SplitLeeching","floor":15}],"player_experience":595645,"relics_obtained":[{"floor":3,"key":"StoneCalendar"},{"floor":6,"key":"InkBottle"},{"floor":7,"key":"Lantern"},{"floor":8,"key":"Odd Mushroom"},{"floor":10,"key":"Pear"}],"event_choices":[{"damage_healed":0,"gold_gain":0,"player_choice":"Fought Mushrooms","damage_taken":0,"max_hp_gain":0,"max_hp_loss":0,"event_name":"Mushrooms","floor":8,"gold_loss":0}],"is_beta":false,"boss_relics":[],"items_purged_floors":[],"is_endless":false,"potions_floor_spawned":[8,11,13,15],"killed_by":"downfall:Defect","ascension_level":1}}