{"host":"qgrlfjrqk9z96gfi","time":1609632060,"event":{"mods":["BaseMod","Block Reminder","Colored Map","DeckTracker","Minty Spire (QoL Compilation)"],"gold_per_floor":[115,40,40,59,59,93,168,183,183,183,197,238,1,1,1,97,97,117,117,135,151,187,187,203,238,238,277,277,298,317,332,332,427,427,450,74,130,143,89,89,89],"floor_reached":40,"playtime":1604,"items_purged":["Strike_G","Doppelganger+1"],"score":1022,"play_id":"9360bade-797b-42b1-b528-c48e5d6623da","local_time":"20210102140100","is_ascension_mode":true,"campfire_choices":[{"floor":10.0,"key":"REST"},{"data":"Deadly Poison","floor":15.0,"key":"SMITH"},{"data":"Crippling Poison","floor":23.0,"key":"SMITH"},{"data":"Catalyst","floor":28.0,"key":"SMITH"},{"data":"Adrenaline","floor":32.0,"key":"SMITH"}],"circlet_count":0,"master_deck":["AscendersBane","Defend_G+1","Defend_G+1","Defend_G+1","Defend_G+1","Defend_G+1","Survivor","Neutralize","Poisoned Stab","Dagger Spray","Deadly Poison+1","PiercingWail","Adrenaline+1","Malaise+1","Bullet Time+1","Crippling Poison+1","Blade Dance","Deadly Poison","Blade Dance","Calculated Gamble","Catalyst+1","Corpse Explosion","PiercingWail","Burst","Noxious Fumes","Prepared","Accuracy","Well Laid Plans"],"relics":["Ring of the Snake","NeowsBlessing","Golden Idol","Pantograph","Akabeko","Shuriken","Art of War","ClockworkSouvenir","Astrolabe","Red Mask","Ginger","Unceasing Top","Eternal Feather","Fusion Hammer","Oddly Smooth Stone","Tough Bandages"],"acts_visited":["Exordium","TheCity","TheBeyond"],"potions_floor_usage":[40],"damage_taken":[{"damage":0.0,"enemies":"2 Louse","floor":1.0,"turns":1.0},{"damage":0.0,"enemies":"Small Slimes","floor":4.0,"turns":1.0},{"damage":0.0,"enemies":"Lagavulin","floor":6.0,"turns":1.0},{"damage":0.0,"enemies":"Cultist","floor":8.0,"turns":3.0},{"damage":0.0,"enemies":"3 Louse","floor":11.0,"turns":2.0},{"damage":28.0,"enemies":"3 Sentries","floor":12.0,"turns":7.0},{"damage":24.0,"enemies":"The Guardian","floor":16.0,"turns":12.0},{"damage":0.0,"enemies":"3 Byrds","floor":18.0,"turns":6.0},{"damage":0.0,"enemies":"Chosen","floor":20.0,"turns":6.0},{"damage":0.0,"enemies":"3 Cultists","floor":21.0,"turns":4.0},{"damage":2.0,"enemies":"Masked Bandits","floor":22.0,"turns":6.0},{"damage":0.0,"enemies":"Sentry and Sphere","floor":24.0,"turns":4.0},{"damage":0.0,"enemies":"Gremlin Leader","floor":25.0,"turns":5.0},{"damage":27.0,"enemies":"Book of Stabbing","floor":27.0,"turns":7.0},{"damage":7.0,"enemies":"Snake Plant","floor":29.0,"turns":3.0},{"damage":0.0,"enemies":"Centurion and Healer","floor":30.0,"turns":5.0},{"damage":0.0,"enemies":"Snecko","floor":31.0,"turns":3.0},{"damage":51.0,"enemies":"Automaton","floor":33.0,"turns":10.0},{"damage":5.0,"enemies":"Orb Walker","floor":35.0,"turns":3.0},{"damage":21.0,"enemies":"2 Orb Walkers","floor":37.0,"turns":4.0},{"damage":0.0,"enemies":"3 Shapes","floor":38.0,"turns":4.0},{"damage":25,"enemies":"Reptomancer","floor":40,"turns":2}],"seed_played":"3185314741259384611","potions_obtained":[{"floor":6.0,"key":"Energy Potion"},{"floor":11.0,"key":"SpeedPotion"},{"floor":16.0,"key":"Regen Potion"},{"floor":25.0,"key":"DistilledChaos"},{"floor":27.0,"key":"CultistPotion"},{"floor":29.0,"key":"GhostInAJar"}],"is_trial":false,"path_per_floor":["M","?","?","M","?","E","?","M","T","R","M","E","$","$","R","B",null,"M","?","M","M","?","R","M","E","T","E","R","M","M","M","R","B",null,"M","$","?","M","$","E"],"character_chosen":"THE_SILENT","items_purchased":["ClockworkSouvenir","Oddly Smooth Stone","Noxious Fumes","Prepared","BlessingOfTheForge"],"campfire_rested":1,"item_purchase_floors":[13,36,36,36,39],"current_hp_per_floor":[59,59,59,59,41,41,30,30,30,48,48,20,20,20,20,21,50,50,50,50,50,48,48,48,48,48,26,38,31,31,31,43,9,47,42,42,21,21,21,0,0],"gold":89,"neow_bonus":"THREE_ENEMY_KILL","is_daily":false,"chose_seed":false,"campfire_upgraded":4,"win_rate":0.0,"timestamp":1609632060,"path_taken":["M","?","?","M","?","E","?","M","T","R","M","E","?","$","R","BOSS","M","?","M","M","?","R","M","E","T","E","R","M","M","M","R","BOSS","M","$","?","M","$","E"],"items_purchased_type":["Relic","Relic","Card","Card","Potion"],"build_version":"2020-12-22","purchased_purges":2,"victory":false,"max_hp_per_floor":[66,66,60,60,60,60,60,60,60,60,60,60,60,60,60,60,60,60,60,60,60,60,60,60,60,60,60,60,60,60,60,60,60,60,60,60,60,60,60,60,60],"card_choices":[{"not_picked":["Dagger Throw","Catalyst"],"picked":"Poisoned Stab","floor":1.0},{"not_picked":["PiercingWail","Dagger Throw"],"picked":"Dagger Spray","floor":4.0},{"not_picked":["Sucker Punch","Blade Dance"],"picked":"Deadly Poison","floor":6.0},{"not_picked":["Outmaneuver","Eviscerate","Endless Agony"],"picked":"SKIP","floor":8.0},{"not_picked":["Outmaneuver","Poisoned Stab"],"picked":"PiercingWail","floor":11.0},{"not_picked":["Reflex","Deadly Poison","Poisoned Stab"],"picked":"SKIP","floor":12.0},{"not_picked":["Venomology","Envenom"],"picked":"Adrenaline","floor":16.0},{"not_picked":["Dagger Throw","Blur"],"picked":"Crippling Poison","floor":18.0},{"not_picked":["Flying Knee+1","Accuracy"],"picked":"Blade Dance","floor":20.0},{"not_picked":["Reflex","Poisoned Stab"],"picked":"Deadly Poison","floor":21.0},{"not_picked":["Quick Slash+1","Distraction"],"picked":"Blade Dance","floor":22.0},{"not_picked":["Cloak And Dagger","Dagger Spray+1"],"picked":"Calculated Gamble","floor":24.0},{"not_picked":["Deflect+1","Well Laid Plans"],"picked":"Catalyst","floor":25.0},{"not_picked":["Flying Knee","Bane","Dagger Throw"],"picked":"SKIP","floor":27.0},{"not_picked":["Bane","Backstab+1"],"picked":"Corpse Explosion","floor":29.0},{"not_picked":["Blade Dance","Sucker Punch"],"picked":"PiercingWail","floor":30.0},{"not_picked":["Underhanded Strike","Flying Knee","Quick Slash"],"picked":"SKIP","floor":31.0},{"not_picked":["Unload","Adrenaline"],"picked":"Burst","floor":33.0},{"not_picked":["Riddle With Holes","Deflect","Outmaneuver"],"picked":"SKIP","floor":35.0},{"not_picked":["Outmaneuver","Backstab"],"picked":"Accuracy","floor":37.0},{"not_picked":["All Out Attack+1","Dagger Spray"],"picked":"Well Laid Plans","floor":38.0}],"player_experience":953953,"relics_obtained":[{"floor":6.0,"key":"Akabeko"},{"floor":9.0,"key":"Shuriken"},{"floor":12.0,"key":"Art of War"},{"floor":22.0,"key":"Red Mask"},{"floor":25.0,"key":"Ginger"},{"floor":26.0,"key":"Unceasing Top"},{"floor":27.0,"key":"Eternal Feather"},{"floor":37.0,"key":"Tough Bandages"}],"event_choices":[{"cards_removed":["Strike_G"],"damage_healed":0.0,"max_hp_gain":0.0,"max_hp_loss":0.0,"gold_gain":0.0,"event_name":"The Cleric","player_choice":"Card Removal","floor":2.0,"gold_loss":75.0,"damage_taken":0.0},{"damage_healed":0.0,"max_hp_gain":0.0,"max_hp_loss":6.0,"gold_gain":0.0,"event_name":"Golden Idol","player_choice":"Lose Max HP","floor":3.0,"gold_loss":0.0,"damage_taken":0.0,"relics_obtained":["Golden Idol"]},{"damage_healed":0.0,"max_hp_gain":0.0,"max_hp_loss":0.0,"gold_gain":0.0,"event_name":"Scrap Ooze","player_choice":"Success","floor":5.0,"gold_loss":0.0,"damage_taken":18.0,"relics_obtained":["Pantograph"]},{"damage_healed":0.0,"max_hp_gain":0.0,"max_hp_loss":0.0,"gold_gain":75.0,"event_name":"World of Goop","player_choice":"Gather Gold","floor":7.0,"gold_loss":0.0,"damage_taken":11.0},{"damage_healed":0.0,"max_hp_gain":0.0,"max_hp_loss":0.0,"gold_gain":0.0,"event_name":"Back to Basics","player_choice":"Simplicity","floor":19.0,"gold_loss":0.0,"damage_taken":0.0,"cards_upgraded":["Defend_G","Defend_G","Defend_G","Defend_G","Defend_G"]},{"damage_healed":0.0,"max_hp_gain":0.0,"max_hp_loss":0.0,"gold_gain":0.0,"event_name":"Masked Bandits","player_choice":"Fought Bandits","floor":22.0,"gold_loss":0.0,"damage_taken":0.0},{"damage_healed":0.0,"max_hp_gain":0.0,"max_hp_loss":0.0,"gold_gain":0.0,"event_name":"Mysterious Sphere","player_choice":"Fight","floor":37.0,"gold_loss":0.0,"damage_taken":0.0}],"is_beta":false,"boss_relics":[{"not_picked":["Ring of the Serpent","Busted Crown"],"picked":"Astrolabe"},{"not_picked":["Runic Dome","Calling Bell"],"picked":"Fusion Hammer"}],"items_purged_floors":[13,36],"is_endless":false,"potions_floor_spawned":[6,11,16,21,25,27,29,30,35],"killed_by":"Reptomancer","ascension_level":20}}