{"host":"qm4rv4rkpk76sbxu","time":1609705876,"event":{"mods":["BaseMod","Bestiary","Block Reminder","Filter the Spire","Keyboard Shortcuts","Minty Spire (QoL Compilation)","MonsterHotkey","Potion Indicator Mod","Quick Restart","Relic Stats","Slay-I","StSLib","ojb\u0027s Better Paths Mod"],"gold_per_floor":[362,332,22,22,22,53,53,94,118,143,53,77,77,101,101,101,101],"floor_reached":16,"playtime":490,"items_purged":[],"score":216,"play_id":"09eb279e-af91-4a03-b7c9-a197c918c9ef","local_time":"20210103213116","is_ascension_mode":true,"campfire_choices":[{"data":"Reprogram","floor":7.0,"key":"SMITH"},{"floor":13.0,"key":"REST"},{"data":"Defragment","floor":15.0,"key":"SMITH"}],"circlet_count":0,"master_deck":["AscendersBane","Strike_B","Strike_B","Strike_B","Strike_B","Defend_B","Defend_B","Defend_B","Defend_B","Zap","Dualcast","FTL","Cold Snap","Flash of Steel","Reprogram+1","Self Repair","Defragment+1","Defragment","Ball Lightning","Aggregate"],"relics":["Cracked Core","OrangePellets","Golden Idol","Art of War","Ornamental Fan","Bird Faced Urn","Tiny Chest"],"acts_visited":["Exordium"],"potions_floor_usage":[16],"damage_taken":[{"damage":4.0,"enemies":"Jaw Worm","floor":1.0,"turns":4.0},{"damage":19.0,"enemies":"Gremlin Nob","floor":6.0,"turns":4.0},{"damage":7.0,"enemies":"Lagavulin","floor":8.0,"turns":6.0},{"damage":0.0,"enemies":"Cultist","floor":10.0,"turns":3.0},{"damage":17.0,"enemies":"2 Louse","floor":12.0,"turns":3.0},{"damage":5.0,"enemies":"Blue Slaver","floor":14.0,"turns":4.0},{"damage":48,"enemies":"The Guardian","floor":16,"turns":5}],"seed_played":"397492003860711609","potions_obtained":[{"floor":1.0,"key":"EntropicBrew"},{"floor":2.0,"key":"PowerPotion"},{"floor":8.0,"key":"Energy Potion"}],"is_trial":false,"path_per_floor":["M","?","$","?","?","E","R","E","T","M","$","M","R","M","R","B"],"character_chosen":"DEFECT","items_purchased":["OrangePellets","Cold Snap","Flash of Steel","Defragment"],"campfire_rested":1,"item_purchase_floors":[3,3,3,11],"current_hp_per_floor":[42,42,42,42,37,18,18,11,11,20,20,16,35,41,41,0,0],"gold":101,"neow_bonus":"TWO_FIFTY_GOLD","is_daily":false,"chose_seed":false,"campfire_upgraded":2,"win_rate":0.0,"timestamp":1609705876,"path_taken":["M","?","$","?","?","E","R","E","T","M","?","M","R","M","R","BOSS"],"items_purchased_type":["Relic","Card","Card","Card"],"build_version":"2020-12-22","purchased_purges":0,"victory":false,"max_hp_per_floor":[71,71,71,64,64,64,64,64,64,64,64,64,64,64,64,64,64],"relic_stats":{"OrangePellets":[3],"counters":[7,29],"Golden Idol":29,"Ornamental Fan":[24],"Bird Faced Urn":[18],"Tiny Chest":0,"Art of War":[2],"obtain_stats":[{"OrangePellets":3,"Golden Idol":4,"Ornamental Fan":6,"Bird Faced Urn":8,"Tiny Chest":9,"Art of War":5,"Cracked Core":0},{"OrangePellets":1,"Golden Idol":1,"Ornamental Fan":2,"Bird Faced Urn":3,"Tiny Chest":3,"Art of War":1,"Cracked Core":0},{"OrangePellets":4,"Golden Idol":4,"Ornamental Fan":8,"Bird Faced Urn":14,"Tiny Chest":14,"Art of War":4,"Cracked Core":0}]},"card_choices":[{"not_picked":["Rip and Tear","Coolheaded"],"picked":"FTL","floor":1.0},{"not_picked":["Amplify","Gash"],"picked":"Reprogram","floor":6.0},{"not_picked":["FTL","Stack"],"picked":"Self Repair","floor":8.0},{"not_picked":["Barrage","Scrape"],"picked":"Defragment","floor":10.0},{"not_picked":["Rebound","Fusion"],"picked":"Ball Lightning","floor":12.0},{"not_picked":["Sweeping Beam","Static Discharge"],"picked":"Aggregate","floor":14.0}],"player_experience":1188531,"relics_obtained":[{"floor":6.0,"key":"Ornamental Fan"},{"floor":8.0,"key":"Bird Faced Urn"},{"floor":9.0,"key":"Tiny Chest"}],"event_choices":[{"damage_healed":0.0,"max_hp_gain":0.0,"max_hp_loss":0.0,"gold_gain":0.0,"event_name":"The Woman in Blue","player_choice":"Bought 2 Potions","floor":2.0,"gold_loss":0.0,"damage_taken":0.0},{"damage_healed":0.0,"max_hp_gain":0.0,"max_hp_loss":7.0,"gold_gain":0.0,"event_name":"Golden Idol","player_choice":"Lose Max HP","floor":4.0,"gold_loss":0.0,"damage_taken":0.0,"relics_obtained":["Golden Idol"]},{"damage_healed":0.0,"max_hp_gain":0.0,"max_hp_loss":0.0,"gold_gain":0.0,"event_name":"Scrap Ooze","player_choice":"Success","floor":5.0,"gold_loss":0.0,"damage_taken":5.0,"relics_obtained":["Art of War"]}],"is_beta":false,"boss_relics":[],"items_purged_floors":[],"is_endless":false,"potions_floor_spawned":[1,8],"killed_by":"The Guardian","ascension_level":20}}