{"host":"m77rrhbqzv44va4v","time":1609700287,"event":{"mods":["AchievementEnabler","BaseMod","Colored Map","DeckTracker","Keyboard Shortcuts","Minty Spire (QoL Compilation)","StSLib","SuperFastMode","everything is the same but u backflip on backflip"],"gold_per_floor":[366,366,376,326,29,29,29,63,63,73,107,125,153,18,18,116,116,126,41,41,41,54,54,86,86,86,86,6,16,27,38,38,138,138,149,199,211,211,211,211,228,228,228,240,240,256,256,271,271,271],"floor_reached":51,"playtime":1440,"items_purged":["Strike_B","Strike_B"],"score":1076,"play_id":"8f39be39-7639-4ead-b1f9-4fa0509bf130","local_time":"20210104035807","is_ascension_mode":true,"campfire_choices":[{"data":"Dualcast","floor":6.0,"key":"SMITH"},{"data":"Defragment","floor":15.0,"key":"SMITH"},{"data":"Bandage Up","floor":23.0,"key":"SMITH"},{"floor":25.0,"key":"REST"},{"data":"Consume","floor":27.0,"key":"SMITH"},{"data":"Biased Cognition","floor":32.0,"key":"SMITH"},{"data":"Panacea","floor":40.0,"key":"SMITH"},{"data":"Madness","floor":47,"key":"SMITH"},{"data":"Madness","floor":49,"key":"SMITH"}],"circlet_count":0,"master_deck":["Strike_B","Defend_B","Defend_B+1","Defend_B","Defend_B+1","Zap","Dualcast+1","Sweeping Beam","Ball Lightning","Compile Driver","Steam","Echo Form","Conserve Battery","Consume+1","Defragment+1","Biased Cognition+1","Chill","Bandage Up+1","Double Energy+1","Redo","Core Surge","Glacier","Reboot","Self Repair","Panacea+1","Loop+1","Madness+1","Madness+1"],"relics":["Cracked Core","Runic Capacitor","The Courier","War Paint","Bottled Tornado","Bird Faced Urn","Runic Pyramid","Pocketwatch","Nilry\u0027s Codex","TungstenRod","Pear","Sozu","Calipers","Mummified Hand"],"acts_visited":["Exordium","TheCity","TheBeyond"],"potions_floor_usage":[45],"damage_taken":[{"damage":2.0,"enemies":"Jaw Worm","floor":1.0,"turns":3.0},{"damage":5.0,"enemies":"2 Louse","floor":3.0,"turns":3.0},{"damage":32.0,"enemies":"Lagavulin","floor":8.0,"turns":6.0},{"damage":0.0,"enemies":"Cultist","floor":10.0,"turns":3.0},{"damage":10.0,"enemies":"3 Sentries","floor":11.0,"turns":6.0},{"damage":3.0,"enemies":"Large Slime","floor":12.0,"turns":5.0},{"damage":4.0,"enemies":"Lagavulin","floor":13.0,"turns":6.0},{"damage":0.0,"enemies":"Hexaghost","floor":16.0,"turns":7.0},{"damage":35.0,"enemies":"2 Thieves","floor":18.0,"turns":5.0},{"damage":6.0,"enemies":"3 Byrds","floor":22.0,"turns":4.0},{"damage":27.0,"enemies":"Book of Stabbing","floor":24.0,"turns":4.0},{"damage":10.0,"enemies":"Cultist and Chosen","floor":29.0,"turns":6.0},{"damage":30.0,"enemies":"Snecko","floor":30.0,"turns":6.0},{"damage":3.0,"enemies":"Shelled Parasite and Fungi","floor":31.0,"turns":6.0},{"damage":40.0,"enemies":"Collector","floor":33.0,"turns":8.0},{"damage":15.0,"enemies":"Orb Walker","floor":35.0,"turns":4.0},{"damage":13.0,"enemies":"Mind Bloom Boss Battle","floor":36.0,"turns":7.0},{"damage":20.0,"enemies":"3 Shapes","floor":37.0,"turns":5.0},{"damage":3.0,"enemies":"3 Darklings","floor":41.0,"turns":7.0},{"damage":17.0,"enemies":"Sphere and 2 Shapes","floor":44.0,"turns":5.0},{"damage":0,"enemies":"Reptomancer","floor":45,"turns":1},{"damage":19,"enemies":"Transient","floor":46,"turns":5},{"damage":9,"enemies":"3 Darklings","floor":48,"turns":6},{"damage":29,"enemies":"Donu and Deca","floor":50,"turns":12}],"seed_played":"833359505183745330","potions_obtained":[{"floor":1.0,"key":"Swift Potion"},{"floor":3.0,"key":"Regen Potion"},{"floor":7.0,"key":"Fruit Juice"},{"floor":7.0,"key":"DuplicationPotion"},{"floor":10.0,"key":"CultistPotion"},{"floor":16.0,"key":"LiquidBronze"},{"floor":18.0,"key":"LiquidMemories"},{"floor":30.0,"key":"AttackPotion"},{"floor":31.0,"key":"SmokeBomb"}],"is_trial":false,"path_per_floor":["M","?","M","?","$","R","?","E","T","M","E","M","E","$","R","B",null,"M","?","?","?","M","R","E","R","T","R","$","M","M","M","R","B",null,"M","?","M","?","?","R","M","?","T","M","E","M","R","M","R","B",null],"character_chosen":"DEFECT","items_purchased":["Runic Capacitor","Compile Driver","Steam","Chill","Bandage Up"],"campfire_rested":1,"item_purchase_floors":[5,5,5,14,14],"current_hp_per_floor":[48,53,48,48,48,48,53,36,36,36,26,23,19,19,19,31,72,53,53,53,37,43,43,28,53,63,63,63,81,61,80,80,58,86,85,95,94,94,94,94,95,84,84,95,95,95,95,95,95,95],"gold":271,"neow_bonus":"TWO_FIFTY_GOLD","is_daily":false,"chose_seed":false,"campfire_upgraded":8,"win_rate":0.0,"timestamp":1609700287,"path_taken":["M","?","M","?","$","R","?","E","T","?","E","M","E","$","R","BOSS","M","?","?","?","M","R","E","R","T","R","?","M","M","M","R","BOSS","M","?","M","?","?","R","M","?","T","?","E","M","R","M","R","BOSS"],"items_purchased_type":["Relic","Card","Card","Card","Card"],"build_version":"2020-12-22","purchased_purges":2,"victory":true,"max_hp_per_floor":[75,80,80,80,80,80,85,85,85,85,85,85,85,85,85,85,85,85,85,85,85,85,85,85,85,95,95,95,95,95,95,95,95,95,95,95,95,95,95,95,95,95,95,95,95,95,95,95,95,95],"card_choices":[{"not_picked":["Aggregate","Lockon"],"picked":"Sweeping Beam","floor":1.0},{"not_picked":["Rebound","Reinforced Body"],"picked":"Ball Lightning","floor":3.0},{"not_picked":["Go for the Eyes","Self Repair"],"picked":"Echo Form","floor":8.0},{"not_picked":["Force Field","Redo"],"picked":"Conserve Battery","floor":10.0},{"not_picked":["Barrage","Aggregate"],"picked":"Consume","floor":11.0},{"not_picked":["Sunder","Genetic Algorithm"],"picked":"Defragment","floor":12.0},{"not_picked":["BootSequence","Tempest"],"picked":"Biased Cognition","floor":13.0},{"not_picked":["BootSequence","Go for the Eyes"],"picked":"Double Energy+1","floor":18.0},{"not_picked":["Turbo","Double Energy"],"picked":"Redo","floor":22.0},{"not_picked":["Gash","Genetic Algorithm","Chaos+1"],"picked":"SKIP","floor":24.0},{"not_picked":["Sunder","Go for the Eyes","Steam"],"picked":"SKIP","floor":29.0},{"not_picked":["Sweeping Beam","Go for the Eyes"],"picked":"Core Surge","floor":30.0},{"not_picked":["Go for the Eyes","Leap+1"],"picked":"Glacier","floor":31.0},{"not_picked":["Echo Form","All For One"],"picked":"Reboot","floor":33.0},{"not_picked":["Stack+1","Glacier"],"picked":"Self Repair","floor":35.0},{"not_picked":["White Noise+1","Sunder+1","Gash+1"],"picked":"SKIP","floor":37.0},{"not_picked":["Finesse","Violence"],"picked":"Panacea","floor":39.0},{"not_picked":["Doom and Gloom","Darkness"],"picked":"Loop+1","floor":41.0},{"not_picked":["Gash","Go for the Eyes+1","Beam Cell"],"picked":"SKIP","floor":44.0},{"not_picked":["Barrage+1","Sweeping Beam+1","Steam+1"],"picked":"SKIP","floor":46},{"not_picked":["Scrape","Reinforced Body","FTL+1"],"picked":"SKIP","floor":48}],"player_experience":885221,"relics_obtained":[{"floor":8.0,"key":"The Courier"},{"floor":9.0,"key":"War Paint"},{"floor":11.0,"key":"Bottled Tornado"},{"floor":13.0,"key":"Bird Faced Urn"},{"floor":21.0,"key":"Nilry\u0027s Codex"},{"floor":24.0,"key":"TungstenRod"},{"floor":26.0,"key":"Pear"},{"floor":36.0,"key":"Calipers"},{"floor":43.0,"key":"Mummified Hand"}],"event_choices":[{"damage_healed":0.0,"max_hp_gain":5.0,"max_hp_loss":0.0,"gold_gain":0.0,"event_name":"Big Fish","player_choice":"Donut","floor":2.0,"gold_loss":0.0,"damage_taken":0.0},{"cards_removed":["Strike_B"],"damage_healed":0.0,"max_hp_gain":0.0,"max_hp_loss":0.0,"gold_gain":0.0,"event_name":"The Cleric","player_choice":"Card Removal","floor":4.0,"gold_loss":50.0,"damage_taken":0.0},{"damage_healed":0.0,"max_hp_gain":0.0,"max_hp_loss":0.0,"gold_gain":0.0,"event_name":"Lab","player_choice":"Got Potions","floor":7.0,"gold_loss":0.0,"damage_taken":0.0},{"damage_healed":0.0,"max_hp_gain":0.0,"max_hp_loss":0.0,"gold_gain":0.0,"event_name":"Addict","player_choice":"Obtained Relic","floor":19.0,"gold_loss":85.0,"damage_taken":0.0,"relics_obtained":["Pocketwatch"]},{"damage_healed":0.0,"max_hp_gain":0.0,"max_hp_loss":0.0,"gold_gain":0.0,"event_name":"The Library","player_choice":"Read","floor":20.0,"gold_loss":0.0,"damage_taken":0.0,"cards_obtained":["FTL"]},{"damage_healed":0.0,"max_hp_gain":0.0,"max_hp_loss":0.0,"gold_gain":0.0,"event_name":"Cursed Tome","player_choice":"Obtained Book","floor":21.0,"gold_loss":0.0,"damage_taken":16.0},{"damage_healed":0.0,"max_hp_gain":0.0,"max_hp_loss":0.0,"gold_gain":0.0,"event_name":"MindBloom","player_choice":"Fight","floor":36.0,"gold_loss":0.0,"damage_taken":0.0},{"cards_removed":["FTL"],"damage_healed":0.0,"max_hp_gain":0.0,"max_hp_loss":0.0,"gold_gain":0.0,"event_name":"Falling","player_choice":"Removed Attack","floor":38.0,"gold_loss":0.0,"damage_taken":0.0},{"damage_healed":0.0,"max_hp_gain":0.0,"max_hp_loss":0.0,"gold_gain":0.0,"event_name":"SensoryStone","player_choice":"Memory 1","floor":39.0,"gold_loss":0.0,"damage_taken":0.0},{"damage_healed":0.0,"max_hp_gain":0.0,"max_hp_loss":0.0,"gold_gain":0.0,"event_name":"Winding Halls","player_choice":"Embrace Madness","floor":42.0,"gold_loss":0.0,"damage_taken":12.0,"cards_obtained":["Madness","Madness"]}],"is_beta":false,"boss_relics":[{"not_picked":["Empty Cage","FrozenCore"],"picked":"Runic Pyramid"},{"not_picked":["Nuclear Battery","Cursed Key"],"picked":"Sozu"}],"items_purged_floors":[5,28],"is_endless":false,"potions_floor_spawned":[1,3,10,16,18,30,31,35,36,46,48],"ascension_level":8}}