{"host":"w9yruvs4bqht6bhw","time":1609634991,"event":{"mods":["BaseMod","Colored Powertips","Minty Spire (QoL Compilation)"],"gold_per_floor":[110,126,144,160,8,40,115,127,127,138,171,171,202,215,215,314,314,325,342,302,124,140,140,89,89,115,115,130,160,3,3,3,103,103,122,122,137,147,147,147],"floor_reached":39,"playtime":1158,"items_purged":["Strike_R"],"score":571,"play_id":"ab5d8bc9-547c-41e8-afd0-08c988a6f89d","local_time":"20210102194951","is_ascension_mode":true,"campfire_choices":[{"floor":15,"key":"REST"},{"floor":23,"key":"REST"},{"data":"Anger","floor":27,"key":"SMITH"},{"floor":32,"key":"REST"}],"circlet_count":0,"master_deck":["Strike_R","Strike_R","Strike_R","Strike_R","Defend_R","Defend_R","Defend_R+1","Defend_R","Flex+1","Anger+1","Thunderclap","Ghostly Armor","Headbutt","Anger+1","Rampage+1","Anger+1","Thunderclap+1","Finesse","Uppercut+1","Limit Break+1","Shrug It Off","Flex"],"relics":["Burning Blood","NeowsBlessing","Sling","Vajra","Bag of Marbles","Potion Belt","Molten Egg 2","War Paint","Nunchaku","Membership Card","Runic Pyramid"],"acts_visited":["Exordium","TheCity","TheBeyond"],"potions_floor_usage":[6,11,16,16,16,20,22,28,28,28,29,29,29,33,33,33,38,38,39],"damage_taken":[{"damage":0,"enemies":"Jaw Worm","floor":1,"turns":1},{"damage":0,"enemies":"Cultist","floor":2,"turns":1},{"damage":0,"enemies":"2 Louse","floor":3,"turns":1},{"damage":8,"enemies":"2 Fungi Beasts","floor":4,"turns":3},{"damage":25,"enemies":"Lagavulin","floor":6,"turns":5},{"damage":22,"enemies":"Lots of Slimes","floor":8,"turns":4},{"damage":0,"enemies":"Exordium Thugs","floor":10,"turns":3},{"damage":10,"enemies":"3 Sentries","floor":11,"turns":5},{"damage":10,"enemies":"Lagavulin","floor":13,"turns":3},{"damage":18,"enemies":"3 Louse","floor":14,"turns":3},{"damage":50,"enemies":"Hexaghost","floor":16,"turns":8},{"damage":26,"enemies":"3 Byrds","floor":18,"turns":6},{"damage":17,"enemies":"Spheric Guardian","floor":19,"turns":4},{"damage":24,"enemies":"Snake Plant","floor":22,"turns":2},{"damage":4,"enemies":"Centurion and Healer","floor":28,"turns":2},{"damage":5,"enemies":"Book of Stabbing","floor":29,"turns":4},{"damage":65,"enemies":"Automaton","floor":33,"turns":10},{"damage":47,"enemies":"3 Shapes","floor":35,"turns":5},{"damage":6,"enemies":"Orb Walker","floor":37,"turns":3},{"damage":10,"enemies":"Spire Growth","floor":38,"turns":3},{"damage":14,"enemies":"4 Shapes","floor":39,"turns":2}],"seed_played":"-2610342355623625115","potions_obtained":[{"floor":2,"key":"SpeedPotion"},{"floor":4,"key":"BloodPotion"},{"floor":8,"key":"Swift Potion"},{"floor":11,"key":"Strength Potion"},{"floor":14,"key":"SkillPotion"},{"floor":16,"key":"Strength Potion"},{"floor":19,"key":"Fire Potion"},{"floor":20,"key":"PowerPotion"},{"floor":20,"key":"Fruit Juice"},{"floor":22,"key":"EntropicBrew"},{"floor":29,"key":"PowerPotion"},{"floor":35,"key":"Explosive Potion"},{"floor":37,"key":"SkillPotion"},{"floor":38,"key":"Explosive Potion"}],"is_trial":false,"path_per_floor":["M","M","M","M","$","E","?","M","T","M","E","?","E","M","R","B",null,"M","M","?","$","M","R","$","?","T","R","M","E","$","?","R","B",null,"M","?","M","M","M"],"character_chosen":"IRONCLAD","items_purchased":["Sling","Fire Potion","Thunderclap+1","Strength Potion","Membership Card"],"campfire_rested":3,"item_purchase_floors":[5,21,21,24,30],"current_hp_per_floor":[78,80,80,78,78,75,67,51,51,57,53,53,49,37,61,17,64,44,33,38,38,20,45,45,45,45,45,47,48,48,48,73,14,67,26,26,26,22,8,8],"gold":147,"neow_bonus":"THREE_ENEMY_KILL","is_daily":false,"chose_seed":false,"campfire_upgraded":1,"win_rate":0.0,"timestamp":1609634991,"path_taken":["M","M","M","M","$","E","?","M","T","?","E","?","E","M","R","BOSS","M","M","?","$","?","R","$","?","T","R","M","E","?","?","R","BOSS","M","?","?","M","M"],"items_purchased_type":["Relic","Potion","Card","Potion","Relic"],"build_version":"2020-12-22","purchased_purges":1,"victory":false,"max_hp_per_floor":[80,80,80,80,80,80,80,80,80,80,80,80,80,80,80,80,80,80,80,85,85,85,85,85,85,85,85,85,85,85,85,85,85,85,85,85,85,85,85,85],"card_choices":[{"not_picked":["Headbutt","Sword Boomerang"],"picked":"Flex","floor":1},{"not_picked":["Heavy Blade","Armaments"],"picked":"Anger","floor":2},{"not_picked":["Flame Barrier","Searing Blow"],"picked":"Thunderclap","floor":3},{"not_picked":["Armaments","Brutality"],"picked":"Ghostly Armor","floor":4},{"not_picked":["Entrench","Warcry"],"picked":"Headbutt","floor":6},{"not_picked":["Cleave","Evolve","True Grit"],"picked":"SKIP","floor":8},{"not_picked":["Combust","Headbutt","Flex"],"picked":"SKIP","floor":10},{"not_picked":["Feel No Pain","Shockwave"],"picked":"Anger","floor":11},{"not_picked":["Infernal Blade","Whirlwind+1","Rupture"],"picked":"SKIP","floor":13},{"not_picked":["Combust","Hemokinesis+1"],"picked":"Rampage+1","floor":14},{"not_picked":["Heavy Blade+1","Perfected Strike+1"],"picked":"Anger+1","floor":18},{"not_picked":["Rupture+1","Anger+1","Perfected Strike+1"],"picked":"SKIP","floor":19},{"not_picked":["Dual Wield+1","Anger+1","Clothesline+1"],"picked":"SKIP","floor":22},{"not_picked":["Flame Barrier","Perfected Strike+1"],"picked":"Uppercut+1","floor":28},{"not_picked":["Cleave+1","Headbutt+1","Clothesline+1"],"picked":"SKIP","floor":29},{"not_picked":["Exhume","Juggernaut"],"picked":"Limit Break","floor":33},{"not_picked":["Iron Wave+1","Wild Strike+1"],"picked":"Shrug It Off","floor":35},{"not_picked":["Bloodletting+1","Evolve"],"picked":"Flex","floor":37},{"not_picked":["Entrench+1","Headbutt+1","Burning Pact+1"],"picked":"SKIP","floor":38}],"player_experience":279644,"relics_obtained":[{"floor":6,"key":"Vajra"},{"floor":9,"key":"Bag of Marbles"},{"floor":11,"key":"Potion Belt"},{"floor":13,"key":"Molten Egg 2"},{"floor":26,"key":"War Paint"},{"floor":29,"key":"Nunchaku"}],"event_choices":[{"damage_healed":0,"gold_gain":75,"player_choice":"Touch","damage_taken":8,"max_hp_gain":0,"max_hp_loss":0,"event_name":"FaceTrader","floor":7,"gold_loss":0},{"damage_healed":0,"gold_gain":0,"player_choice":"Grow","damage_taken":0,"max_hp_gain":0,"max_hp_loss":0,"event_name":"Living Wall","floor":12,"gold_loss":0,"cards_upgraded":["Anger"]},{"damage_healed":0,"gold_gain":0,"player_choice":"Bought 3 Potions","damage_taken":0,"max_hp_gain":0,"max_hp_loss":0,"event_name":"The Woman in Blue","floor":20,"gold_loss":0},{"damage_healed":0,"gold_gain":0,"player_choice":"1 cards matched","damage_taken":0,"max_hp_gain":0,"max_hp_loss":0,"event_name":"Match and Keep!","floor":25,"gold_loss":0,"cards_obtained":["Finesse"]},{"cards_removed":["Bash"],"damage_healed":0,"gold_gain":0,"player_choice":"Offered Basic","damage_taken":0,"max_hp_gain":0,"max_hp_loss":0,"event_name":"Bonfire Elementals","floor":31,"gold_loss":0},{"damage_healed":0,"gold_gain":0,"player_choice":"Upgraded","damage_taken":0,"max_hp_gain":0,"max_hp_loss":0,"event_name":"Upgrade Shrine","floor":36,"gold_loss":0,"cards_upgraded":["Limit Break"]}],"is_beta":false,"boss_relics":[{"not_picked":["Sozu","Velvet Choker","Snecko Eye"]},{"not_picked":["Fusion Hammer","Philosopher\u0027s Stone"],"picked":"Runic Pyramid"}],"items_purged_floors":[21],"is_endless":false,"potions_floor_spawned":[2,4,8,11,14,16,19,22,29,35,37,38],"killed_by":"4 Shapes","ascension_level":7}}