{"host":"baymyijz6sxaqj5s","time":1609682845,"event":{"mods":["AchievementEnabler","BaseMod","Colored Map","Colored Powertips","DeckTracker","Highlight Path","KOR Keyword Fix","Keyboard Shortcuts","Minty Spire (QoL Compilation)","Quick Restart","StSLib","SuperFastMode"],"gold_per_floor":[119,119,119,138,148,148,167,167,213,213,228,178,193,209,209,312,312,331,246,256,269,269,269,269,288,313,32,45,61,61,80,80,80,80],"floor_reached":33,"playtime":732,"items_purged":[],"score":279,"play_id":"789e6946-355c-41a4-bff0-dde66d002a0f","local_time":"20210103230725","is_ascension_mode":true,"campfire_choices":[{"data":"Body Slam","floor":6,"key":"SMITH"},{"data":"Enlightenment","floor":8,"key":"SMITH"},{"data":"Bash","floor":10,"key":"SMITH"},{"data":"Whirlwind","floor":15,"key":"SMITH"},{"floor":23,"key":"REST"},{"floor":32,"key":"REST"}],"circlet_count":0,"master_deck":["Bash+1","Enlightenment+1","Body Slam+1","Power Through","Whirlwind+1","Limit Break","Double Tap","Flame Barrier","Searing Blow","Demon Form","Dropkick","Heavy Blade","Pummel","Warcry","Ghostly Armor","Inflame","Twin Strike"],"relics":["Burning Blood","Omamori","Toy Ornithopter","Nilry\u0027s Codex","Nloth\u0027s Gift","Lantern","Eternal Feather"],"acts_visited":["Exordium","TheCity"],"potions_floor_usage":[7,13,16,18,21,28,29,31],"damage_taken":[{"damage":5,"enemies":"2 Louse","floor":1,"turns":3},{"damage":1,"enemies":"Cultist","floor":4,"turns":4},{"damage":0,"enemies":"Small Slimes","floor":5,"turns":3},{"damage":12,"enemies":"Red Slaver","floor":7,"turns":4},{"damage":7,"enemies":"Looter","floor":11,"turns":3},{"damage":0,"enemies":"2 Fungi Beasts","floor":13,"turns":3},{"damage":5,"enemies":"Exordium Wildlife","floor":14,"turns":6},{"damage":73,"enemies":"The Guardian","floor":16,"turns":12},{"damage":35,"enemies":"Shell Parasite","floor":18,"turns":6},{"damage":6,"enemies":"3 Byrds","floor":20,"turns":3},{"damage":37,"enemies":"Snake Plant","floor":21,"turns":4},{"damage":28,"enemies":"3 Cultists","floor":25,"turns":4},{"damage":20,"enemies":"Cultist and Chosen","floor":28,"turns":6},{"damage":24,"enemies":"Snake Plant","floor":29,"turns":3},{"damage":17,"enemies":"Centurion and Healer","floor":31,"turns":4},{"damage":0,"enemies":"Collector","floor":33,"turns":3}],"seed_played":"5757534050129681048","potions_obtained":[{"floor":5,"key":"Fruit Juice"},{"floor":7,"key":"Explosive Potion"},{"floor":13,"key":"FearPotion"},{"floor":14,"key":"ColorlessPotion"},{"floor":16,"key":"Regen Potion"},{"floor":25,"key":"EssenceOfSteel"},{"floor":28,"key":"FearPotion"},{"floor":29,"key":"SteroidPotion"}],"is_trial":false,"path_per_floor":["M","$","?","M","M","R","M","R","T","R","M","?","M","M","R","B",null,"M","?","M","M","?","R","?","M","T","$","M","M","$","M","R","B"],"character_chosen":"IRONCLAD","items_purchased":["Inflame","Eternal Feather"],"campfire_rested":2,"item_purchase_floors":[27,27],"current_hp_per_floor":[88,88,88,88,88,88,87,87,87,87,86,86,92,93,93,26,93,73,73,73,47,31,58,58,36,36,36,27,14,14,8,44,44,44],"gold":80,"neow_bonus":"TEN_PERCENT_HP_BONUS","is_daily":false,"chose_seed":false,"campfire_upgraded":4,"win_rate":0.0,"timestamp":1609682845,"path_taken":["M","$","?","?","M","R","M","R","T","R","M","?","M","M","R","BOSS","M","?","M","M","?","R","?","M","T","$","M","?","?","M","R","BOSS"],"items_purchased_type":["Card","Relic"],"build_version":"2020-12-22","purchased_purges":0,"victory":false,"max_hp_per_floor":[88,88,88,88,88,88,93,93,93,93,93,93,93,93,93,93,93,93,93,93,93,93,93,93,93,93,93,93,93,93,93,93,93,93],"card_choices":[{"not_picked":["Anger","Disarm","Iron Wave"],"picked":"SKIP","floor":1},{"not_picked":["Fire Breathing","Anger","Havoc"],"picked":"SKIP","floor":4},{"not_picked":["Cleave","True Grit"],"picked":"Body Slam","floor":5},{"not_picked":["Anger","Sever Soul","Rage"],"picked":"SKIP","floor":7},{"not_picked":["Uppercut","Combust"],"picked":"Power Through","floor":11},{"not_picked":["Anger","Sword Boomerang"],"picked":"Whirlwind","floor":13},{"not_picked":["Anger","Warcry","Clothesline"],"picked":"SKIP","floor":14},{"not_picked":["Fiend Fire","Double Tap"],"picked":"Limit Break","floor":16},{"not_picked":["Pummel","Clash+1","Havoc"],"picked":"SKIP","floor":18},{"not_picked":["Dropkick","Heavy Blade+1","Burning Pact"],"picked":"SKIP","floor":20},{"not_picked":["Perfected Strike","Inflame"],"picked":"Ghostly Armor","floor":21},{"not_picked":["Rupture","Thunderclap","Exhume"],"picked":"SKIP","floor":25},{"not_picked":["Dual Wield","Wild Strike+1","Blood for Blood+1"],"picked":"SKIP","floor":28},{"not_picked":["Searing Blow","Clothesline","Twin Strike"],"picked":"SKIP","floor":29},{"not_picked":["Warcry","Rampage"],"picked":"Twin Strike","floor":31}],"player_experience":313267,"relics_obtained":[{"floor":9,"key":"Omamori"},{"floor":22,"key":"Nilry\u0027s Codex"},{"floor":26,"key":"Lantern"}],"event_choices":[{"damage_healed":0,"gold_gain":0,"player_choice":"1 cards matched","damage_taken":0,"max_hp_gain":0,"max_hp_loss":0,"event_name":"Match and Keep!","floor":3,"gold_loss":0,"cards_obtained":["Enlightenment"]},{"cards_removed":["Strike_R"],"damage_healed":0,"gold_gain":0,"player_choice":"Card Removal","damage_taken":0,"max_hp_gain":0,"max_hp_loss":0,"event_name":"The Cleric","floor":12,"gold_loss":50},{"damage_healed":0,"gold_gain":0,"player_choice":"Obtained Relic","damage_taken":0,"relics_obtained":["Toy Ornithopter"],"max_hp_gain":0,"max_hp_loss":0,"event_name":"Addict","floor":19,"gold_loss":85},{"damage_healed":0,"gold_gain":0,"player_choice":"Obtained Book","damage_taken":16,"max_hp_gain":0,"max_hp_loss":0,"event_name":"Cursed Tome","floor":22,"gold_loss":0},{"damage_healed":0,"gold_gain":0,"player_choice":"Traded Relic","damage_taken":0,"relics_obtained":["Nloth\u0027s Gift"],"max_hp_gain":0,"max_hp_loss":0,"event_name":"N\u0027loth","floor":24,"relics_lost":["Pandora\u0027s Box"],"gold_loss":0}],"is_beta":false,"boss_relics":[{"not_picked":["Philosopher\u0027s Stone","Mark of Pain"],"picked":"Pandora\u0027s Box"}],"items_purged_floors":[],"is_endless":false,"potions_floor_spawned":[5,7,13,14,16,25,28,29],"killed_by":"Collector","ascension_level":3}}