{"host":"3bmixpcp66vorgem","time":1609700770,"event":{"mods":["AchievementEnabler","BaseMod","JesterMod","Minty Spire (QoL Compilation)","Slay the Relics Exporter","StSLib"],"gold_per_floor":[119,5,18,36,111,111,111,123,149,23,56,56,75,93,93,197,197,216,0,14,14,14,14,14,14],"floor_reached":24,"playtime":2140,"items_purged":["jesterMod:Strike"],"score":235,"play_id":"39faf5df-bf0c-40a4-9411-4829f5dbe517","local_time":"20210103200610","is_ascension_mode":true,"campfire_choices":[{"floor":6,"key":"REST"},{"data":"jesterMod:Haste","floor":12,"key":"SMITH"},{"floor":15,"key":"REST"},{"data":"jesterMod:HedgehogForm","floor":23,"key":"SMITH"}],"circlet_count":0,"master_deck":["jesterMod:Sickle","jesterMod:Dodge","jesterMod:HedgehogForm+1","jesterMod:Prankster","jesterMod:Haste+1","jesterMod:Prankster","jesterMod:Feint","jesterMod:Prankster","jesterMod:Mending","jesterMod:DancingMad","jesterMod:Overthink","jesterMod:Procrastination","jesterMod:DanceOfChaos","jesterMod:DanceOfChaos","jesterMod:DanceOfChaos","jesterMod:MudBall"],"relics":["jesterMod:JesterCap","Juzu Bracelet","MealTicket","Pandora\u0027s Box"],"acts_visited":["Exordium","TheCity"],"potions_floor_usage":[11,11,16,20],"damage_taken":[{"damage":1,"enemies":"Small Slimes","floor":1,"turns":4},{"damage":9,"enemies":"2 Louse","floor":3,"turns":4},{"damage":9,"enemies":"Cultist","floor":4,"turns":6},{"damage":6,"enemies":"Looter","floor":8,"turns":4},{"damage":8,"enemies":"Lagavulin","floor":11,"turns":8},{"damage":6,"enemies":"Exordium Thugs","floor":13,"turns":6},{"damage":7,"enemies":"Exordium Wildlife","floor":14,"turns":6},{"damage":5,"enemies":"The Guardian","floor":16,"turns":16},{"damage":4,"enemies":"3 Byrds","floor":18,"turns":5},{"damage":36,"enemies":"2 Thieves","floor":20,"turns":5},{"damage":50,"enemies":"Gremlin Leader","floor":24,"turns":2}],"seed_played":"-2036718951429205864","potions_obtained":[{"floor":1,"key":"AttackPotion"},{"floor":4,"key":"Weak Potion"},{"floor":13,"key":"DistilledChaos"},{"floor":16,"key":"BlessingOfTheForge"},{"floor":20,"key":"Fruit Juice"}],"is_trial":false,"path_per_floor":["M","$","M","M","?","R","?","M","T","$","E","R","M","M","R","B",null,"M","?","M","?","$","R","E"],"character_chosen":"THE_JESTER","items_purchased":["jesterMod:Haste","jesterMod:Prankster","jesterMod:Prankster"],"campfire_rested":2,"item_purchase_floors":[2,2,10],"current_hp_per_floor":[62,62,53,44,33,51,51,45,45,45,37,37,31,24,42,37,63,59,59,28,28,43,43,0,0],"gold":14,"neow_bonus":"THREE_RARE_CARDS","is_daily":false,"chose_seed":false,"campfire_upgraded":2,"win_rate":0.0,"timestamp":1609700770,"path_taken":["M","$","M","M","?","R","?","M","T","$","E","R","M","M","R","BOSS","M","?","M","?","?","R","E"],"items_purchased_type":["Card","Card","Card"],"build_version":"2020-12-22","purchased_purges":1,"victory":false,"max_hp_per_floor":[63,63,63,63,63,63,63,63,63,63,63,63,63,63,63,63,63,63,63,68,68,68,68,68,68],"card_choices":[{"not_picked":["jesterMod:Juggle","jesterMod:Drunkenness"],"picked":"jesterMod:HedgehogForm","floor":0},{"not_picked":["jesterMod:SmokeScreen","jesterMod:Unleash"],"picked":"jesterMod:Prankster","floor":1},{"not_picked":["jesterMod:QuickStrike","jesterMod:DesperateStrike"],"picked":"jesterMod:Feint","floor":3},{"not_picked":["jesterMod:TrickyDodge","jesterMod:DaggerRain","jesterMod:Frenzy"],"picked":"SKIP","floor":4},{"not_picked":["jesterMod:Twirl","jesterMod:Loot","jesterMod:Contradiction"],"picked":"SKIP","floor":8},{"not_picked":["jesterMod:Discretion","jesterMod:QuickStrike"],"picked":"jesterMod:Mending","floor":11},{"not_picked":["jesterMod:Anticipation","jesterMod:Talion"],"picked":"jesterMod:DancingMad","floor":13},{"not_picked":["jesterMod:Contradiction","jesterMod:TrickyDodge","jesterMod:Hide"],"picked":"SKIP","floor":14},{"not_picked":["jesterMod:Finale","jesterMod:Momentum"],"picked":"jesterMod:Overthink","floor":16},{"not_picked":["jesterMod:Schizophrenia+1","jesterMod:HitAndRun","jesterMod:RecklessStrike+1"],"picked":"SKIP","floor":18},{"not_picked":["jesterMod:Dilapidation","jesterMod:QuickStrike","jesterMod:Prankster"],"picked":"SKIP","floor":20}],"player_experience":2229692,"relics_obtained":[{"floor":9,"key":"Juzu Bracelet"},{"floor":11,"key":"MealTicket"}],"event_choices":[{"damage_healed":0,"gold_gain":75,"player_choice":"Gather Gold","damage_taken":11,"max_hp_gain":0,"max_hp_loss":0,"event_name":"World of Goop","floor":5,"gold_loss":0},{"cards_removed":["jesterMod:Strike"],"damage_healed":0,"gold_gain":0,"player_choice":"Purged","damage_taken":0,"max_hp_gain":0,"max_hp_loss":0,"event_name":"Purifier","floor":7,"gold_loss":0},{"damage_healed":0,"gold_gain":0,"player_choice":"Paid Fearfully","damage_taken":0,"max_hp_gain":0,"max_hp_loss":0,"event_name":"Masked Bandits","floor":19,"gold_loss":216},{"cards_removed":["jesterMod:OblivionStrike"],"damage_healed":0,"gold_gain":0,"player_choice":"Purged","damage_taken":0,"max_hp_gain":0,"max_hp_loss":0,"event_name":"Purifier","floor":21,"gold_loss":0}],"is_beta":false,"boss_relics":[{"not_picked":["jesterMod:LoadedDice","jesterMod:MachoBrace"],"picked":"Pandora\u0027s Box"}],"items_purged_floors":[10],"is_endless":false,"potions_floor_spawned":[1,4,13,16,20],"killed_by":"Gremlin Leader","ascension_level":4}}