{"host":"0azimyi6n3ugndj4","time":1609635026,"event":{"mods":["2.2 Compatiblity","BaseMod","Bestiary","Conspire","Curses Come First","Defuse TimeMaze Blight","Downfall","Hermit","Hyrulean Relics","Infinite Spire","Minty Spire (QoL Compilation)","Relic Filter","Relic Stats","Replay The Spire","StSLib","SuperFastMode","The Cursed","Uncapped","¡¼?Úª?ø«¡½REMEMod"],"gold_per_floor":[135,135,135,135,168,168,168,6,6,6,6,281,332,332,332,557,557,611,611,526,562,562,562,562,655,655,165,282,282,486,624,636,678,678,678],"floor_reached":33,"playtime":658,"items_purged":["Eruption"],"score":755,"play_id":"7c313613-97aa-4e7b-ac42-a76e82d5eff0","local_time":"20210103095026","daily_mods":["SealedDeck","Hoarder","Insanity","Chimera","Specialized","Vintage","ControlledChaos","Allstar","Diverse","Colorless Cards","Heirloom","Time Dilation","Flight","downfall:Jewelcrafting","downfall:Improvised","downfall:Lament","Elite Swarm","Lethality","Midas","downfall:WorldOfGoo","downfall:Enraging","Binary"],"is_ascension_mode":true,"campfire_choices":[{"floor":23,"key":"REST"},{"floor":32,"key":"REST"}],"circlet_count":0,"master_deck":["Demon Form","Wraith Form v2","Echo Form","DevaForm","Guardian:ConstructionForm","hexamod:ParanormalForm","Slimebound:DuplicatedForm","sneckomod:SerpentMind","AscendersBane","Bash","Survivor","Zap","conspire:GhostlyStrike","conspire:GhostlyStrike","conspire:GhostlyStrike","conspire:GhostlyDefend","conspire:GhostlyDefend","conspire:GhostlyDefend","ReplayTheSpireMod:Speed Training","hermit:Coalescence","TheCursedMod:SurpriseAttack","Guardian:PrimingBeam","hermit:HoleUp","Abandon","Slimebound:RollThrough","hexamod:GhostLash","champ:RapidStrikes","Force Field","Flex","TheCursedMod:SpitefulStrike","BowlingBash","Hemokinesis","Thunderclap","Flex","TheCursedMod:CursedMace","PiercingWail","champ:BerserkerStyle","REME_GreenPollution","SashWhip","TheCursedMod:Obscuration","Slimebound:Grow","Compile Driver","Perfected Strike","hermit:Desperado","TheCursedMod:CircleOfBlood","Glacier","Hologram","sneckomod:SoulRoll","hexamod:DynamicBlow","Cold Snap","BowlingBash","sneckomod:UnknownCommonSkill","expansioncontent:GuardianWhirl","Replay:Undeath\u0027s Touch","Replay:BluntJabs","ReplayTheSpireMod:The Works","Guardian:Planning","champ:CrookedStrike","hermit:Scavenge","hermit:Manifest","BattleHymn","sneckomod:UnknownClassDEFAULT_GRAY_COLOR","hexamod:RainOfEmbers","Warcry","expansioncontent:FaceSlap","Guardian:WalkerClaw","Replay:BasicMightCard","Guardian:ExploitGems","Guardian:ExploitGems","sneckomod:UnknownCommonAttack","sneckomod:UnknownCommonAttack","sneckomod:UnknownCommonAttack","sneckomod:UnknownCommonSkill","sneckomod:UnknownCommonSkill","sneckomod:UnknownCommonSkill","sneckomod:UnknownUncommonAttack","sneckomod:UnknownUncommonSkill","sneckomod:UnknownUncommonPower","sneckomod:Unknown","ReplayTheSpireMod:Calculation Training","ReplayTheSpireMod:Calculation Training","ReplayTheSpireMod:Calculation Training","ReplayTheSpireMod:Calculation Training","ReplayTheSpireMod:Calculation Training","ReplayTheSpireMod:Calculation Training","ReplayTheSpireMod:Calculation Training","ReplayTheSpireMod:Calculation Training","ReplayTheSpireMod:Calculation Training","ReplayTheSpireMod:Calculation Training","ReplayTheSpireMod:Calculation Training","ReplayTheSpireMod:Calculation Training","ReplayTheSpireMod:Calculation Training","ReplayTheSpireMod:Calculation Training","ReplayTheSpireMod:Calculation Training","champ:BringItOn","champ:BringItOn","champ:BringItOn","DeceiveReality","DeceiveReality","DeceiveReality","hexamod:AdvancingGuard","hexamod:AdvancingGuard","hexamod:AdvancingGuard","sneckomod:DiceCrush","sneckomod:DiceCrush","sneckomod:DiceCrush","TheCursedMod:CursedShiv","TheCursedMod:CursedShiv","TheCursedMod:CursedShiv","hexamod:ThermalTransfer","hexamod:ThermalTransfer","hexamod:ThermalTransfer","ReplayTheSpireMod:GoodbyeWorld","ReplayTheSpireMod:GoodbyeWorld","ReplayTheSpireMod:GoodbyeWorld","Guardian:MultiBeam","Guardian:MultiBeam","Guardian:MultiBeam","expansioncontent:ManipulateTime","expansioncontent:ManipulateTime","expansioncontent:ManipulateTime","BasicCrystalCard","BasicCrystalCard","BasicCrystalCard","sneckomod:UnknownClassDEFAULT_GRAY_COLOR","sneckomod:UnknownClassDEFAULT_GRAY_COLOR","sneckomod:UnknownClassDEFAULT_GRAY_COLOR","Guardian:Gem_Red","Guardian:Gem_Lightblue","Guardian:Gem_Lightblue","Guardian:Gem_Lightblue","Guardian:Gem_White","Guardian:Gem_White","Guardian:Gem_White","Pain","Pain","Pain"],"relics":["Replay:M_SmolderingBlood","Frozen Eye","Busted Crown","REME_ComplimentaryCards","Guardian:PickAxe","NeowsBlessing","Replay:Kaleidoscope","Bag of Preparation","infinitespire:Cubic Diamond","WarpedTongs","infinitespire:Joker Card","Pen Nib","zeldaRelics:CourageTriforce","zeldaRelics:Navi","Busted Crown","Gremlin Horn","REME_HourglassOfDeath","Kunai","zeldaRelics:HylianShield","Lantern","zeldaRelics:WisdomPiece","Juzu Bracelet","zeldaRelics:Boomerang","Ancient Tea Set","MawBank"],"acts_visited":["Exordium","TheCity"],"potions_floor_usage":[33,33],"damage_taken":[{"damage":0.0,"enemies":"2 Louse","floor":1.0,"turns":1.0},{"damage":0,"enemies":"Small Slimes","floor":5,"turns":2},{"damage":0,"enemies":"Cultist","floor":13,"turns":1},{"damage":78,"enemies":"The Guardian","floor":16,"turns":6},{"damage":23,"enemies":"Shell Parasite","floor":18,"turns":3},{"damage":20,"enemies":"Chosen","floor":21,"turns":3},{"damage":30,"enemies":"REME_1_Revenger","floor":25,"turns":4},{"damage":0,"enemies":"conspire:MimicChest","floor":28,"turns":6},{"damage":1,"enemies":"conspire:Head Lice","floor":30,"turns":3},{"damage":51,"enemies":"Automaton","floor":33,"turns":4}],"seed_played":"8658047390867427648","potions_obtained":[{"floor":1.0,"key":"FearPotion"},{"floor":16,"key":"champ:CounterPotion"},{"floor":31,"key":"DistilledChaos"}],"is_trial":true,"path_per_floor":["M","?","?","?","M","R","?","$","T","$","$","?","M","T","R","B",null,"M","?","?","M","?","R","AVR","E","T","$","?","?","E","?","R","B"],"character_chosen":"THE_CHAMP","items_purchased":["Pen Nib","Juzu Bracelet","zeldaRelics:Boomerang","Ancient Tea Set"],"campfire_rested":2,"item_purchase_floors":[8,27,27,27],"current_hp_per_floor":[73,73,73,73,73,73,66,66,66,66,66,66,66,66,66,3,62,39,39,39,19,19,43,43,13,13,13,20,20,19,19,43,0,0,0],"gold":678,"neow_bonus":"","is_daily":false,"chose_seed":false,"campfire_upgraded":0,"win_rate":0.0,"timestamp":1609635026,"path_taken":["M","?","?","?","?","R","?","$","T","?","$","?","?","?","R","BOSS","M","?","?","?","?","R","AVR","E","T","?","?","?","E","?","R","BOSS"],"items_purchased_type":["Relic","Relic","Relic","Relic"],"build_version":"2020-12-22","purchased_purges":1,"victory":false,"max_hp_per_floor":[81,81,81,81,81,81,81,81,81,81,81,81,81,81,81,81,81,81,81,81,81,81,81,81,81,81,81,81,81,81,81,81,81,81,81],"relic_stats":{"Busted Crown":28,"Gremlin Horn":[8,8],"counters":[10,33],"Pen Nib":[5],"Bag of Preparation":[18],"Juzu Bracelet":1,"Kunai":[5],"MawBank":24,"obtain_stats":[{"Lantern":24,"zeldaRelics:Boomerang":27,"Gremlin Horn":18,"champ:ChampionCrown":0,"infinitespire:Cubic Diamond":2,"Bag of Preparation":1,"Juzu Bracelet":27,"Ancient Tea Set":27,"Guardian:PickAxe":0,"Frozen Eye":0,"Replay:M_SmolderingBlood":2,"zeldaRelics:Navi":13,"zeldaRelics:CouragePiece":9,"Kunai":21,"zeldaRelics:WisdomPiece":26,"NeowsBlessing":0,"infinitespire:Joker Card":5,"Pen Nib":8,"Replay:Kaleidoscope":0,"MawBank":31,"zeldaRelics:CourageTriforce":25,"WarpedTongs":4,"Busted Crown":0,"REME_HourglassOfDeath":20,"REME_ComplimentaryCards":0,"zeldaRelics:HylianShield":24},{"Lantern":6,"zeldaRelics:Boomerang":7,"Gremlin Horn":5,"champ:ChampionCrown":0,"infinitespire:Cubic Diamond":1,"Bag of Preparation":1,"Juzu Bracelet":7,"Ancient Tea Set":7,"Guardian:PickAxe":0,"Frozen Eye":0,"Replay:M_SmolderingBlood":1,"zeldaRelics:Navi":3,"zeldaRelics:CouragePiece":2,"Kunai":6,"zeldaRelics:WisdomPiece":7,"NeowsBlessing":0,"infinitespire:Joker Card":2,"Pen Nib":2,"Replay:Kaleidoscope":0,"MawBank":9,"zeldaRelics:CourageTriforce":7,"WarpedTongs":1,"Busted Crown":0,"REME_HourglassOfDeath":5,"REME_ComplimentaryCards":0,"zeldaRelics:HylianShield":6},{"Lantern":16,"zeldaRelics:Boomerang":20,"Gremlin Horn":13,"champ:ChampionCrown":0,"infinitespire:Cubic Diamond":1,"Bag of Preparation":1,"Juzu Bracelet":20,"Ancient Tea Set":20,"Guardian:PickAxe":0,"Frozen Eye":0,"Replay:M_SmolderingBlood":1,"zeldaRelics:Navi":4,"zeldaRelics:CouragePiece":3,"Kunai":16,"zeldaRelics:WisdomPiece":20,"NeowsBlessing":0,"infinitespire:Joker Card":3,"Pen Nib":3,"Replay:Kaleidoscope":0,"MawBank":29,"zeldaRelics:CourageTriforce":20,"WarpedTongs":1,"Busted Crown":0,"REME_HourglassOfDeath":13,"REME_ComplimentaryCards":0,"zeldaRelics:HylianShield":16}],"WarpedTongs":[37]},"card_choices":[],"player_experience":1518367,"relics_obtained":[{"floor":1.0,"key":"Bag of Preparation"},{"floor":5,"key":"infinitespire:Joker Card"},{"floor":9,"key":"zeldaRelics:CouragePiece"},{"floor":13,"key":"zeldaRelics:Navi"},{"floor":14,"key":"zeldaRelics:CouragePiece"},{"floor":18,"key":"Gremlin Horn"},{"floor":21,"key":"Kunai"},{"floor":25,"key":"zeldaRelics:CouragePiece"},{"floor":26,"key":"zeldaRelics:WisdomPiece"},{"floor":30,"key":"zeldaRelics:WisdomPiece"},{"floor":31,"key":"MawBank"}],"event_choices":[{"damage_healed":0.0,"max_hp_gain":0.0,"max_hp_loss":0.0,"gold_gain":0.0,"event_name":"conspire:LoneGhost","player_choice":"Agree","floor":3.0,"gold_loss":0.0,"damage_taken":0.0},{"damage_healed":0.0,"max_hp_gain":0.0,"max_hp_loss":0.0,"gold_gain":0.0,"event_name":"Accursed Blacksmith","player_choice":"Rummage","floor":4.0,"gold_loss":0.0,"damage_taken":0.0,"relics_obtained":["WarpedTongs"],"cards_obtained":["Pain"]},{"cards_removed":["Pain"],"damage_healed":0,"gold_gain":0,"player_choice":"Card Removal","damage_taken":7,"max_hp_gain":0,"max_hp_loss":0,"event_name":"Golden Wing","floor":7,"gold_loss":0},{"damage_healed":0,"gold_gain":275,"player_choice":"Desecrate","damage_taken":0,"max_hp_gain":0,"max_hp_loss":0,"event_name":"Golden Shrine","floor":12,"gold_loss":0,"cards_obtained":["Regret"]},{"damage_healed":0,"gold_gain":0,"player_choice":"Obtained Relic","damage_taken":0,"relics_obtained":["REME_HourglassOfDeath"],"max_hp_gain":0,"max_hp_loss":0,"event_name":"Addict","floor":20,"gold_loss":85},{"cards_removed":["Regret","Regret","Regret","Pain"],"damage_healed":0,"gold_gain":0,"player_choice":"Removed Curses","damage_taken":0,"max_hp_gain":0,"max_hp_loss":0,"event_name":"Fountain of Cleansing","floor":22,"gold_loss":0}],"is_beta":false,"boss_relics":[{"not_picked":["Replay:Ancient Bell","Cursed Key"],"picked":"Busted Crown"}],"items_purged_floors":[24],"is_endless":false,"potions_floor_spawned":[1,16,21],"killed_by":"Automaton","ascension_level":20}}