{"host":"s0ikvqhe10eopvjn","time":1609689909,"event":{"mods":["Act Like it!","Bard","BaseMod","Better Third Choice","Block Reminder","Colored Map","Colored Powertips","DeckTracker","Downfall","GifTheSpireLib","Halation","Hallownest","Hermit","Highlight Path","Hubris","Infinite Spire","Mad Scientist","Minty Spire (QoL Compilation)","Permanent Neow","Random Character Button","Replay The Spire","StSLib","The Blackbeard","The Blue Laboratory","The Bug Knight","The Construct","The Cursed","The Disciple","The Hierophant","The Marked","The Mystic","The Necromancer","The Poker Player","The Runesmith","The Servant 0.9.4"],"gold_per_floor":[112,0,0,13,60,97,116,116,165,165,165,180,195,271,271,387,387,358,358,377,377,401,401,418,418,418,15,15,15,52,70,70,168,168,189,207,219,234,41,76,76,76,76,76,76,76,90,0,0,28,28],"floor_reached":50,"playtime":2604,"items_purged":["Regret","theMarked:Strike","theMarked:Strike"],"score":590,"play_id":"361e5988-6001-4978-847c-99ea7005721c","local_time":"20210103160509","is_ascension_mode":false,"campfire_choices":[{"data":"theMarked:Improvise","floor":8,"key":"SMITH"},{"data":"theMarked:SoldierOfQuellstein","floor":10,"key":"SMITH"},{"floor":15,"key":"REST"},{"floor":23,"key":"REST"},{"floor":25,"key":"REST"},{"floor":32,"key":"REST"},{"floor":42,"key":"REST"},{"data":"theMarked:Abjuration","floor":46,"key":"SMITH"},{"data":"theMarked:MysticalArsenal","floor":49,"key":"SMITH"}],"circlet_count":0,"master_deck":["theMarked:Strike","theMarked:Strike","theMarked:Strike+1","theMarked:Defend","theMarked:Defend+1","theMarked:Defend+1","theMarked:Defend","theMarked:SoldierOfQuellstein+1","theMarked:Improvise+1","theMarked:SelfDefenseTraining+1","theMarked:RepellingDischarge","theMarked:Electrocute","theMarked:MysticalArsenal+1","theMarked:ThrowWeapon+1","theMarked:EternalStudent","theMarked:HeritageOfTheMarked+1","theMarked:MaelstromOfLightning+1","theMarked:BanishingWave","theMarked:TwofoldDefense+1","hubris:Fate+1","theMarked:AttractMetal+1","theMarked:Frustration","theMarked:Abjuration+1","theMarked:SwordAndMagic","theMarked:ContemptForTheProud+1","theMarked:Generate+1","theMarked:Reabsorb+1"],"relics":["theMarked:ArtifactOfAir","halation:IllGainedPizza","Gremlin Food","Orichalcum","Lantern","construct:ClawGrip","hubris:Towel","hubris:PeanutButter","Pear","Lee\u0027s Waffle","Ancient Tea Set","Blue Doll","ChewingGum","HandDrill","Gambling Chip","halation:RedSoulGem","Letter Opener","hubris:Icosahedron","Red Mask"],"acts_visited":["Exordium","TheCity","TheBeyond"],"potions_floor_usage":[6,16,30],"damage_taken":[{"damage":3,"enemies":"Jaw Worm","floor":1,"turns":4},{"damage":0,"enemies":"Cultist","floor":4,"turns":4},{"damage":7,"enemies":"Gremlin Nob","floor":6,"turns":5},{"damage":0,"enemies":"Small Slimes","floor":7,"turns":2},{"damage":1,"enemies":"Exordium Thugs","floor":12,"turns":4},{"damage":0,"enemies":"Looter","floor":13,"turns":2},{"damage":23,"enemies":"Hexaghost","floor":16,"turns":7},{"damage":10,"enemies":"2 Thieves","floor":18,"turns":5},{"damage":18,"enemies":"Cultist and Chosen","floor":20,"turns":5},{"damage":38,"enemies":"Snake Plant","floor":22,"turns":5},{"damage":0,"enemies":"Centurion and Healer","floor":24,"turns":5},{"damage":26,"enemies":"Slavers","floor":30,"turns":5},{"damage":19,"enemies":"Shelled Parasite and Fungi","floor":31,"turns":6},{"damage":0,"enemies":"Automaton","floor":33,"turns":3},{"damage":11,"enemies":"3 Darklings","floor":35,"turns":4},{"damage":0,"enemies":"3 Shapes","floor":36,"turns":3},{"damage":2,"enemies":"Spire Growth","floor":37,"turns":3},{"damage":0,"enemies":"Sphere and 2 Shapes","floor":38,"turns":3},{"damage":19,"enemies":"Nemesis","floor":40,"turns":5},{"damage":0,"enemies":"Transient","floor":47,"turns":2},{"damage":82,"enemies":"infinitespire:MassOfShapes","floor":50,"turns":5}],"seed_played":"-4238138311058126163","potions_obtained":[{"floor":3,"key":"theMarked:SummonPotion"},{"floor":3,"key":"blueLaboratory:RecallPotion"},{"floor":3,"key":"blueLaboratory:TrueEctoplasm"},{"floor":6,"key":"blueLaboratory:AbyssPotion"},{"floor":13,"key":"blueLaboratory:ImpenetrablePotion"},{"floor":20,"key":"SpeedPotion"}],"is_trial":false,"path_per_floor":["M","$","?","M","T","E","M","R","T","R","?","M","M","?","R","B",null,"M","?","M","AVR","M","R","M","R","T","$","?","$","E","M","R","B",null,"M","M","M","M","$","E","?","R","T","?","?","R","M","?","R","B"],"character_chosen":"THE_DEFAULT","items_purchased":["theMarked:SelfDefenseTraining","Lee\u0027s Waffle","Ancient Tea Set","theMarked:Generate+1","HandDrill"],"campfire_rested":5,"item_purchase_floors":[2,27,27,39,39],"current_hp_per_floor":[67,67,67,67,67,60,60,60,60,60,60,59,59,48,69,46,70,60,60,42,42,4,25,25,46,56,87,66,66,40,36,62,62,87,76,76,74,74,74,55,55,81,81,81,81,81,81,81,81,0,0],"gold":28,"neow_bonus":"RANDOM_EVENT","is_daily":false,"chose_seed":false,"campfire_upgraded":4,"win_rate":0.0,"timestamp":1609689909,"path_taken":["M","$","?","?","?","E","M","R","T","R","?","M","?","?","R","BOSS","M","?","M","AVR","M","R","M","R","T","$","?","?","E","?","R","BOSS","M","M","M","M","$","E","?","R","T","?","?","R","M","?","R","BOSS"],"items_purchased_type":["Card","Relic","Relic","Card","Relic"],"build_version":"2020-12-22","purchased_purges":3,"victory":false,"max_hp_per_floor":[70,70,70,70,70,70,70,70,70,70,70,70,70,70,70,70,70,70,70,70,70,70,70,70,70,80,87,87,87,87,87,87,87,87,87,87,87,87,87,87,87,87,87,87,87,87,87,87,87,87,87],"card_choices":[{"not_picked":["theMarked:EnhanceMovement","theMarked:TunnelVision"],"picked":"theMarked:Improvise","floor":1},{"not_picked":["theMarked:WastefulDefense","theMarked:EmpowerWeapon"],"picked":"theMarked:RepellingDischarge","floor":4},{"not_picked":["theMarked:TurnInvisible","theMarked:Convert"],"picked":"theMarked:Electrocute","floor":6},{"not_picked":["theMarked:WastefulAttack","theMarked:WastefulDefense","theMarked:SwordAndMagic"],"picked":"SKIP","floor":7},{"not_picked":["theMarked:BanishingStrike","theMarked:HeightenedSenses"],"picked":"theMarked:MysticalArsenal","floor":12},{"not_picked":["theMarked:SelfDefenseTraining","theMarked:Static"],"picked":"theMarked:ThrowWeapon","floor":13},{"not_picked":["theMarked:SoldierForm","theMarked:ChannelForce"],"picked":"theMarked:EternalStudent","floor":16},{"not_picked":["theMarked:HeightenedSenses","theMarked:WardOff"],"picked":"theMarked:HeritageOfTheMarked+1","floor":18},{"not_picked":["theMarked:Aftermath","theMarked:TwofoldDefense+1"],"picked":"theMarked:MaelstromOfLightning+1","floor":20},{"not_picked":["theMarked:ChainLightning","theMarked:MaelstromOfLightning+1"],"picked":"theMarked:BanishingWave","floor":22},{"not_picked":["theMarked:Generate","theMarked:Parkour"],"picked":"theMarked:TwofoldDefense+1","floor":24},{"not_picked":["infinitespire:Menacing","infinitespire:FinalStrike"],"picked":"hubris:Fate","floor":28},{"not_picked":["theMarked:Polarize","theMarked:StartUp"],"picked":"theMarked:AttractMetal+1","floor":30},{"not_picked":["theMarked:WardOff","theMarked:HeightenedSenses"],"picked":"theMarked:Frustration","floor":31},{"not_picked":["theMarked:BindingBlade","theMarked:SummonStrength"],"picked":"theMarked:Abjuration","floor":33},{"not_picked":["theMarked:SoldierForm","theMarked:Frustration","theMarked:Improvise"],"picked":"SKIP","floor":35},{"not_picked":["theMarked:SelfDefenseTraining","theMarked:Defy"],"picked":"theMarked:SwordAndMagic","floor":36},{"not_picked":["theMarked:WastefulDefense+1","theMarked:TwofoldDefense+1"],"picked":"theMarked:ContemptForTheProud+1","floor":37},{"not_picked":["theMarked:Opportunist","theMarked:Electrocute","theMarked:ChainLightning"],"picked":"SKIP","floor":38},{"not_picked":["theMarked:TurnInvisible","theMarked:TwofoldDefense","theMarked:ResourceFulStrike+1"],"picked":"SKIP","floor":40},{"not_picked":["theMarked:TurnInvisible","theMarked:TwofoldDefense","theMarked:ResourceFulStrike+1"],"picked":"SKIP","floor":40},{"not_picked":["theMarked:Overcharge","theMarked:PowerFlow+1"],"picked":"theMarked:Reabsorb+1","floor":47}],"player_experience":120429,"relics_obtained":[{"floor":5,"key":"Gremlin Food"},{"floor":6,"key":"Orichalcum"},{"floor":9,"key":"Lantern"},{"floor":26,"key":"Pear"},{"floor":30,"key":"Blue Doll"},{"floor":40,"key":"Gambling Chip"},{"floor":43,"key":"Letter Opener"}],"event_choices":[{"damage_healed":0,"gold_gain":0,"player_choice":"Box","damage_taken":0,"relics_obtained":["halation:IllGainedPizza"],"max_hp_gain":0,"max_hp_loss":0,"event_name":"Big Fish","floor":0,"gold_loss":0,"cards_obtained":["Regret"]},{"damage_healed":0,"gold_gain":0,"player_choice":"Got Potions","damage_taken":0,"max_hp_gain":0,"max_hp_loss":0,"event_name":"Lab","floor":3,"gold_loss":0},{"damage_healed":0,"gold_gain":0,"player_choice":"Ignored","damage_taken":0,"max_hp_gain":0,"max_hp_loss":0,"event_name":"NoteForYourself","floor":11,"gold_loss":0},{"damage_healed":0,"gold_gain":75,"player_choice":"Gold","damage_taken":11,"max_hp_gain":0,"max_hp_loss":0,"event_name":"betterThird:BetterGoop","floor":14,"gold_loss":0},{"damage_healed":0,"gold_gain":0,"player_choice":"Paid","damage_taken":0,"relics_obtained":["Red Mask"],"max_hp_gain":0,"max_hp_loss":0,"event_name":"Tomb of Lord Red Mask","floor":48,"gold_loss":90}],"is_beta":false,"boss_relics":[{"not_picked":["Runic Pyramid","Astrolabe"],"picked":"construct:ClawGrip"},{"not_picked":["halation:Prosthetics","halation:Yufonium"],"picked":"ChewingGum"}],"items_purged_floors":[2,21,27],"is_endless":false,"potions_floor_spawned":[6,12,13,20,30,33,38],"killed_by":"infinitespire:MassOfShapes","ascension_level":0}}