{"host":"r6jigiblrojhp6xe","time":1609661778,"event":{"mods":["AchievementEnabler","BaseMod","DeckTracker","Minty Spire (QoL Compilation)","Quick Restart","Rare Cards Sparkle","Relic Stats","StSLib","SuperFastMode","The Cursed","everything is the same but u backflip on backflip"],"gold_per_floor":[114,131,143,143,123,123,167,167,167,191,210,233,70,85,85,85,85],"floor_reached":16,"playtime":417,"items_purged":["Defend_G"],"score":208,"play_id":"17be84b3-ec60-43db-ae55-b03f44a97133","local_time":"20210103171618","is_ascension_mode":true,"campfire_choices":[{"data":"Cloak And Dagger","floor":6,"key":"SMITH"},{"data":"Panache","floor":8,"key":"SMITH"},{"data":"Accuracy","floor":15,"key":"SMITH"}],"circlet_count":0,"master_deck":["AscendersBane","Strike_G","Strike_G","Strike_G","Strike_G","Strike_G","Defend_G","Defend_G","Defend_G","Defend_G","Survivor","Neutralize","Panache+1","Cloak And Dagger+1","Escape Plan","Backflip","PiercingWail","Accuracy+1","Terror"],"relics":["Ring of the Snake","Golden Idol","Calipers","Ginger"],"acts_visited":["Exordium"],"potions_floor_usage":[7],"damage_taken":[{"damage":3,"enemies":"2 Louse","floor":1,"turns":3},{"damage":0,"enemies":"Cultist","floor":2,"turns":3},{"damage":0,"enemies":"Small Slimes","floor":3,"turns":4},{"damage":19,"enemies":"3 Sentries","floor":7,"turns":13},{"damage":0,"enemies":"Looter","floor":10,"turns":4},{"damage":3,"enemies":"Blue Slaver","floor":11,"turns":3},{"damage":3,"enemies":"Red Slaver","floor":12,"turns":4},{"damage":3,"enemies":"Large Slime","floor":14,"turns":5},{"damage":13,"enemies":"Hexaghost","floor":16,"turns":7}],"seed_played":"7296742048462131441","potions_obtained":[{"floor":2,"key":"SteroidPotion"},{"floor":5,"key":"DuplicationPotion"},{"floor":7,"key":"Block Potion"},{"floor":12,"key":"EntropicBrew"}],"is_trial":false,"path_per_floor":["M","M","M","?","?","R","E","R","T","M","M","M","$","M","R","B"],"character_chosen":"THE_SILENT","items_purchased":["Accuracy"],"campfire_rested":0,"item_purchase_floors":[13],"current_hp_per_floor":[41,41,41,41,41,41,22,22,22,22,19,16,16,13,13,0,0],"gold":85,"neow_bonus":"RANDOM_COLORLESS_2","is_daily":false,"chose_seed":false,"campfire_upgraded":3,"win_rate":0.0,"timestamp":1609661778,"path_taken":["M","M","M","?","?","R","E","R","T","M","?","M","?","M","R","BOSS"],"items_purchased_type":["Card"],"build_version":"2020-12-22","purchased_purges":1,"victory":false,"max_hp_per_floor":[66,66,66,60,60,60,60,60,60,60,60,60,60,60,60,60,60],"relic_stats":{"counters":[9,46],"Golden Idol":26,"Ginger":[0],"obtain_stats":[{"Calipers":7,"Golden Idol":4,"Ginger":9,"Ring of the Snake":0},{"Calipers":4,"Golden Idol":3,"Ginger":4,"Ring of the Snake":0},{"Calipers":23,"Golden Idol":10,"Ginger":23,"Ring of the Snake":0}],"Ring of the Snake":[18]},"card_choices":[{"not_picked":["Magnetism","The Bomb"],"picked":"Panache","floor":0},{"not_picked":["Deflect","Acrobatics"],"picked":"Cloak And Dagger","floor":1},{"not_picked":["Dodge and Roll","Skewer"],"picked":"Escape Plan","floor":2},{"not_picked":["Deadly Poison","Distraction","Poisoned Stab"],"picked":"SKIP","floor":3},{"not_picked":["Flying Knee","Deflect","A Thousand Cuts"],"picked":"SKIP","floor":7},{"not_picked":["Bane","Prepared","Setup"],"picked":"SKIP","floor":10},{"not_picked":["All Out Attack","Slice"],"picked":"Backflip","floor":11},{"not_picked":["Riddle With Holes","Underhanded Strike"],"picked":"PiercingWail","floor":12},{"not_picked":["Sucker Punch","Catalyst"],"picked":"Terror","floor":14}],"player_experience":562517,"relics_obtained":[{"floor":7,"key":"Calipers"},{"floor":9,"key":"Ginger"}],"event_choices":[{"damage_healed":0,"gold_gain":0,"player_choice":"Lose Max HP","damage_taken":0,"relics_obtained":["Golden Idol"],"max_hp_gain":0,"max_hp_loss":6,"event_name":"Golden Idol","floor":4,"gold_loss":0},{"damage_healed":0,"gold_gain":0,"player_choice":"Bought 1 Potion","damage_taken":0,"max_hp_gain":0,"max_hp_loss":0,"event_name":"The Woman in Blue","floor":5,"gold_loss":0}],"is_beta":false,"boss_relics":[],"items_purged_floors":[13],"is_endless":false,"potions_floor_spawned":[2,7,11,12],"killed_by":"Hexaghost","ascension_level":20}}