{"host":"utqe55yv0jihe4d6","time":1609633222,"event":{"mods":["2.2 Compatiblity","AchievementEnabler","BaseMod","Block Reminder","Colored Map","Colored Powertips","Minty Spire (QoL Compilation)","Quick Restart","Rare Cards Sparkle","Relic Stats","SuperFastMode"],"gold_per_floor":[119,138,6,24,43,76,88,125,161,173,185,209,246,258,270,282,282],"floor_reached":16,"playtime":519,"items_purged":["Decay"],"score":240,"play_id":"70af54ec-1ad3-4930-a718-08c64b765bf0","local_time":"20210102192022","is_ascension_mode":true,"campfire_choices":[{"floor":7,"key":"REST"},{"floor":10,"key":"REST"},{"floor":15,"key":"REST"}],"circlet_count":0,"master_deck":["AscendersBane","Strike_R","Strike_R","Strike_R","Strike_R","Defend_R","Defend_R","Defend_R","Bash","Inflame+1","Feel No Pain","Uppercut","Pommel Strike","Headbutt","Feel No Pain","Disarm","Metallicize","Sword Boomerang"],"relics":["Burning Blood","MawBank","Regal Pillow","Art of War","Juzu Bracelet"],"acts_visited":["Exordium"],"potions_floor_usage":[6,6],"damage_taken":[{"damage":6,"enemies":"Cultist","floor":1,"turns":3},{"damage":13,"enemies":"2 Louse","floor":2,"turns":3},{"damage":12,"enemies":"Jaw Worm","floor":4,"turns":3},{"damage":28,"enemies":"Exordium Wildlife","floor":5,"turns":4},{"damage":35,"enemies":"Lagavulin","floor":6,"turns":5},{"damage":23,"enemies":"Gremlin Nob","floor":8,"turns":4},{"damage":25,"enemies":"Lots of Slimes","floor":12,"turns":6},{"damage":20,"enemies":"3 Sentries","floor":13,"turns":9},{"damage":66,"enemies":"Slime Boss","floor":16,"turns":9}],"seed_played":"-2140844523907685166","potions_obtained":[{"floor":2,"key":"BloodPotion"},{"floor":12,"key":"FearPotion"},{"floor":13,"key":"BlessingOfTheForge"}],"is_trial":false,"path_per_floor":["M","M","$","M","M","E","R","E","T","R","?","M","E","$","R","B"],"character_chosen":"IRONCLAD","items_purchased":["AttackPotion"],"campfire_rested":3,"item_purchase_floors":[3],"current_hp_per_floor":[68,61,61,55,33,19,41,24,24,61,61,42,28,28,65,0,0],"gold":282,"neow_bonus":"TRANSFORM_TWO_CARDS","is_daily":false,"chose_seed":false,"campfire_upgraded":0,"win_rate":0.0,"timestamp":1609633222,"path_taken":["M","?","$","M","M","E","R","E","T","R","?","M","E","?","R","BOSS"],"items_purchased_type":["Potion"],"build_version":"2020-12-22","purchased_purges":1,"victory":false,"max_hp_per_floor":[75,75,75,75,75,75,75,75,75,75,75,75,75,75,75,75,75],"relic_stats":{"Regal Pillow":30,"counters":[9,46],"Art of War":[1],"Juzu Bracelet":0,"MawBank":120,"obtain_stats":[{"Regal Pillow":8,"Art of War":9,"Juzu Bracelet":13,"MawBank":6,"Burning Blood":0},{"Regal Pillow":6,"Art of War":6,"Juzu Bracelet":8,"MawBank":5,"Burning Blood":0},{"Regal Pillow":22,"Art of War":22,"Juzu Bracelet":37,"MawBank":18,"Burning Blood":0}],"Burning Blood":48},"card_choices":[{"not_picked":["Hemokinesis","Shrug It Off"],"picked":"Uppercut","floor":1},{"not_picked":["Blood for Blood","Dark Embrace"],"picked":"Pommel Strike","floor":2},{"not_picked":["Bloodletting","Shrug It Off"],"picked":"Headbutt","floor":4},{"not_picked":["Cleave","Entrench"],"picked":"Feel No Pain","floor":5},{"not_picked":["Shockwave","Headbutt"],"picked":"Disarm","floor":6},{"not_picked":["Uppercut","Armaments"],"picked":"Metallicize","floor":8},{"not_picked":["Cleave","Sword Boomerang","Iron Wave"],"picked":"SKIP","floor":12},{"not_picked":["Havoc","Sever Soul"],"picked":"Sword Boomerang","floor":13}],"player_experience":2921200,"relics_obtained":[{"floor":6,"key":"MawBank"},{"floor":8,"key":"Regal Pillow"},{"floor":9,"key":"Art of War"},{"floor":13,"key":"Juzu Bracelet"}],"event_choices":[{"damage_healed":0,"gold_gain":0,"player_choice":"Upgraded","damage_taken":0,"max_hp_gain":0,"max_hp_loss":0,"event_name":"Upgrade Shrine","floor":11,"gold_loss":0,"cards_upgraded":["Inflame"]}],"is_beta":false,"boss_relics":[],"items_purged_floors":[3],"is_endless":false,"potions_floor_spawned":[2,12,13],"killed_by":"Slime Boss","ascension_level":20}}