{"host":"tfp298o0a6uof1l0","time":1609668814,"event":{"mods":["Arknights The Spire","BaseMod","Colored Powertips","Friendly Minions","Lobotomy","Minty Spire (QoL Compilation)","StSLib"],"gold_per_floor":[211,59,234,36,36,67,67,19,19,94,70,70,84,105,105,231,231,247,91,91,91,91,91],"floor_reached":22,"playtime":1255,"items_purged":["Doubt"],"score":178,"play_id":"f21fd02c-2164-4ded-8f63-ed6344e1e302","local_time":"20210103191334","is_ascension_mode":false,"campfire_choices":[{"data":"ats:Mental Burst","floor":7.0,"key":"SMITH"},{"floor":15.0,"key":"REST"}],"circlet_count":0,"master_deck":["ats:Strike C","ats:Strike G","ats:Strike S","ats:Strike V","ats:Armor Crushing Shot","ats:Defend","ats:Defend","ats:Defend","ats:Defend","ats:Emotion Absorption","ats:Mental Burst+1","ats:Curse Doll","ats:Hook Shot","ats:Assault Order","ats:Ignite","ats:Apocalypse","ats:Apocalypse","ats:Fractured Body","ats:Soul Absorption","J.A.X.","ats:Mental Burst"],"relics":["ats:Sanity","ats:Support","Golden Idol","ats:Originium","Potion Belt","Nunchaku","ats:Tactical Delivery","Lantern"],"acts_visited":["Exordium","TheCity"],"potions_floor_usage":[],"damage_taken":[{"damage":0.0,"enemies":"Small Slimes","floor":1.0,"turns":3.0},{"damage":25.0,"enemies":"Lagavulin","floor":6.0,"turns":6.0},{"damage":0.0,"enemies":"2 Louse","floor":13.0,"turns":1.0},{"damage":8.0,"enemies":"Jaw Worm","floor":14.0,"turns":3.0},{"damage":36.0,"enemies":"Hexaghost","floor":16.0,"turns":9.0},{"damage":76.0,"enemies":"Chosen","floor":18.0,"turns":3.0},{"damage":0,"enemies":"Shell Parasite","floor":22,"turns":1}],"seed_played":"3947870997476404169","potions_obtained":[{"floor":14.0,"key":"ats:Emergency Sanity Potion"}],"is_trial":false,"path_per_floor":["M","$","?","$","?","E","R","$","T","?","$","?","M","M","R","B",null,"M","$","?","?","M"],"character_chosen":"DOCTOR_CLASS","items_purchased":["ats:Support","ats:Curse Doll","ats:Hook Shot","ats:Ignite","ats:Apocalypse","Lantern"],"campfire_rested":1,"item_purchase_floors":[2,4,4,8,11,19],"current_hp_per_floor":[72,72,72,72,54,29,29,29,29,18,18,23,23,19,42,22,77,5,5,5,5,5,5],"gold":91,"neow_bonus":"HUNDRED_GOLD","is_daily":false,"chose_seed":false,"campfire_upgraded":1,"win_rate":0.0,"timestamp":1609668814,"path_taken":["M","$","?","$","?","E","R","$","T","?","?","?","M","M","R","BOSS","M","$","?","?","?"],"items_purchased_type":["Relic","Card","Card","Card","Card","Card"],"build_version":"2020-12-22","purchased_purges":1,"victory":false,"max_hp_per_floor":[72,72,72,72,72,72,72,72,72,72,72,77,77,77,77,77,77,77,77,77,77,77,77],"card_choices":[{"not_picked":["ats:Consecutive Shot Auto","ats:Magnetic Hammer"],"picked":"ats:Mental Burst","floor":1.0},{"not_picked":["ats:Ignite","ats:Sunburst"],"picked":"ats:Assault Order","floor":6.0},{"not_picked":["ats:Neurotoxin","ats:Flexible Camouflage","ats:Steam Pump"],"picked":"SKIP","floor":13.0},{"not_picked":["ats:Chain Hook","ats:LN2 Cannon"],"picked":"ats:Apocalypse","floor":14.0},{"not_picked":["ats:Calcification","ats:Soul Rend"],"picked":"ats:Fractured Body","floor":16.0},{"not_picked":["ats:Leaping Hammer","ats:Explosion Area Strengthen+1"],"picked":"ats:Soul Absorption","floor":18.0}],"player_experience":218374,"relics_obtained":[{"floor":6.0,"key":"ats:Originium"},{"floor":6.0,"key":"Potion Belt"},{"floor":9.0,"key":"Nunchaku"}],"event_choices":[{"damage_healed":0.0,"max_hp_gain":0.0,"max_hp_loss":0.0,"gold_gain":175.0,"event_name":"Liars Game","player_choice":"AGREE","floor":3.0,"gold_loss":0.0,"damage_taken":0.0,"cards_obtained":["Doubt"]},{"damage_healed":0.0,"max_hp_gain":0.0,"max_hp_loss":0.0,"gold_gain":0.0,"event_name":"Golden Idol","player_choice":"Take Damage","floor":5.0,"gold_loss":0.0,"damage_taken":18.0,"relics_obtained":["Golden Idol"]},{"damage_healed":0.0,"max_hp_gain":0.0,"max_hp_loss":0.0,"gold_gain":75.0,"event_name":"World of Goop","player_choice":"Gather Gold","floor":10.0,"gold_loss":0.0,"damage_taken":11.0},{"damage_healed":0.0,"max_hp_gain":5.0,"max_hp_loss":0.0,"gold_gain":0.0,"event_name":"Big Fish","player_choice":"Donut","floor":12.0,"gold_loss":0.0,"damage_taken":0.0},{"damage_healed":0.0,"max_hp_gain":0.0,"max_hp_loss":0.0,"gold_gain":0.0,"event_name":"Drug Dealer","player_choice":"Obtain J.A.X.","floor":20.0,"gold_loss":0.0,"damage_taken":0.0,"cards_obtained":["J.A.X."]},{"damage_healed":0,"gold_gain":0,"player_choice":"1 cards matched","damage_taken":0,"max_hp_gain":0,"max_hp_loss":0,"event_name":"Match and Keep!","floor":21,"gold_loss":0,"cards_obtained":["ats:Mental Burst"]}],"is_beta":false,"boss_relics":[{"not_picked":["Ectoplasm","ats:Sanity Plus"],"picked":"ats:Tactical Delivery"}],"items_purged_floors":[4],"is_endless":false,"potions_floor_spawned":[14],"killed_by":"Shell Parasite","ascension_level":0}}