{"host":"982s3gyyw86tgeig","time":1609671697,"event":{"mods":["AchievementEnabler","Act Like it!","Aspiration","BaseMod","Colored Powertips","Downfall","Evolution","GifTheSpireLib","Hermit","Hubris","Minty Spire (QoL Compilation)","Pale of the Ancients","Rare Cards Sparkle","Relic Stats","Replay The Spire","StSLib","Stuff the Spire","The Cursed","The Disciple","The IronCluck","The Saiyan","vexMod"],"gold_per_floor":[99,99,99,99,165,165,192,218,238,238,132,147,162,176,195,195,195,195],"floor_reached":16,"playtime":1281,"items_purged":[],"score":125,"play_id":"f405d721-a876-44e0-9ea4-31fc58cd47f2","local_time":"20210103030137","is_ascension_mode":false,"campfire_choices":[{"data":"hexamod:Float","floor":1,"key":"SMITH"},{"floor":6,"key":"REST"}],"circlet_count":0,"master_deck":["hexamod:Strike","hexamod:Strike","hexamod:Strike","hexamod:Defend","hexamod:Defend","hexamod:Defend","hexamod:Defend","hexamod:Sear","hexamod:Float+1","hexamod:HauntingEcho","hexamod:GhostShield","hexamod:InspiringFlames","hexamod:FirstSeal","hexamod:FourthSeal","hexamod:HeatCrush","hexamod:RainOfEmbers","hexamod:EmpoweredFlame","hexamod:ThermalTransfer","hexamod:SwordOfDarkness","hexamod:SwordOfDarkness","hexamod:GhostflameInferno"],"relics":["hexamod:SpiritBrand","EVO:Axolotl","downfall:HeartsMalice","Matryoshka","hubris:Metronome","Lantern"],"acts_visited":["Exordium"],"potions_floor_usage":[11,11,13,15],"damage_taken":[{"damage":0,"enemies":"Jaw Worm","floor":2,"turns":1},{"damage":0,"enemies":"Small Slimes","floor":3,"turns":1},{"damage":0,"enemies":"Gremlin Nob","floor":8,"turns":1},{"damage":0,"enemies":"Cultist","floor":9,"turns":3},{"damage":0,"enemies":"downfall:FleeingMerchant","floor":11,"turns":4},{"damage":4,"enemies":"2 Fungi Beasts","floor":12,"turns":4},{"damage":5,"enemies":"Exordium Thugs","floor":13,"turns":4},{"damage":6,"enemies":"Exordium Wildlife","floor":14,"turns":3},{"damage":8,"enemies":"Gremlin Gang","floor":15,"turns":4},{"damage":59,"enemies":"downfall:Defect","floor":16,"turns":6}],"seed_played":"2855452157252991564","potions_obtained":[{"floor":4,"key":"Milkshake"},{"floor":5,"key":"hexamod:InfernoChargePotion"},{"floor":8,"key":"AttackPotion"},{"floor":11,"key":"LiquidMemories"},{"floor":12,"key":"Dexterity Potion"},{"floor":12,"key":"hexamod:DoubleChargePotion"},{"floor":13,"key":"Fire Potion"},{"floor":13,"key":"Elixir"},{"floor":15,"key":"Weak Potion"}],"is_trial":false,"path_per_floor":["R","M","M","?","?","R","T","E","M","?","$","M","M","M","M","B"],"character_chosen":"THE_SPIRIT","items_purchased":["hexamod:RainOfEmbers","hexamod:EmpoweredFlame"],"campfire_rested":1,"item_purchase_floors":[11,11],"current_hp_per_floor":[70,70,70,70,42,63,63,63,70,70,70,70,65,59,58,0,0,0],"gold":195,"neow_bonus":"THREE_ENEMY_KILL","is_daily":false,"chose_seed":false,"campfire_upgraded":1,"win_rate":0.0,"timestamp":1609671697,"path_taken":["R","M","M","?","?","R","T","E","M","?","$","M","M","M","M","BOSS"],"items_purchased_type":["Card","Card"],"build_version":"2020-12-22","purchased_purges":0,"victory":false,"max_hp_per_floor":[70,70,70,70,70,70,70,70,70,70,70,70,70,70,70,70,70,70],"relic_stats":{"counters":[10,28],"obtain_stats":[{"hubris:Metronome":7,"Lantern":8,"Matryoshka":5,"downfall:HeartsMalice":0,"EVO:Axolotl":0,"hexamod:SpiritBrand":0},{"hubris:Metronome":2,"Lantern":3,"Matryoshka":2,"downfall:HeartsMalice":0,"EVO:Axolotl":0,"hexamod:SpiritBrand":0},{"hubris:Metronome":0,"Lantern":0,"Matryoshka":0,"downfall:HeartsMalice":0,"EVO:Axolotl":0,"hexamod:SpiritBrand":0}]},"card_choices":[{"not_picked":["hexamod:ThermalTransfer","hexamod:Rewind"],"picked":"hexamod:HauntingEcho","floor":2},{"not_picked":["hexamod:ShieldOfDarkness","hexamod:HeatMetal"],"picked":"hexamod:GhostShield","floor":3},{"not_picked":["hexamod:SwordOfDarkness","hexamod:StepThrough"],"picked":"hexamod:InspiringFlames","floor":5},{"not_picked":["hexamod:GhostOfSpireFuture","hexamod:GhostLash"],"picked":"hexamod:FirstSeal","floor":8},{"not_picked":["hexamod:BurningTouch","hexamod:GhostShield"],"picked":"hexamod:FourthSeal","floor":9},{"not_picked":["hexamod:Rewind","hexamod:ThermalTransfer"],"picked":"hexamod:HeatCrush","floor":11},{"not_picked":["hexamod:NightmareGuise","hexamod:GhostLash"],"picked":"hexamod:ThermalTransfer","floor":12},{"not_picked":["hexamod:StepThrough","hexamod:FastForward"],"picked":"hexamod:SwordOfDarkness","floor":13},{"not_picked":["hexamod:SpectralAdrenaline","hexamod:GhostOfSpirePast"],"picked":"hexamod:SwordOfDarkness","floor":14},{"not_picked":["hexamod:SwordOfDarkness","hexamod:HauntingEcho"],"picked":"hexamod:GhostflameInferno","floor":15}],"player_experience":65898,"relics_obtained":[{"floor":5,"key":"Matryoshka"},{"floor":7,"key":"hubris:Metronome"},{"floor":8,"key":"Lantern"}],"event_choices":[{"cards_removed":["hexamod:Strike"],"damage_healed":0,"gold_gain":0,"player_choice":"Purged","damage_taken":0,"max_hp_gain":0,"max_hp_loss":0,"event_name":"Purifier","floor":10,"gold_loss":0}],"is_beta":false,"boss_relics":[],"items_purged_floors":[],"is_endless":false,"potions_floor_spawned":[8,12,13,15],"killed_by":"downfall:Defect","ascension_level":0}}