{"host":"kfzb6d1vwx0oeud7","time":1609701115,"event":{"mods":["BaseMod","Downfall","Marisa????????","Minty Spire (QoL Compilation)","StSLib","The Cursed","The Servant 0.9.4"],"gold_per_floor":[113,113,30,106,118,143,163,163,163,163,163,183,33,66,66,180,180,193,193,213,24,40,40,58,77,128,146,156,56,91,120,120,232,232,259,270,270,270,280,280,319,319,319,319,350,398,398,413,413,413,413,413,27,56,56,56],"floor_reached":55,"playtime":6612,"items_purged":["Regret","Wraith"],"score":721,"play_id":"d447df56-fe22-4294-be9d-07732d0a811d","local_time":"20210103141155","is_ascension_mode":false,"campfire_choices":[{"data":"expansioncontent:GoopSpray","floor":8,"key":"SMITH"},{"data":"MasterSpark","floor":11,"key":"SMITH"},{"data":"UltimateShortwave","floor":15,"key":"SMITH"},{"data":"OortCloud","floor":23,"key":"SMITH"},{"floor":32,"key":"REST"},{"data":"CollectingQuirk","floor":40,"key":"SMITH"},{"floor":42,"key":"RECALL"},{"data":"expansioncontent:DefensiveStance","floor":49,"key":"SMITH"},{"data":"MysteriousBeam","floor":52,"key":"SMITH"}],"circlet_count":0,"master_deck":["MasterSpark+1","UpSweep","MilkyWay","expansioncontent:GoopSpray+1","NonDirectionalLaser","6A","GalacticHalo+1","WitchOfGreed","UltimateShortwave+1","MysteriousBeam+1","UltimateShortwave+1","MagicChant+1","GasGiant","expansioncontent:ChargeUp","MysteriousBeam","GasGiant+1","OortCloud+1","GravityBeat+1","AlicesGift","MaximisePower","GravityBeat+1","IllusionStar","ShootingEcho+1","DC+1","ManaRampage","BigCrunch","ShootTheMoon","GalacticHalo","SporeBomb","CollectingQuirk+1","MeteoricShower","MagicAbsorber","GrandCross","EnergyFlow+1","MilkyWay+1","AsteroidBelt","Singularity+1","expansioncontent:DefensiveStance+1","MysteriousBeam+1","Madness","Madness","UnstableBomb+1","IllusionStar+1"],"relics":["MiniHakkero","GremlinMask","Eternal Feather","Torii","Mercury Hourglass","White Beast Statue","SacredBark","Happy Flower","Pandora\u0027s Box","Vajra","Letter Opener","Peace Pipe","War Paint","Oddly Smooth Stone","Blood Vial"],"acts_visited":["Exordium","TheCity","TheBeyond","TheEnding"],"potions_floor_usage":[16,18,20,20,24,25,27,30,30,31,31,33,36,39,41,41,45,50,50,50,54,54,55],"damage_taken":[{"damage":1,"enemies":"Cultist","floor":1,"turns":4},{"damage":3,"enemies":"Jaw Worm","floor":5,"turns":3},{"damage":26,"enemies":"Lagavulin","floor":6,"turns":6},{"damage":0,"enemies":"2 Louse","floor":7,"turns":2},{"damage":11,"enemies":"2 Fungi Beasts","floor":12,"turns":3},{"damage":1,"enemies":"Red Slaver","floor":14,"turns":2},{"damage":10,"enemies":"The Guardian","floor":16,"turns":9},{"damage":0,"enemies":"3 Byrds","floor":18,"turns":4},{"damage":9,"enemies":"2 Thieves","floor":20,"turns":2},{"damage":23,"enemies":"Shelled Parasite and Fungi","floor":22,"turns":6},{"damage":2,"enemies":"Centurion and Healer","floor":24,"turns":5},{"damage":0,"enemies":"3 Cultists","floor":25,"turns":2},{"damage":0,"enemies":"Sentry and Sphere","floor":27,"turns":3},{"damage":4,"enemies":"Cultist and Chosen","floor":28,"turns":4},{"damage":9,"enemies":"Gremlin Leader","floor":30,"turns":5},{"damage":16,"enemies":"Centurion and Healer","floor":31,"turns":6},{"damage":34,"enemies":"Collector","floor":33,"turns":10},{"damage":2,"enemies":"3 Shapes","floor":35,"turns":5},{"damage":8,"enemies":"Orb Walker","floor":36,"turns":2},{"damage":17,"enemies":"Spire Growth","floor":39,"turns":4},{"damage":16,"enemies":"3 Darklings","floor":41,"turns":4},{"damage":1,"enemies":"Nemesis","floor":45,"turns":3},{"damage":16,"enemies":"Sphere and 2 Shapes","floor":48,"turns":4},{"damage":70,"enemies":"Awakened One","floor":50,"turns":7},{"damage":61,"enemies":"Shield and Spear","floor":54,"turns":7},{"damage":23,"enemies":"The Heart","floor":55,"turns":3}],"seed_played":"4345302322742072536","potions_obtained":[{"floor":5,"key":"Dexterity Potion"},{"floor":7,"key":"Block Potion"},{"floor":12,"key":"PowerPotion"},{"floor":14,"key":"Explosive Potion"},{"floor":16,"key":"sneckomod:MuddlingPotion"},{"floor":18,"key":"Slimebound:ThreeZeroPotion"},{"floor":20,"key":"ShroomBrew"},{"floor":22,"key":"SkillPotion"},{"floor":24,"key":"BottledSpark"},{"floor":25,"key":"Energy Potion"},{"floor":27,"key":"SpeedPotion"},{"floor":28,"key":"Explosive Potion"},{"floor":30,"key":"SkillPotion"},{"floor":31,"key":"FearPotion"},{"floor":33,"key":"LiquidMemories"},{"floor":33,"key":"Fire Potion"},{"floor":35,"key":"CultistPotion"},{"floor":36,"key":"BlessingOfTheForge"},{"floor":39,"key":"FearPotion"},{"floor":41,"key":"champ:CounterPotion"},{"floor":41,"key":"Strength Potion"},{"floor":45,"key":"Block Potion"},{"floor":54,"key":"Explosive Potion"}],"is_trial":false,"path_per_floor":["M","?","$","T","M","E","M","R","T","?","R","M","$","M","R","B",null,"M","?","M","$","M","R","M","M","T","M","M","$","E","M","R","B",null,"M","M","?","T","M","R","M","R","T","?","E","T","?","M","R","B",null,"R","$","E","B"],"character_chosen":"MARISA","items_purchased":["expansioncontent:GoopSpray","UltimateShortwave","expansioncontent:ChargeUp","MysteriousBeam","GasGiant","LiquidBronze","IllusionStar","EssenceOfSteel","Oddly Smooth Stone","sneckomod:MuddlingPotion"],"campfire_rested":1,"item_purchase_floors":[3,13,21,21,21,29,29,53,53,53],"current_hp_per_floor":[81,81,81,81,78,52,52,61,61,61,70,59,59,58,67,57,82,82,82,73,73,50,65,63,63,63,63,59,59,50,34,76,42,82,80,72,72,72,55,76,60,81,81,81,80,80,70,54,78,8,82,82,82,21,0,0],"gold":56,"neow_bonus":"TEN_PERCENT_HP_BONUS","is_daily":false,"chose_seed":false,"campfire_upgraded":7,"win_rate":0.0,"timestamp":1609701115,"path_taken":["M","?","?","?","M","E","M","R","T","?","R","M","$","M","R","BOSS","M","?","M","$","M","R","M","?","T","M","M","$","E","M","R","BOSS","M","M","?","?","?","R","M","R","T","?","E","?","?","M","R","BOSS","R","$","E","BOSS"],"items_purchased_type":["Card","Card","Card","Card","Card","Potion","Card","Potion","Relic","Potion"],"build_version":"2020-12-22","purchased_purges":2,"victory":false,"max_hp_per_floor":[82,82,82,82,82,82,82,82,82,82,82,82,82,82,82,82,82,82,82,82,82,82,82,82,82,82,82,82,82,82,82,82,82,82,82,82,82,82,82,82,82,82,82,82,82,82,82,82,82,82,82,82,82,82,82,82],"card_choices":[{"not_picked":["MagicChant","RefractionSpark"],"picked":"MilkyWay","floor":1},{"not_picked":["ShootTheMoon","UnstableBomb"],"picked":"NonDirectionalLaser","floor":5},{"not_picked":["PowerUp","NonDirectionalLaser"],"picked":"6A","floor":6},{"not_picked":["Acceleration","ShootingEcho"],"picked":"GalacticHalo","floor":7},{"not_picked":["LuminesStrike","GravityBeat"],"picked":"WitchOfGreed","floor":12},{"not_picked":["MachineGunSpark","SporeBomb"],"picked":"MysteriousBeam","floor":14},{"not_picked":["AbsoluteMagnitude","ManaRampage"],"picked":"UltimateShortwave","floor":16},{"not_picked":["ShootingEcho","GasGiant"],"picked":"MagicChant+1","floor":18},{"not_picked":["PowerUp","DoubleSpark"],"picked":"GasGiant","floor":20},{"not_picked":["AsteroidBelt","EarthLightRay"],"picked":"OortCloud","floor":22},{"not_picked":["DarkSpark+1","StarBarrage"],"picked":"GravityBeat+1","floor":24},{"not_picked":["ShootingEcho","PropBag"],"picked":"AlicesGift","floor":25},{"not_picked":["IllusionStar","AsteroidBelt"],"picked":"MaximisePower","floor":27},{"not_picked":["UnstableBomb","GalacticHalo"],"picked":"GravityBeat+1","floor":28},{"not_picked":["PulseMagic","WitchOfGreed"],"picked":"ShootingEcho+1","floor":30},{"not_picked":["SporeBomb","Acceleration+1"],"picked":"DC+1","floor":31},{"not_picked":["MillisecondPulsars","SatelliteIllusion"],"picked":"ManaRampage","floor":33},{"not_picked":["PowerUp","GravityBeat"],"picked":"EnergyFlow+1","floor":35},{"not_picked":["GrandCross","EventHorizon"],"picked":"MilkyWay+1","floor":36},{"not_picked":["Occultation","DC+1"],"picked":"AsteroidBelt","floor":39},{"not_picked":["LuminesStrike","MagicChant+1"],"picked":"Singularity+1","floor":41},{"not_picked":["expansioncontent:ManipulateTime","Discovery"],"picked":"expansioncontent:DefensiveStance","floor":44},{"not_picked":["SporeBomb+1","ShootingEcho"],"picked":"MysteriousBeam+1","floor":45},{"not_picked":["WitchOfGreed","ChargeUpSpray+1"],"picked":"UnstableBomb+1","floor":48},{"not_picked":["CasketOfStar","WitchOfGreed+1"],"picked":"IllusionStar+1","floor":54}],"player_experience":363955,"relics_obtained":[{"floor":4,"key":"Eternal Feather"},{"floor":6,"key":"Torii"},{"floor":9,"key":"Mercury Hourglass"},{"floor":30,"key":"Happy Flower"},{"floor":38,"key":"Vajra"},{"floor":43,"key":"Letter Opener"},{"floor":45,"key":"Peace Pipe"},{"floor":46,"key":"War Paint"},{"floor":54,"key":"Blood Vial"}],"event_choices":[{"damage_healed":0,"gold_gain":0,"player_choice":"Trade","damage_taken":0,"relics_obtained":["GremlinMask"],"max_hp_gain":0,"max_hp_loss":0,"event_name":"FaceTrader","floor":2,"gold_loss":0},{"damage_healed":0,"gold_gain":0,"player_choice":"Box","damage_taken":0,"relics_obtained":["White Beast Statue"],"max_hp_gain":0,"max_hp_loss":0,"event_name":"Big Fish","floor":10,"gold_loss":0,"cards_obtained":["Regret"]},{"damage_healed":0,"gold_gain":0,"player_choice":"Upgraded","damage_taken":0,"max_hp_gain":0,"max_hp_loss":0,"event_name":"Upgrade Shrine","floor":19,"gold_loss":0,"cards_upgraded":["UltimateShortwave"]},{"damage_healed":0,"gold_gain":0,"player_choice":"Ignored","damage_taken":0,"max_hp_gain":0,"max_hp_loss":0,"event_name":"OrinTheCat","floor":37,"gold_loss":0},{"damage_healed":0,"gold_gain":0,"player_choice":"Memory 1","damage_taken":0,"max_hp_gain":0,"max_hp_loss":0,"event_name":"SensoryStone","floor":44,"gold_loss":0},{"damage_healed":0,"gold_gain":0,"player_choice":"Embrace Madness","damage_taken":10,"max_hp_gain":0,"max_hp_loss":0,"event_name":"Winding Halls","floor":47,"gold_loss":0,"cards_obtained":["Madness","Madness"]}],"is_beta":false,"boss_relics":[{"not_picked":["Fusion Hammer","Runic Dome"],"picked":"SacredBark"},{"not_picked":["Sozu","Snecko Eye"],"picked":"Pandora\u0027s Box"}],"items_purged_floors":[13,53],"is_endless":false,"potions_floor_spawned":[5,7,12,14,16,18,20,22,24,25,27,28,30,31,33,35,36,39,41,45,48,54],"killed_by":"The Heart","ascension_level":0}}