{"host":"g01l53quoe6lrer0","time":1609710400,"event":{"mods":["2.2 Compatiblity","AchievementEnabler","BaseMod","Colored Map","Highlight Path","Keyboard Shortcuts","Minty Spire (QoL Compilation)","Permanent Neow","Quick Restart","StSLib","SuperFastMode","everything is the same but u backflip on backflip"],"gold_per_floor":[115,126,51,70,20,20,20,38,113,113,113,127,147,207,207,302,302,322,322,322,332,232,259,269,269,295,210,227,256,256,271,271,366,366,376,376,388,263,279,279,129,144,144,155,155,155,130,430,430,430,430],"floor_reached":50,"playtime":2864,"items_purged":["Strike_P","Defend_P","Strike_P","CrushJoints"],"score":597,"play_id":"2104a082-e676-438b-925f-d42e02f61404","local_time":"20210104064640","is_ascension_mode":false,"campfire_choices":[{"data":"Eruption","floor":6.0,"key":"SMITH"},{"data":"Evaluate","floor":11.0,"key":"SMITH"},{"data":"Adaptation","floor":15.0,"key":"SMITH"},{"floor":25.0,"key":"RECALL"},{"data":"Vigilance","floor":30.0,"key":"PURGE"},{"data":"Evaluate+1","floor":32.0,"key":"PURGE"},{"data":"Strike_P","floor":40,"key":"PURGE"},{"data":"Halt","floor":45,"key":"PURGE"},{"data":"ClearTheMind","floor":49,"key":"PURGE"}],"circlet_count":0,"master_deck":["Eruption+1","Adaptation+1"],"relics":["PureWater","Pear","FaceOfCleric","Toy Ornithopter","Fusion Hammer","Bag of Preparation","Blood Vial","Kunai","Peace Pipe","VioletLotus"],"acts_visited":["Exordium","TheCity","TheBeyond"],"potions_floor_usage":[50,50,50,50],"damage_taken":[{"damage":3.0,"enemies":"Small Slimes","floor":1.0,"turns":3.0},{"damage":0.0,"enemies":"2 Louse","floor":2.0,"turns":2.0},{"damage":0.0,"enemies":"Cultist","floor":4.0,"turns":2.0},{"damage":0.0,"enemies":"Large Slime","floor":8.0,"turns":3.0},{"damage":0.0,"enemies":"Red Slaver","floor":12.0,"turns":4.0},{"damage":3.0,"enemies":"3 Louse","floor":13.0,"turns":5.0},{"damage":23.0,"enemies":"Gremlin Nob","floor":14.0,"turns":4.0},{"damage":34.0,"enemies":"Hexaghost","floor":16.0,"turns":9.0},{"damage":31.0,"enemies":"3 Byrds","floor":18.0,"turns":6.0},{"damage":17.0,"enemies":"2 Thieves","floor":21.0,"turns":3.0},{"damage":1.0,"enemies":"Gremlin Leader","floor":23.0,"turns":5.0},{"damage":0.0,"enemies":"Snake Plant","floor":24.0,"turns":3.0},{"damage":0.0,"enemies":"Chosen and Byrds","floor":28.0,"turns":4.0},{"damage":4.0,"enemies":"Slavers","floor":29.0,"turns":6.0},{"damage":0.0,"enemies":"Cultist and Chosen","floor":31.0,"turns":3.0},{"damage":0,"enemies":"Collector","floor":33,"turns":1},{"damage":5,"enemies":"3 Shapes","floor":35,"turns":2},{"damage":0,"enemies":"3 Darklings","floor":37,"turns":1},{"damage":6,"enemies":"4 Shapes","floor":39,"turns":1},{"damage":0,"enemies":"Maw","floor":42,"turns":2},{"damage":0,"enemies":"Writhing Mass","floor":44,"turns":1},{"damage":114,"enemies":"Awakened One","floor":50,"turns":3}],"seed_played":"-5069277295771452544","potions_obtained":[{"floor":2.0,"key":"Strength Potion"},{"floor":4.0,"key":"Energy Potion"},{"floor":12.0,"key":"SteroidPotion"},{"floor":24.0,"key":"LiquidBronze"},{"floor":28.0,"key":"Strength Potion"},{"floor":37,"key":"EntropicBrew"}],"is_trial":false,"path_per_floor":["M","M","$","M","?","R","?","M","T","?","R","M","M","?","R","B",null,"M","?","?","M","$","E","M","R","T","?","M","E","R","M","R","B",null,"M","?","M","$","M","R","$","M","T","M","R","?","$","?","R","B"],"character_chosen":"WATCHER","items_purchased":["ClearTheMind"],"campfire_rested":0,"item_purchase_floors":[47],"current_hp_per_floor":[48,48,48,48,48,48,48,48,58,58,58,59,57,35,35,2,86,56,85,85,69,69,74,75,75,75,75,78,77,77,80,80,83,94,90,90,93,93,90,90,90,93,93,96,96,99,99,99,99,0,0],"gold":430,"neow_bonus":"REMOVE_TWO","is_daily":false,"chose_seed":false,"campfire_upgraded":3,"win_rate":0.0,"timestamp":1609710400,"path_taken":["M","M","$","M","?","R","?","?","T","?","R","?","M","?","R","BOSS","M","?","?","M","$","E","M","R","T","?","M","E","R","M","R","BOSS","M","?","M","$","M","R","$","M","T","?","R","?","?","?","R","BOSS"],"items_purchased_type":["Card"],"build_version":"2020-12-22","purchased_purges":4,"victory":false,"max_hp_per_floor":[72,72,72,72,72,72,72,72,82,82,82,83,84,85,85,86,86,87,87,87,88,88,89,90,90,90,90,91,92,92,93,93,94,94,95,95,96,96,97,97,97,98,98,99,99,99,99,99,99,99,99],"card_choices":[{"not_picked":["WindmillStrike","BowlingBash"],"picked":"CrushJoints","floor":1.0},{"not_picked":["FlurryOfBlows","Nirvana"],"picked":"Adaptation","floor":2.0},{"not_picked":["SashWhip","Consecrate","JustLucky"],"picked":"SKIP","floor":4.0},{"not_picked":["Halt","Weave"],"picked":"InnerPeace","floor":8.0},{"not_picked":["ClearTheMind","SashWhip","Evaluate"],"picked":"SKIP","floor":12.0},{"not_picked":["FlyingSleeves","FlurryOfBlows","DeceiveReality"],"picked":"SKIP","floor":13.0},{"not_picked":["EmptyFist","FlurryOfBlows","BattleHymn"],"picked":"SKIP","floor":18.0},{"not_picked":["FearNoEvil","Tantrum","PathToVictory+1"],"picked":"SKIP","floor":21.0},{"not_picked":["WheelKick","BattleHymn+1"],"picked":"Halt","floor":23.0},{"not_picked":["Crescendo+1","FlyingSleeves","CutThroughFate"],"picked":"SKIP","floor":24.0},{"not_picked":["FlurryOfBlows","JustLucky","Weave"],"picked":"SKIP","floor":28.0},{"not_picked":["EmptyMind","Evaluate","DeusExMachina"],"picked":"SKIP","floor":29.0},{"not_picked":["FollowUp","ClearTheMind","JustLucky"],"picked":"SKIP","floor":31.0},{"not_picked":["WreathOfFlame+1","CutThroughFate","WheelKick"],"picked":"SKIP","floor":35},{"not_picked":["Protect+1","Conclude+1","FearNoEvil"],"picked":"SKIP","floor":37},{"not_picked":["Protect+1","Conclude+1","FearNoEvil"],"picked":"SKIP","floor":37},{"not_picked":["DeceiveReality","Swivel+1","Fasting2"],"picked":"SKIP","floor":39},{"not_picked":["Consecrate+1","Worship+1","ReachHeaven"],"picked":"SKIP","floor":42},{"not_picked":["DevaForm","PathToVictory+1","Evaluate"],"picked":"SKIP","floor":44}],"player_experience":54695,"relics_obtained":[{"floor":9.0,"key":"Pear"},{"floor":14.0,"key":"Toy Ornithopter"},{"floor":23.0,"key":"Bag of Preparation"},{"floor":26.0,"key":"Blood Vial"},{"floor":29.0,"key":"Peace Pipe"}],"event_choices":[{"cards_removed":["Defend_P"],"damage_healed":0.0,"max_hp_gain":0.0,"max_hp_loss":0.0,"gold_gain":0.0,"event_name":"The Cleric","player_choice":"Card Removal","floor":5.0,"gold_loss":50.0,"damage_taken":0.0},{"damage_healed":0.0,"max_hp_gain":0.0,"max_hp_loss":0.0,"gold_gain":0.0,"cards_transformed":["Strike_P"],"event_name":"Transmorgrifier","player_choice":"Transformed","floor":7.0,"gold_loss":0.0,"damage_taken":0.0,"cards_obtained":["Evaluate"]},{"damage_healed":0.0,"max_hp_gain":0.0,"max_hp_loss":0.0,"gold_gain":0.0,"event_name":"FaceTrader","player_choice":"Trade","floor":10.0,"gold_loss":0.0,"damage_taken":0.0,"relics_obtained":["FaceOfCleric"]},{"damage_healed":0.0,"max_hp_gain":0.0,"max_hp_loss":0.0,"gold_gain":0.0,"event_name":"Dead Adventurer","player_choice":"Searched \u00272\u0027 times","floor":14.0,"gold_loss":0.0,"damage_taken":0.0},{"damage_healed":29.0,"max_hp_gain":0.0,"max_hp_loss":0.0,"gold_gain":0.0,"event_name":"The Library","player_choice":"Heal","floor":19.0,"gold_loss":0.0,"damage_taken":0.0},{"damage_healed":0.0,"max_hp_gain":0.0,"max_hp_loss":0.0,"gold_gain":0.0,"event_name":"Vampires","player_choice":"Ignored","floor":20.0,"gold_loss":0.0,"damage_taken":0.0},{"damage_healed":0.0,"max_hp_gain":0.0,"max_hp_loss":0.0,"gold_gain":0.0,"event_name":"Addict","player_choice":"Obtained Relic","floor":27.0,"gold_loss":85.0,"damage_taken":0.0,"relics_obtained":["Kunai"]},{"damage_healed":0,"gold_gain":0,"player_choice":"Forge","damage_taken":0,"max_hp_gain":0,"max_hp_loss":0,"event_name":"Accursed Blacksmith","floor":36,"gold_loss":0,"cards_upgraded":["InnerPeace"]},{"cards_removed":["InnerPeace"],"damage_healed":3,"gold_gain":0,"player_choice":"Offered Uncommon","damage_taken":0,"max_hp_gain":0,"max_hp_loss":0,"event_name":"Bonfire Elementals","floor":46,"gold_loss":0},{"damage_healed":0,"gold_gain":300,"player_choice":"Gold","damage_taken":0,"max_hp_gain":0,"max_hp_loss":0,"event_name":"Wheel of Change","floor":48,"gold_loss":0}],"is_beta":false,"boss_relics":[{"not_picked":["Philosopher\u0027s Stone","Coffee Dripper"],"picked":"Fusion Hammer"},{"not_picked":["Astrolabe","Black Star"],"picked":"VioletLotus"}],"items_purged_floors":[3,22,38,41],"is_endless":false,"potions_floor_spawned":[2,4,12,24,28,35,37,44],"killed_by":"Awakened One","ascension_level":0}}