{"host":"mbpcepu6ztteuwhq","time":1609649219,"event":{"mods":["AchievementEnabler","BaseMod","Colored Map","DeckTracker","Minty Spire (QoL Compilation)","Rare Cards Sparkle","StSLib","everything is the same but u backflip on backflip"],"gold_per_floor":[116,128,147,147,28,59,59,59,59,77,88,118,118,132,132,211,211,223,223,148,162,162,162,179,179,256,171,186,186,198,198,198,270,270,289,289,67,67,67],"floor_reached":38,"playtime":1093,"items_purged":["Strike_G","Strike_G+1"],"score":798,"play_id":"0186753a-9e1c-448b-a3a2-e87f7742eb57","local_time":"20210103134659","is_ascension_mode":true,"campfire_choices":[{"floor":7.0,"key":"REST"},{"floor":15.0,"key":"REST"},{"floor":23.0,"key":"REST"},{"floor":25.0,"key":"REST"},{"floor":32.0,"key":"REST"}],"circlet_count":0,"master_deck":["AscendersBane","Strike_G+1","Defend_G+1","Defend_G+1","Defend_G+1","Defend_G+1","Survivor","Neutralize","Accuracy","Skewer","Infinite Blades","Dagger Throw","Blade Dance","Phantasmal Killer","Dodge and Roll+1","Backflip","Flechettes","Escape Plan","Unload"],"relics":["Fusion Hammer","Ornamental Fan","Pantograph","Smiling Mask","Runic Pyramid","Eternal Feather","White Beast Statue","Empty Cage","PrismaticShard"],"acts_visited":["Exordium","TheCity","TheBeyond"],"potions_floor_usage":[33,33,33,38],"damage_taken":[{"damage":0.0,"enemies":"Jaw Worm","floor":1.0,"turns":5.0},{"damage":2.0,"enemies":"Small Slimes","floor":2.0,"turns":5.0},{"damage":3.0,"enemies":"2 Louse","floor":3.0,"turns":3.0},{"damage":21.0,"enemies":"Lagavulin","floor":6.0,"turns":7.0},{"damage":7.0,"enemies":"2 Fungi Beasts","floor":10.0,"turns":3.0},{"damage":0.0,"enemies":"Large Slime","floor":11.0,"turns":6.0},{"damage":22.0,"enemies":"Exordium Wildlife","floor":14.0,"turns":6.0},{"damage":6.0,"enemies":"Slime Boss","floor":16.0,"turns":8.0},{"damage":23.0,"enemies":"Shell Parasite","floor":18.0,"turns":4.0},{"damage":8.0,"enemies":"Chosen","floor":21.0,"turns":5.0},{"damage":21.0,"enemies":"Snake Plant","floor":24.0,"turns":5.0},{"damage":21.0,"enemies":"3 Cultists","floor":28.0,"turns":4.0},{"damage":6.0,"enemies":"Centurion and Healer","floor":30.0,"turns":5.0},{"damage":56,"enemies":"Champ","floor":33,"turns":11},{"damage":8,"enemies":"Orb Walker","floor":35,"turns":3},{"damage":40,"enemies":"2 Orb Walkers","floor":38,"turns":4}],"seed_played":"-3411059018610759434","potions_obtained":[{"floor":2.0,"key":"BlessingOfTheForge"},{"floor":10.0,"key":"ColorlessPotion"},{"floor":11.0,"key":"LiquidMemories"},{"floor":21.0,"key":"SteroidPotion"},{"floor":24.0,"key":"Dexterity Potion"},{"floor":28.0,"key":"EntropicBrew"},{"floor":33,"key":"DuplicationPotion"}],"is_trial":false,"path_per_floor":["M","M","M","?","$","E","R","$","T","M","M","?","?","M","R","B",null,"M","?","?","M","?","R","M","R","T","?","M","?","M","?","R","B",null,"M","?","$","?"],"character_chosen":"THE_SILENT","items_purchased":["Infinite Blades","PrismaticShard"],"campfire_rested":5,"item_purchase_floors":[5,37],"current_hp_per_floor":[59,57,54,54,54,33,52,52,52,45,45,45,66,44,63,60,65,42,42,42,34,34,53,32,51,51,51,30,30,24,24,55,10,52,44,44,44,4,4],"gold":67,"neow_bonus":"BOSS_RELIC","is_daily":false,"chose_seed":false,"campfire_upgraded":0,"win_rate":0.0,"timestamp":1609649219,"path_taken":["M","M","M","?","$","E","R","$","T","M","M","?","?","?","R","BOSS","M","?","?","M","?","R","M","R","T","?","M","?","M","?","R","BOSS","M","?","$","?"],"items_purchased_type":["Card","Relic"],"build_version":"2020-12-22","purchased_purges":2,"victory":false,"max_hp_per_floor":[66,66,66,66,66,66,66,66,66,66,66,66,66,66,66,66,66,66,66,66,66,66,66,66,66,66,66,66,66,66,66,66,66,66,66,63,63,63,63],"card_choices":[{"not_picked":["PiercingWail","Deadly Poison"],"picked":"Accuracy","floor":1.0},{"not_picked":["Underhanded Strike","Masterful Stab"],"picked":"Skewer","floor":2.0},{"not_picked":["Underhanded Strike","Flying Knee","Slice"],"picked":"SKIP","floor":3.0},{"not_picked":["A Thousand Cuts","Sucker Punch"],"picked":"Dagger Throw","floor":6.0},{"not_picked":["Poisoned Stab","Masterful Stab","Quick Slash"],"picked":"SKIP","floor":10.0},{"not_picked":["PiercingWail","Heel Hook","Endless Agony"],"picked":"SKIP","floor":11.0},{"not_picked":["Poisoned Stab","Slice"],"picked":"Blade Dance","floor":14.0},{"not_picked":["Tools of the Trade","Doppelganger"],"picked":"Phantasmal Killer","floor":16.0},{"not_picked":["Deadly Poison","Noxious Fumes"],"picked":"Dodge and Roll+1","floor":18.0},{"not_picked":["Well Laid Plans+1","Outmaneuver","Endless Agony"],"picked":"SKIP","floor":21.0},{"not_picked":["Deflect","Prepared"],"picked":"Flechettes","floor":24.0},{"not_picked":["Crippling Poison","Endless Agony","Reflex+1"],"picked":"SKIP","floor":28.0},{"not_picked":["Prepared","Heel Hook"],"picked":"Escape Plan","floor":30.0},{"not_picked":["Bullet Time","Corpse Explosion"],"picked":"Unload","floor":33},{"not_picked":["Deadly Poison","Deflect","Caltrops"],"picked":"SKIP","floor":35}],"player_experience":2529,"relics_obtained":[{"floor":6.0,"key":"Ornamental Fan"},{"floor":9.0,"key":"Pantograph"},{"floor":26.0,"key":"Eternal Feather"}],"event_choices":[{"damage_healed":0.0,"max_hp_gain":0.0,"max_hp_loss":0.0,"gold_gain":0.0,"event_name":"Liars Game","player_choice":"Ignored","floor":4.0,"gold_loss":0.0,"damage_taken":0.0},{"damage_healed":0.0,"max_hp_gain":0.0,"max_hp_loss":0.0,"gold_gain":30.0,"event_name":"Dead Adventurer","player_choice":"Searched \u00273\u0027 times","floor":12.0,"gold_loss":0.0,"damage_taken":0.0,"relics_obtained":["Smiling Mask"]},{"damage_healed":22.0,"max_hp_gain":0.0,"max_hp_loss":0.0,"gold_gain":0.0,"event_name":"Big Fish","player_choice":"Banana","floor":13.0,"gold_loss":0.0,"damage_taken":0.0},{"damage_healed":0.0,"max_hp_gain":0.0,"max_hp_loss":0.0,"gold_gain":0.0,"event_name":"Back to Basics","player_choice":"Simplicity","floor":19.0,"gold_loss":0.0,"damage_taken":0.0,"cards_upgraded":["Strike_G","Strike_G","Strike_G","Strike_G","Defend_G","Defend_G","Defend_G","Defend_G","Defend_G"]},{"cards_removed":["Strike_G"],"damage_healed":0.0,"max_hp_gain":0.0,"max_hp_loss":0.0,"gold_gain":0.0,"event_name":"Beggar","player_choice":"Gave Gold","floor":20.0,"gold_loss":75.0,"damage_taken":0.0},{"damage_healed":0.0,"max_hp_gain":0.0,"max_hp_loss":0.0,"gold_gain":0.0,"event_name":"The Library","player_choice":"Read","floor":22.0,"gold_loss":0.0,"damage_taken":0.0,"cards_obtained":["Backflip"]},{"damage_healed":0.0,"max_hp_gain":0.0,"max_hp_loss":0.0,"gold_gain":0.0,"event_name":"Addict","player_choice":"Obtained Relic","floor":27.0,"gold_loss":85.0,"damage_taken":0.0,"relics_obtained":["White Beast Statue"]},{"damage_healed":0.0,"max_hp_gain":0.0,"max_hp_loss":0.0,"gold_gain":0.0,"event_name":"Ghosts","player_choice":"Ignored","floor":29.0,"gold_loss":0.0,"damage_taken":0.0},{"damage_healed":0.0,"max_hp_gain":0.0,"max_hp_loss":0.0,"gold_gain":0.0,"event_name":"Cursed Tome","player_choice":"Ignored","floor":31.0,"gold_loss":0.0,"damage_taken":0.0},{"damage_healed":0,"gold_gain":0,"player_choice":"Max HP","damage_taken":0,"max_hp_gain":0,"max_hp_loss":3,"event_name":"Winding Halls","floor":36,"gold_loss":0},{"damage_healed":0,"gold_gain":0,"player_choice":"Fight","damage_taken":0,"max_hp_gain":0,"max_hp_loss":0,"event_name":"Mysterious Sphere","floor":38,"gold_loss":0}],"is_beta":false,"boss_relics":[{"not_picked":["Busted Crown","Runic Dome"],"picked":"Runic Pyramid"},{"not_picked":["SlaversCollar","Tiny House"],"picked":"Empty Cage"}],"items_purged_floors":[5,37],"is_endless":false,"potions_floor_spawned":[2,10,11,21,24,28,30,33,35],"killed_by":"2 Orb Walkers","ascension_level":20}}