{"host":"ktg5lwritr12xyhv","time":1609683011,"event":{"mods":["ATMod(阿瑾Mod)","Aspiration","BaseMod","Challenge The Spire","Conspire","Downfall","Hermit","Minty Spire (QoL Compilation)","Quick Restart","Relic Stats","Replay The Spire","Robot Space Explorer","RumiaBox-露米娅的神秘盒子","SIMod","Spicy Shops","StSLib","The Alterego","The Dragon Tamer","vexMod","篝火指南"],"gold_per_floor":[99,119,129,129,229,229,229,229],"floor_reached":6,"playtime":273,"items_purged":[],"score":37,"play_id":"642c718d-e9d2-4a19-a982-f3187ea427df","local_time":"20210103221011","is_ascension_mode":true,"campfire_choices":[{"data":"Slimebound:PrepareCrush","floor":1,"key":"SMITH"}],"circlet_count":0,"master_deck":["Slimebound:Strike_Slimebound","Slimebound:Strike_Slimebound","Slimebound:Strike_Slimebound","Slimebound:Tackle","Slimebound:Defend_Slimebound","Slimebound:Defend_Slimebound","Slimebound:Defend_Slimebound","Slimebound:Defend_Slimebound","Slimebound:Split","Slimebound:CorrosiveSpit","Slimebound:PrepareCrush+1","Slimebound:ItLooksTasty","Slimebound:SplitBruiser"],"relics":["Slimebound:AbsorbEndCombat","AT_ATBox","downfall:GremlinWheel"],"acts_visited":["Exordium"],"potions_floor_usage":[],"damage_taken":[{"damage":4,"enemies":"conspire:RoseBush","floor":2,"turns":3},{"damage":11,"enemies":"Jaw Worm","floor":3,"turns":2},{"damage":44,"enemies":"Jaw Worm","floor":5,"turns":4},{"damage":38,"enemies":"Lagavulin","floor":6,"turns":3}],"seed_played":"7194185663772168471","potions_obtained":[],"is_trial":false,"path_per_floor":["R","M","M","?","?","E"],"character_chosen":"SLIMEBOUND","items_purchased":[],"campfire_rested":0,"item_purchase_floors":[],"current_hp_per_floor":[60,60,60,60,32,0,0,0],"gold":229,"neow_bonus":"ONE_RANDOM_RARE_CARD","is_daily":false,"chose_seed":false,"campfire_upgraded":1,"win_rate":0.0,"timestamp":1609683011,"path_taken":["R","M","M","?","?","E"],"items_purchased_type":[],"build_version":"2020-12-22","purchased_purges":0,"victory":false,"max_hp_per_floor":[60,60,60,60,60,60,60,60],"relic_stats":{"counters":[4,12],"obtain_stats":[{"AT_ATBox":0,"downfall:GremlinWheel":5,"Slimebound:AbsorbEndCombat":0},{"AT_ATBox":0,"downfall:GremlinWheel":3,"Slimebound:AbsorbEndCombat":0},{"AT_ATBox":0,"downfall:GremlinWheel":9,"Slimebound:AbsorbEndCombat":0}]},"card_choices":[{"not_picked":["Slimebound:LeechEnergy","Slimebound:RollThrough"],"picked":"Slimebound:ItLooksTasty","floor":2},{"not_picked":["Slimebound:GrowthPunch","Slimebound:SlimeSpikes"],"picked":"Slimebound:SplitBruiser","floor":3}],"player_experience":219725,"relics_obtained":[{"floor":5,"key":"downfall:GremlinWheel"}],"event_choices":[],"is_beta":false,"boss_relics":[],"items_purged_floors":[],"is_endless":false,"potions_floor_spawned":[],"killed_by":"Lagavulin","ascension_level":2}}