{"host":"r6jigiblrojhp6xe","time":1609659419,"event":{"mods":["AchievementEnabler","BaseMod","DeckTracker","Minty Spire (QoL Compilation)","Quick Restart","Rare Cards Sparkle","Relic Stats","StSLib","SuperFastMode","The Cursed","everything is the same but u backflip on backflip"],"gold_per_floor":[115,115,127,127,202,202,6,33,81,93,119,131,143,166,178,190,190],"floor_reached":16,"playtime":198,"items_purged":["Strike_G"],"score":246,"play_id":"a59bcdd1-9e9d-407f-9a76-9d6f586f9205","local_time":"20210103163659","is_ascension_mode":true,"campfire_choices":[{"data":"Riddle With Holes","floor":6.0,"key":"SMITH"},{"data":"Neutralize","floor":10.0,"key":"SMITH"},{"data":"Noxious Fumes","floor":13.0,"key":"SMITH"},{"data":"Escape Plan","floor":15.0,"key":"SMITH"}],"circlet_count":0,"master_deck":["AscendersBane","Strike_G","Strike_G","Strike_G+1","Strike_G+1","Defend_G","Defend_G","Defend_G","Defend_G","Defend_G","Survivor","Neutralize+1","Riddle With Holes+1","Escape Plan+1","Noxious Fumes+1"],"relics":["Ring of the Snake","NeowsBlessing","Membership Card","Omamori","MawBank","Shuriken"],"acts_visited":["Exordium"],"potions_floor_usage":[16,16],"damage_taken":[{"damage":0.0,"enemies":"Cultist","floor":1.0,"turns":1.0},{"damage":0.0,"enemies":"2 Louse","floor":3.0,"turns":1.0},{"damage":0.0,"enemies":"Lagavulin","floor":8.0,"turns":1.0},{"damage":0.0,"enemies":"Small Slimes","floor":11.0,"turns":3.0},{"damage":3.0,"enemies":"Looter","floor":14.0,"turns":4.0},{"damage":24,"enemies":"Hexaghost","floor":16,"turns":9}],"seed_played":"-1474786272651742184","potions_obtained":[{"floor":2.0,"key":"SkillPotion"},{"floor":2.0,"key":"DuplicationPotion"},{"floor":14.0,"key":"Regen Potion"}],"is_trial":false,"path_per_floor":["M","?","M","?","?","R","$","E","T","R","M","?","R","M","R","B"],"character_chosen":"THE_SILENT","items_purchased":["Membership Card"],"campfire_rested":0,"item_purchase_floors":[7],"current_hp_per_floor":[59,59,59,39,28,28,28,28,28,28,28,17,17,14,14,0,0],"gold":190,"neow_bonus":"THREE_ENEMY_KILL","is_daily":false,"chose_seed":false,"campfire_upgraded":4,"win_rate":0.0,"timestamp":1609659419,"path_taken":["M","?","?","?","?","R","$","E","T","R","M","?","R","M","R","BOSS"],"items_purchased_type":["Relic"],"build_version":"2020-12-22","purchased_purges":1,"victory":false,"max_hp_per_floor":[66,66,66,66,66,66,66,66,66,66,66,66,66,66,66,66,66],"relic_stats":{"counters":[6,19],"Shuriken":[1],"MawBank":84,"obtain_stats":[{"NeowsBlessing":0,"Shuriken":12,"Omamori":8,"Membership Card":7,"MawBank":9,"Ring of the Snake":0},{"NeowsBlessing":0,"Shuriken":4,"Omamori":3,"Membership Card":2,"MawBank":3,"Ring of the Snake":0},{"NeowsBlessing":0,"Shuriken":6,"Omamori":3,"Membership Card":2,"MawBank":3,"Ring of the Snake":0}],"Ring of the Snake":[12]},"card_choices":[{"not_picked":["Quick Slash","Acrobatics"],"picked":"Riddle With Holes","floor":1.0},{"not_picked":["Infinite Blades","Outmaneuver"],"picked":"Escape Plan","floor":3.0},{"not_picked":["Flying Knee","Cloak And Dagger"],"picked":"Noxious Fumes","floor":8.0},{"not_picked":["Flying Knee","Sucker Punch","Distraction"],"picked":"SKIP","floor":11.0},{"not_picked":["Setup","Acrobatics","Deflect"],"picked":"SKIP","floor":14.0}],"player_experience":562517,"relics_obtained":[{"floor":8.0,"key":"Omamori"},{"floor":9.0,"key":"MawBank"}],"event_choices":[{"damage_healed":0.0,"max_hp_gain":0.0,"max_hp_loss":0.0,"gold_gain":0.0,"event_name":"Lab","player_choice":"Got Potions","floor":2.0,"gold_loss":0.0,"damage_taken":0.0},{"damage_healed":0.0,"max_hp_gain":0.0,"max_hp_loss":0.0,"gold_gain":0.0,"event_name":"Shining Light","player_choice":"Entered Light","floor":4.0,"gold_loss":0.0,"damage_taken":20.0,"cards_upgraded":["Strike_G","Strike_G"]},{"damage_healed":0.0,"max_hp_gain":0.0,"max_hp_loss":0.0,"gold_gain":75.0,"event_name":"World of Goop","player_choice":"Gather Gold","floor":5.0,"gold_loss":0.0,"damage_taken":11.0},{"damage_healed":0.0,"max_hp_gain":0.0,"max_hp_loss":0.0,"gold_gain":0.0,"event_name":"Scrap Ooze","player_choice":"Success","floor":12.0,"gold_loss":0.0,"damage_taken":11.0,"relics_obtained":["Shuriken"]}],"is_beta":false,"boss_relics":[],"items_purged_floors":[7],"is_endless":false,"potions_floor_spawned":[14],"killed_by":"Hexaghost","ascension_level":20}}