{"host":"2okas1s8lto464g9","time":1609675353,"event":{"mods":["BaseMod","Minty Spire (QoL Compilation)","StSLib","The Construct","The Servant 0.9.4"],"gold_per_floor":[114,114,114,128,128,171,171,196,196,236,255,255,270,59,59,59,59],"floor_reached":16,"playtime":438,"items_purged":["Strike_S"],"score":149,"play_id":"5c48c24b-c901-4615-a7ee-2c34a8c9f7c0","local_time":"20210103200233","is_ascension_mode":true,"campfire_choices":[{"data":"KidneyShot","floor":7.0,"key":"SMITH"},{"data":"Exchange","floor":12.0,"key":"SMITH"},{"data":"Defy","floor":15,"key":"SMITH"}],"circlet_count":0,"master_deck":["Strike_S","Strike_S","Strike_S","Defend_S","Defend_S","Defend_S","Defend_S","KidneyShot+1","Exchange+1","Defy+1","TimeTheft","ShatteredReality","MoonPhase","Replace","Dilation","WasteNot"],"relics":["Uniform","NeowsBlessing","Turnip","Golden Idol","Oddly Smooth Stone","Pantograph","Mummified Hand","Membership Card"],"acts_visited":["Exordium"],"potions_floor_usage":[],"damage_taken":[{"damage":0.0,"enemies":"Small Slimes","floor":1.0,"turns":1.0},{"damage":0.0,"enemies":"2 Louse","floor":4.0,"turns":2.0},{"damage":0.0,"enemies":"3 Sentries","floor":6.0,"turns":1.0},{"damage":8.0,"enemies":"Jaw Worm","floor":8.0,"turns":5.0},{"damage":24.0,"enemies":"Gremlin Nob","floor":10.0,"turns":4.0},{"damage":8.0,"enemies":"Red Slaver","floor":11.0,"turns":4.0},{"damage":2.0,"enemies":"3 Louse","floor":13.0,"turns":3.0},{"damage":18,"enemies":"The Guardian","floor":16,"turns":4}],"seed_played":"2719942765295033247","potions_obtained":[{"floor":4.0,"key":"LiquidBronze"},{"floor":6.0,"key":"SmokeBomb"},{"floor":11.0,"key":"SneckoOil"}],"is_trial":false,"path_per_floor":["M","?","?","M","?","E","R","M","T","E","M","R","M","$","R","B"],"character_chosen":"THE_SERVANT","items_purchased":["Membership Card","WasteNot"],"campfire_rested":0,"item_purchase_floors":[14,14],"current_hp_per_floor":[65,53,53,53,53,53,53,45,45,21,13,13,11,11,11,18,18],"gold":59,"neow_bonus":"THREE_ENEMY_KILL","is_daily":false,"chose_seed":false,"campfire_upgraded":3,"win_rate":0.0,"timestamp":1609675353,"path_taken":["M","?","?","M","?","E","R","M","T","E","M","R","M","$","R","BOSS"],"items_purchased_type":["Relic","Card"],"build_version":"2020-12-22","purchased_purges":1,"victory":false,"max_hp_per_floor":[65,65,65,65,60,60,60,60,60,60,60,60,60,60,60,60,60],"card_choices":[{"not_picked":["Rewind","Shuttle"],"picked":"Defy","floor":1.0},{"not_picked":["Rearm","Rewind","Revamp"],"picked":"SKIP","floor":4.0},{"not_picked":["TimeWarp","Starlight"],"picked":"TimeTheft","floor":6.0},{"not_picked":["Solidify","Starlight"],"picked":"ShatteredReality","floor":8.0},{"not_picked":["ShatteredReality","Ricochet"],"picked":"MoonPhase","floor":10.0},{"not_picked":["Rearm","Defy"],"picked":"Replace","floor":11.0},{"not_picked":["Rearm","Spin"],"picked":"Dilation","floor":13.0}],"player_experience":470877,"relics_obtained":[{"floor":6.0,"key":"Oddly Smooth Stone"},{"floor":9.0,"key":"Pantograph"},{"floor":10.0,"key":"Mummified Hand"}],"event_choices":[{"damage_healed":0.0,"max_hp_gain":0.0,"max_hp_loss":0.0,"gold_gain":0.0,"event_name":"Scrap Ooze","player_choice":"Success","floor":2.0,"gold_loss":0.0,"damage_taken":12.0,"relics_obtained":["Turnip"]},{"damage_healed":0.0,"max_hp_gain":0.0,"max_hp_loss":0.0,"gold_gain":0.0,"event_name":"Liars Game","player_choice":"Ignored","floor":3.0,"gold_loss":0.0,"damage_taken":0.0},{"damage_healed":0.0,"max_hp_gain":0.0,"max_hp_loss":5.0,"gold_gain":0.0,"event_name":"Golden Idol","player_choice":"Lose Max HP","floor":5.0,"gold_loss":0.0,"damage_taken":0.0,"relics_obtained":["Golden Idol"]}],"is_beta":false,"boss_relics":[],"items_purged_floors":[14],"is_endless":false,"potions_floor_spawned":[4,6,11],"killed_by":"The Guardian","ascension_level":2}}