{"host":"baymyijz6sxaqj5s","time":1609696024,"event":{"mods":["AchievementEnabler","BaseMod","Colored Map","Colored Powertips","DeckTracker","Highlight Path","KOR Keyword Fix","Keyboard Shortcuts","Minty Spire (QoL Compilation)","Quick Restart","StSLib","SuperFastMode"],"gold_per_floor":[119,131,231,249,267,267,18,18,18,18,33,33,52,65,65,167,167,178,178,195,52,71,71,104,104,104,29,29,29,29,49,49,49,49],"floor_reached":33,"playtime":915,"items_purged":[],"score":273,"play_id":"da118817-06a4-4ff8-b280-8d4e7f5f9a30","local_time":"20210104024704","is_ascension_mode":true,"campfire_choices":[{"data":"Survivor","floor":6,"key":"SMITH"},{"data":"Backflip","floor":8,"key":"SMITH"},{"data":"Crippling Poison","floor":10,"key":"SMITH"},{"data":"Deadly Poison","floor":12,"key":"SMITH"},{"floor":15,"key":"REST"},{"data":"Burst","floor":23,"key":"SMITH"},{"floor":25,"key":"REST"},{"floor":29,"key":"REST"},{"data":"Deflect","floor":32,"key":"SMITH"}],"circlet_count":0,"master_deck":["Strike_G+1","Strike_G+1","Defend_G+1","Defend_G+1","Defend_G+1","Defend_G+1","Defend_G+1","Survivor+1","Neutralize","Deadly Poison+1","Poisoned Stab","Crippling Poison+1","Backflip+1","Bane","Outmaneuver","Heel Hook","Burst+1","Bane+1","Tactician+1","Deflect+1","Backflip+1"],"relics":["Ring of the Snake","Pantograph","Du-Vu Doll","Astrolabe","TwistedFunnel","Red Mask","HornCleat"],"acts_visited":["Exordium","TheCity"],"potions_floor_usage":[4,16,31,33,33],"damage_taken":[{"damage":1,"enemies":"Jaw Worm","floor":1,"turns":3},{"damage":5,"enemies":"Cultist","floor":2,"turns":4},{"damage":8,"enemies":"Small Slimes","floor":4,"turns":4},{"damage":2,"enemies":"2 Fungi Beasts","floor":5,"turns":5},{"damage":14,"enemies":"Blue Slaver","floor":11,"turns":4},{"damage":28,"enemies":"Gremlin Gang","floor":13,"turns":4},{"damage":7,"enemies":"Exordium Thugs","floor":14,"turns":5},{"damage":10,"enemies":"The Guardian","floor":16,"turns":8},{"damage":3,"enemies":"Chosen","floor":18,"turns":4},{"damage":4,"enemies":"Shell Parasite","floor":20,"turns":5},{"damage":0,"enemies":"Centurion and Healer","floor":22,"turns":7},{"damage":40,"enemies":"Masked Bandits","floor":24,"turns":5},{"damage":0,"enemies":"Snake Plant","floor":31,"turns":4},{"damage":97,"enemies":"Collector","floor":33,"turns":7}],"seed_played":"-6761011789362829398","potions_obtained":[{"floor":1,"key":"Block Potion"},{"floor":11,"key":"Ancient Potion"},{"floor":13,"key":"BlessingOfTheForge"},{"floor":24,"key":"Regen Potion"},{"floor":31,"key":"Fire Potion"}],"is_trial":false,"path_per_floor":["M","M","?","M","M","R","$","R","T","R","M","R","M","M","R","B",null,"M","?","M","$","M","R","?","R","T","?","?","R","$","M","R","B"],"character_chosen":"THE_SILENT","items_purchased":["Pantograph","TwistedFunnel"],"campfire_rested":3,"item_purchase_floors":[7,21],"current_hp_per_floor":[76,71,71,63,61,61,61,61,61,61,47,47,19,12,35,50,77,74,74,70,70,70,70,30,53,53,53,39,63,63,77,77,0,0],"gold":49,"neow_bonus":"TEN_PERCENT_HP_BONUS","is_daily":false,"chose_seed":false,"campfire_upgraded":6,"win_rate":0.0,"timestamp":1609696024,"path_taken":["M","M","?","?","?","R","?","R","T","R","?","R","M","M","R","BOSS","M","?","M","$","M","R","?","R","T","?","?","R","$","?","R","BOSS"],"items_purchased_type":["Relic","Relic"],"build_version":"2020-12-22","purchased_purges":0,"victory":false,"max_hp_per_floor":[77,77,77,77,77,77,77,77,77,77,77,77,77,77,77,77,77,77,77,77,77,77,77,77,77,77,77,82,82,82,82,82,82,82],"card_choices":[{"not_picked":["Escape Plan","Prepared"],"picked":"Deadly Poison","floor":1},{"not_picked":["Blur","Acrobatics"],"picked":"Poisoned Stab","floor":2},{"not_picked":["Footwork","Deadly Poison"],"picked":"Crippling Poison","floor":4},{"not_picked":["Bane","Dodge and Roll"],"picked":"Backflip","floor":5},{"not_picked":["Accuracy","Quick Slash"],"picked":"Bane","floor":11},{"not_picked":["Bane","Prepared"],"picked":"Outmaneuver","floor":13},{"not_picked":["Flying Knee","Dodge and Roll"],"picked":"Heel Hook","floor":14},{"not_picked":["Venomology","Grand Finale"],"picked":"Burst","floor":16},{"not_picked":["Flying Knee","Backflip"],"picked":"Deflect","floor":18},{"not_picked":["Poisoned Stab","Expertise"],"picked":"Backflip+1","floor":20},{"not_picked":["Accuracy","Dodge and Roll","Prepared"],"picked":"SKIP","floor":22},{"not_picked":["Backflip","Bane","Slice"],"picked":"SKIP","floor":31}],"player_experience":314659,"relics_obtained":[{"floor":9,"key":"Du-Vu Doll"},{"floor":24,"key":"Red Mask"},{"floor":26,"key":"HornCleat"}],"event_choices":[{"damage_healed":0,"gold_gain":100,"player_choice":"Pray","damage_taken":0,"max_hp_gain":0,"max_hp_loss":0,"event_name":"Golden Shrine","floor":3,"gold_loss":0},{"damage_healed":0,"gold_gain":0,"player_choice":"Simplicity","damage_taken":0,"max_hp_gain":0,"max_hp_loss":0,"event_name":"Back to Basics","floor":19,"gold_loss":0,"cards_upgraded":["Strike_G","Strike_G","Defend_G","Defend_G","Defend_G","Defend_G","Defend_G"]},{"damage_healed":0,"gold_gain":0,"player_choice":"Fought Bandits","damage_taken":0,"max_hp_gain":0,"max_hp_loss":0,"event_name":"Masked Bandits","floor":24,"gold_loss":0},{"cards_removed":["Accuracy"],"damage_healed":0,"gold_gain":0,"player_choice":"Gave Gold","damage_taken":0,"max_hp_gain":0,"max_hp_loss":0,"event_name":"Beggar","floor":27,"gold_loss":75},{"damage_healed":0,"gold_gain":0,"player_choice":"Shed Blood","damage_taken":19,"max_hp_gain":5,"max_hp_loss":0,"event_name":"Forgotten Altar","floor":28,"gold_loss":0}],"is_beta":false,"boss_relics":[{"not_picked":["Black Star","SacredBark"],"picked":"Astrolabe"}],"items_purged_floors":[],"is_endless":false,"potions_floor_spawned":[1,11,13,24,31],"killed_by":"Collector","ascension_level":3}}