{"host":"q9718omregw4er46","time":1609671812,"event":{"mods":["BaseMod","Bestiary","Colored Powertips","Minty Spire (QoL Compilation)","Quick Restart","Relic Stats"],"gold_per_floor":[18,18,34,48,64,64,92,92,144,154,186,196,229,246,246,325,325,337,357,357,357],"floor_reached":20,"playtime":649,"items_purged":[],"score":546,"play_id":"10450143-8007-4165-8860-4761cb7b4e70","local_time":"20210103160332","is_ascension_mode":true,"campfire_choices":[{"data":"CarveReality","floor":6,"key":"SMITH"},{"data":"TalkToTheHand","floor":15,"key":"SMITH"}],"circlet_count":0,"master_deck":["AscendersBane","Strike_P","Strike_P","Strike_P+1","Defend_P","Defend_P","Defend_P","Defend_P","Eruption+1","Vigilance","FollowUp+1","CarveReality+1","Meditate","TalkToTheHand+1","FlyingSleeves","Vault","Wireheading","EmptyMind+1"],"relics":["PureWater","Torii","Ornamental Fan","Whetstone","Lantern","Question Card","SacredBark"],"acts_visited":["Exordium","TheCity"],"potions_floor_usage":[7,13,20],"damage_taken":[{"damage":1,"enemies":"Small Slimes","floor":1,"turns":4},{"damage":0,"enemies":"Cultist","floor":3,"turns":3},{"damage":1,"enemies":"Jaw Worm","floor":4,"turns":2},{"damage":1,"enemies":"Red Slaver","floor":5,"turns":2},{"damage":24,"enemies":"3 Sentries","floor":7,"turns":8},{"damage":1,"enemies":"Gremlin Gang","floor":10,"turns":3},{"damage":0,"enemies":"Gremlin Nob","floor":11,"turns":2},{"damage":0,"enemies":"2 Fungi Beasts","floor":12,"turns":3},{"damage":2,"enemies":"3 Sentries","floor":13,"turns":5},{"damage":13,"enemies":"Large Slime","floor":14,"turns":3},{"damage":0,"enemies":"Slime Boss","floor":16,"turns":5},{"damage":13,"enemies":"Spheric Guardian","floor":18,"turns":5},{"damage":13,"enemies":"2 Thieves","floor":19,"turns":3},{"damage":41,"enemies":"Chosen and Byrds","floor":20,"turns":4}],"seed_played":"-2712008875119320739","potions_obtained":[{"floor":3,"key":"GamblersBrew"},{"floor":4,"key":"LiquidBronze"},{"floor":13,"key":"SpeedPotion"},{"floor":14,"key":"GamblersBrew"},{"floor":19,"key":"DistilledChaos"}],"is_trial":false,"path_per_floor":["M","?","M","M","M","R","E","?","T","M","E","M","E","M","R","B",null,"M","M","M"],"character_chosen":"WATCHER","items_purchased":[],"campfire_rested":0,"item_purchase_floors":[],"current_hp_per_floor":[60,60,60,59,58,58,34,34,34,33,33,33,31,18,18,18,56,43,30,0,0],"gold":357,"neow_bonus":"ONE_RARE_RELIC","is_daily":false,"chose_seed":false,"campfire_upgraded":2,"win_rate":0.0,"timestamp":1609671812,"path_taken":["M","?","M","M","?","R","E","?","T","?","E","M","E","M","R","BOSS","M","?","M"],"items_purchased_type":[],"build_version":"2020-12-22","purchased_purges":0,"victory":false,"max_hp_per_floor":[68,68,68,68,68,68,68,68,68,68,68,68,68,68,68,68,68,68,68,68,68],"relic_stats":{"Torii":27,"counters":[14,52],"Ornamental Fan":[56],"Whetstone":["Eruption","Strike_P"],"Question Card":4,"obtain_stats":[{"Lantern":11,"Torii":0,"Ornamental Fan":7,"SacredBark":17,"Whetstone":9,"PureWater":0,"Question Card":13},{"Lantern":7,"Torii":0,"Ornamental Fan":5,"SacredBark":11,"Whetstone":5,"PureWater":0,"Question Card":9},{"Lantern":24,"Torii":0,"Ornamental Fan":19,"SacredBark":40,"Whetstone":19,"PureWater":0,"Question Card":32}]},"card_choices":[{"not_picked":["Protect","WindmillStrike"],"picked":"FollowUp","floor":1},{"not_picked":["Weave","SignatureMove"],"picked":"CarveReality","floor":3},{"not_picked":["Prostrate","ThirdEye","PathToVictory"],"picked":"SKIP","floor":4},{"not_picked":["MentalFortress","EmptyBody"],"picked":"Meditate","floor":5},{"not_picked":["ThirdEye","ClearTheMind"],"picked":"TalkToTheHand","floor":7},{"not_picked":["Judgement","SashWhip","FollowUp"],"picked":"SKIP","floor":10},{"not_picked":["Collect","WindmillStrike","LikeWater"],"picked":"SKIP","floor":11},{"not_picked":["ClearTheMind","CrushJoints","WheelKick"],"picked":"SKIP","floor":12},{"not_picked":["Protect","SandsOfTime"],"picked":"FlyingSleeves","floor":13},{"not_picked":["SandsOfTime","ConjureBlade","Prostrate","PathToVictory"],"picked":"SKIP","floor":14},{"not_picked":["Ragnarok","SpiritShield","Wish"],"picked":"Vault","floor":16},{"not_picked":["SashWhip","EmptyBody","Study"],"picked":"Wireheading","floor":18},{"not_picked":["PathToVictory","FlurryOfBlows","SignatureMove"],"picked":"EmptyMind+1","floor":19}],"player_experience":1160338,"relics_obtained":[{"floor":7,"key":"Ornamental Fan"},{"floor":9,"key":"Whetstone"},{"floor":11,"key":"Lantern"},{"floor":13,"key":"Question Card"}],"event_choices":[{"damage_healed":0,"gold_gain":0,"player_choice":"Upgraded","damage_taken":0,"max_hp_gain":0,"max_hp_loss":0,"event_name":"Upgrade Shrine","floor":2,"gold_loss":0,"cards_upgraded":["FollowUp"]},{"cards_removed":["Strike_P"],"damage_healed":0,"gold_gain":0,"player_choice":"Purged","damage_taken":0,"max_hp_gain":0,"max_hp_loss":0,"event_name":"Purifier","floor":8,"gold_loss":0}],"is_beta":false,"boss_relics":[{"not_picked":["Runic Dome","Tiny House"],"picked":"SacredBark"}],"items_purged_floors":[],"is_endless":false,"potions_floor_spawned":[3,4,5,13,14,19],"killed_by":"Chosen and Byrds","ascension_level":20}}