{"host":"5fasz840ryq7obdf","time":1609681672,"event":{"mods":["2.2 Compatiblity","AchievementEnabler","BaseMod","Bestiary","Better Altar","Better Skull","Better Third Choice","BetterRewards","Block Reminder","Colored Powertips","Curses Come First","Downfall","Minty Spire (QoL Compilation)","Quick Restart","Relic Sorter","Relic Stats","Shop Mod","Spicy Shops","StSLib","SuperFastMode","ojb\u0027s Better Paths Mod","ojb\u0027s Info Mod"],"gold_per_floor":[99,99,99,99,42,69,69,69,69,69],"floor_reached":8,"playtime":254,"items_purged":[],"score":58,"play_id":"e615d0d9-9cc4-476b-b15d-1ba12e8f9961","local_time":"20210103134752","is_ascension_mode":true,"campfire_choices":[{"data":"Slimebound:Split","floor":1.0,"key":"SMITH"}],"circlet_count":0,"master_deck":["Slimebound:Strike_Slimebound","Slimebound:Strike_Slimebound","Slimebound:Strike_Slimebound+1","Slimebound:Tackle","Slimebound:Defend_Slimebound","Slimebound:Defend_Slimebound+1","Slimebound:Defend_Slimebound","Slimebound:Defend_Slimebound","Slimebound:Split+1","Slimebound:CorrosiveSpit+1","Slimebound:DouseInSlime","Regret","Slimebound:PressTheAttack","Slimebound:OneTwoCombo","Slimebound:SplitBruiser","Slimebound:Teamwork"],"relics":["Slimebound:AbsorbEndCombat","Mummified Hand","Slimebound:GreedOozeRelic","Meat on the Bone","Shuriken"],"acts_visited":["Exordium"],"potions_floor_usage":[],"damage_taken":[{"damage":21.0,"enemies":"downfall:FleeingMerchant","floor":5.0,"turns":4.0},{"damage":29.0,"enemies":"Gremlin Nob","floor":6.0,"turns":3.0},{"damage":27,"enemies":"3 Sentries","floor":8,"turns":3}],"seed_played":"6589935423354180094","potions_obtained":[{"floor":6.0,"key":"SteroidPotion"}],"is_trial":false,"path_per_floor":["R","?","T","?","$","E","T","E"],"character_chosen":"SLIMEBOUND","items_purchased":["Slimebound:OneTwoCombo","Slimebound:SplitBruiser"],"campfire_rested":0,"item_purchase_floors":[5,5],"current_hp_per_floor":[42,42,42,42,35,20,20,0,0,0],"gold":69,"neow_bonus":"THREE_RARE_CARDS","is_daily":false,"chose_seed":false,"campfire_upgraded":1,"win_rate":0.0,"timestamp":1609681672,"path_taken":["R","?","?","?","$","E","T","E"],"items_purchased_type":["Card","Card"],"build_version":"2020-12-22","purchased_purges":0,"victory":false,"max_hp_per_floor":[60,60,60,60,60,60,60,60,60,60],"relic_stats":{"counters":[3,10],"Mummified Hand":[0],"Shuriken":[0],"obtain_stats":[{"Slimebound:GreedOozeRelic":4,"Mummified Hand":3,"Shuriken":7,"Slimebound:AbsorbEndCombat":0,"Meat on the Bone":6},{"Slimebound:GreedOozeRelic":0,"Mummified Hand":0,"Shuriken":2,"Slimebound:AbsorbEndCombat":0,"Meat on the Bone":2},{"Slimebound:GreedOozeRelic":0,"Mummified Hand":0,"Shuriken":7,"Slimebound:AbsorbEndCombat":0,"Meat on the Bone":7}],"Meat on the Bone":0},"card_choices":[{"not_picked":["Slimebound:MassRepurpose","Slimebound:WasteNot"],"picked":"Slimebound:DouseInSlime","floor":0.0},{"not_picked":["Slimebound:ServeAndProtect","Slimebound:FinishingTackle"],"picked":"Slimebound:PressTheAttack","floor":5.0},{"not_picked":["Slimebound:LeechingTouch","Slimebound:FirmFortitude"],"picked":"Slimebound:Teamwork","floor":6.0}],"player_experience":1432385,"relics_obtained":[{"floor":3.0,"key":"Mummified Hand"},{"floor":6.0,"key":"Meat on the Bone"},{"floor":7.0,"key":"Shuriken"}],"event_choices":[],"is_beta":false,"boss_relics":[],"items_purged_floors":[],"is_endless":false,"potions_floor_spawned":[6],"killed_by":"3 Sentries","ascension_level":3}}