{"host":"chv1qanoipyt46jc","time":1609643218,"event":{"mods":["2.2 Compatiblity","AchievementEnabler","BaseMod","BetterRewards","CapriCore","Card Filter","Evolution","Gold Saver","Grow up Mod","Minty Spire (QoL Compilation)","Rare Cards Sparkle","Relic Filter","Remove Card Discount Mod","Reorder Act Four","StSLib"],"gold_per_floor":[815,834,845,845,845,875,1050,1061,1061,1061,1079,1097,1087,1099,1099,1203,1203,1221,1237,1247,1247,1260,1260,1260,1273,1273,1289,1314,1314,1344,1364,1364,1465,1465,1476,1470,1490,1510,1530,1561,1575,1575,1575,1604,1604,1600,1615,1615,1615,1615,1615,1615,1615,1649,1649],"floor_reached":56,"playtime":2428,"items_purged":["Bash","Dark Embrace","Thunderclap","Seeing Red","Shrug It Off","Thunderclap","Doubt","Thunderclap","Thunderclap","Thunderclap","Shrug It Off","Shrug It Off+1","Shrug It Off+1","Armaments+1","Demon Form+1","Demon Form+1"],"score":1655,"play_id":"9fb977b4-ac37-4bbc-9e32-33d68b2ee73f","local_time":"20210102210657","is_ascension_mode":false,"campfire_choices":[{"floor":10,"key":"RECALL"},{"data":"Armaments","floor":15,"key":"SMITH"},{"data":"Pommel Strike","floor":23,"key":"SMITH"},{"data":"Pommel Strike","floor":24,"key":"SMITH"},{"data":"Seeing Red","floor":29,"key":"SMITH"},{"data":"Seeing Red","floor":32,"key":"SMITH"},{"floor":42,"key":"REST"},{"floor":45,"key":"REST"},{"floor":49,"key":"REST"},{"floor":53,"key":"REST"}],"circlet_count":0,"master_deck":["Dark Embrace+1","Pommel Strike+1","Inflame+1","Pommel Strike+1","Inflame+1","Inflame+1","Bloodletting+1","Inflame+1","Inflame+1","Seeing Red+1","Inflame+1","Seeing Red+1","Inflame+1","Inflame+1","Dark Embrace+1"],"relics":["Black Blood","EVO:Axolotl","Medical Kit","Frozen Egg 2","HornCleat","Sozu","WingedGreaves","Blood Vial","Omamori","Centennial Puzzle","Bag of Marbles","The Courier","Ancient Tea Set","Bottled Lightning"],"acts_visited":["Exordium","TheCity","TheBeyond","TheEnding"],"potions_floor_usage":[55,55],"damage_taken":[{"damage":3.0,"enemies":"2 Louse","floor":1.0,"turns":3.0},{"damage":7,"enemies":"Small Slimes","floor":2,"turns":2},{"damage":3,"enemies":"Cultist","floor":3,"turns":3},{"damage":3,"enemies":"Lagavulin","floor":6,"turns":4},{"damage":8,"enemies":"Large Slime","floor":8,"turns":3},{"damage":3,"enemies":"Exordium Thugs","floor":11,"turns":4},{"damage":7,"enemies":"2 Fungi Beasts","floor":12,"turns":3},{"damage":8,"enemies":"Lots of Slimes","floor":14,"turns":4},{"damage":37,"enemies":"The Guardian","floor":16,"turns":9},{"damage":13,"enemies":"Chosen","floor":18,"turns":5},{"damage":22,"enemies":"Shell Parasite","floor":19,"turns":4},{"damage":4,"enemies":"Sentry and Sphere","floor":20,"turns":4},{"damage":22,"enemies":"Shelled Parasite and Fungi","floor":22,"turns":4},{"damage":0,"enemies":"Snecko","floor":25,"turns":4},{"damage":16,"enemies":"Cultist and Chosen","floor":27,"turns":4},{"damage":36,"enemies":"Slavers","floor":28,"turns":3},{"damage":13,"enemies":"Gremlin Leader","floor":30,"turns":3},{"damage":6,"enemies":"Snake Plant","floor":31,"turns":3},{"damage":23,"enemies":"Automaton","floor":33,"turns":3},{"damage":13,"enemies":"Orb Walker","floor":35,"turns":3},{"damage":50,"enemies":"3 Darklings","floor":37,"turns":3},{"damage":34,"enemies":"Jaw Worm Horde","floor":38,"turns":3},{"damage":51,"enemies":"4 Shapes","floor":39,"turns":4},{"damage":65,"enemies":"Reptomancer","floor":40,"turns":3},{"damage":21,"enemies":"Writhing Mass","floor":41,"turns":3},{"damage":27,"enemies":"Nemesis","floor":44,"turns":3},{"damage":3,"enemies":"Spire Growth","floor":47,"turns":2},{"damage":32,"enemies":"Donu and Deca","floor":50,"turns":2},{"damage":37,"enemies":"Shield and Spear","floor":54,"turns":2},{"damage":128,"enemies":"The Heart","floor":55,"turns":4}],"seed_played":"-1080686867989669718","potions_obtained":[{"floor":6,"key":"Block Potion"},{"floor":8,"key":"Weak Potion"},{"floor":11,"key":"Weak Potion"}],"is_trial":false,"path_per_floor":["M","M","M","?","?","E","?","M","T","R","M","M","$","M","R","B",null,"M","M","M","?","M","R","R","M","T","M","E","R","E","M","R","B",null,"M","$","M","M","M","E","M","R","T","E","R","$","M","?","R","B",null,"$","R","E","B",null],"character_chosen":"IRONCLAD","items_purchased":["Medical Kit","Seeing Red","Dark Embrace","Frozen Egg 2","Dark Embrace+1","Armaments","Pommel Strike","Inflame+1","Pommel Strike","Inflame+1","Inflame+1","Bloodletting"],"campfire_rested":4,"item_purchase_floors":[0,0,0,0,0,0,0,0,0,0,0,0],"current_hp_per_floor":[58,67,80,65,75,88,98,106,116,126,139,148,158,166,176,155,263,266,260,272,282,276,286,296,312,322,324,306,316,321,333,343,338,433,442,452,425,415,388,347,350,510,520,517,543,553,563,573,583,573,603,613,623,608,504],"gold":1649,"neow_bonus":"","is_daily":false,"chose_seed":false,"campfire_upgraded":5,"win_rate":0.0,"timestamp":1609643217,"path_taken":["M","M","M","?","?","E","?","M","T","R","M","M","$","M","R","BOSS","M","M","M","?","?","R","R","M","T","M","E","R","E","M","R","BOSS","M","$","M","M","M","E","M","R","T","E","R","$","M","?","R","BOSS","$","R","E","BOSS"],"items_purchased_type":["Relic","Card","Card","Relic","Card","Card","Card","Card","Card","Card","Card","Card"],"build_version":"2020-12-22","purchased_purges":16,"victory":true,"max_hp_per_floor":[103,113,123,133,143,153,163,173,183,193,203,213,223,233,243,253,263,273,283,293,303,313,323,333,343,353,363,373,383,393,403,413,423,433,443,453,463,473,483,493,503,513,523,533,543,553,563,573,583,593,603,613,623,633,643],"card_choices":[{"not_picked":["Shrug It Off","Seeing Red"],"picked":"Inflame+1","floor":1},{"not_picked":["Pommel Strike","Armaments","Pummel"],"picked":"SKIP","floor":2},{"not_picked":["Armaments","Bloodletting","Pommel Strike"],"picked":"SKIP","floor":3},{"not_picked":["Shrug It Off","Dark Embrace+1","Pummel"],"picked":"SKIP","floor":6},{"not_picked":["Iron Wave","Pommel Strike"],"picked":"Inflame+1","floor":8},{"not_picked":["Iron Wave","Pommel Strike","Armaments"],"picked":"SKIP","floor":11},{"not_picked":["Pommel Strike","Shrug It Off","Iron Wave"],"picked":"SKIP","floor":12},{"not_picked":["Carnage","Pommel Strike","Iron Wave"],"picked":"SKIP","floor":14},{"not_picked":["Bludgeon","Offering"],"picked":"Demon Form+1","floor":16},{"not_picked":["Armaments+1","Shrug It Off"],"picked":"Seeing Red","floor":18},{"not_picked":["Bloodletting","Armaments"],"picked":"Inflame+1","floor":19},{"not_picked":["Iron Wave+1","Shrug It Off"],"picked":"Seeing Red","floor":20},{"not_picked":["Shrug It Off","Iron Wave","Bloodletting"],"picked":"SKIP","floor":22},{"not_picked":["Bloodletting","Demon Form+1","Carnage"],"picked":"SKIP","floor":25},{"not_picked":["Carnage","Armaments","Seeing Red"],"picked":"SKIP","floor":27},{"not_picked":["Searing Blow+1","Iron Wave"],"picked":"Inflame+1","floor":28},{"not_picked":["Shrug It Off","Armaments","Pummel"],"picked":"SKIP","floor":30},{"not_picked":["Seeing Red","Armaments","Iron Wave"],"picked":"SKIP","floor":31},{"not_picked":["Offering","Bludgeon"],"picked":"Demon Form+1","floor":33},{"not_picked":["Shrug It Off+1","Dark Embrace+1","Bloodletting+1"],"picked":"SKIP","floor":35},{"not_picked":["Pommel Strike","Searing Blow","Anger"],"picked":"SKIP","floor":37},{"not_picked":["Carnage","Burning Pact","Anger"],"picked":"SKIP","floor":38},{"not_picked":["Searing Blow","Pommel Strike","Pummel+1"],"picked":"SKIP","floor":39},{"not_picked":["Inflame+1","Reaper","Iron Wave+1"],"picked":"SKIP","floor":40},{"not_picked":["Carnage","Shrug It Off+1"],"picked":"Inflame+1","floor":41},{"not_picked":["Shrug It Off+1","Anger","Dark Embrace+1"],"picked":"SKIP","floor":44},{"not_picked":["Anger","Shrug It Off","Carnage+1"],"picked":"SKIP","floor":47},{"not_picked":["Burning Pact","Bludgeon"],"picked":"Dark Embrace+1","floor":54}],"player_experience":278786,"relics_obtained":[{"floor":6,"key":"HornCleat"},{"floor":26,"key":"Blood Vial"},{"floor":28,"key":"Omamori"},{"floor":30,"key":"Centennial Puzzle"},{"floor":40,"key":"Bag of Marbles"},{"floor":43,"key":"The Courier"},{"floor":44,"key":"Ancient Tea Set"},{"floor":54,"key":"Bottled Lightning"}],"event_choices":[{"damage_healed":0,"gold_gain":0,"player_choice":"Entered Light","damage_taken":25,"max_hp_gain":0,"max_hp_loss":0,"event_name":"Shining Light","floor":4,"gold_loss":0,"cards_upgraded":["Shrug It Off","Shrug It Off"]},{"damage_healed":0,"gold_gain":0,"player_choice":"Grow","damage_taken":0,"max_hp_gain":0,"max_hp_loss":0,"event_name":"Living Wall","floor":5,"gold_loss":0,"cards_upgraded":["Bloodletting"]},{"damage_healed":0,"gold_gain":175,"player_choice":"AGREE","damage_taken":0,"max_hp_gain":0,"max_hp_loss":0,"event_name":"Liars Game","floor":7,"gold_loss":0,"cards_obtained":["Doubt"]},{"damage_healed":0,"gold_gain":0,"player_choice":"Gave Potion","damage_taken":0,"relics_obtained":["WingedGreaves"],"max_hp_gain":0,"max_hp_loss":0,"event_name":"WeMeetAgain","floor":21,"gold_loss":0},{"damage_healed":0,"gold_gain":0,"player_choice":"Ignored","damage_taken":0,"max_hp_gain":0,"max_hp_loss":0,"event_name":"Transmorgrifier","floor":48,"gold_loss":0}],"is_beta":false,"boss_relics":[{"not_picked":["Empty Cage","Runic Dome"],"picked":"Sozu"},{"not_picked":["SlaversCollar","Pandora\u0027s Box"],"picked":"Black Blood"}],"items_purged_floors":[0,0,0,0,0,0,13,13,13,13,13,36,36,36,46,46],"is_endless":false,"potions_floor_spawned":[6,8,11,14,19,20,27,28,30,39,40,47,54],"ascension_level":0}}