{"host":"6pgtslebjnyv5xmi","time":1609678370,"event":{"mods":["AchievementEnabler","BaseMod","Colored Map","Minty Spire (QoL Compilation)","Rare Cards Sparkle","StSLib","SuperFastMode","everything is the same but u backflip on backflip"],"gold_per_floor":[218,230,149,149,149,149,174,236,236,54,54,75,75,90,90,213,213,227,227,227,227,277,277,290,290,362,362,362],"floor_reached":27,"playtime":876,"items_purged":[],"score":232,"play_id":"1285872a-3381-4fe8-91e9-2c770aa1e79e","local_time":"20210103215250","is_ascension_mode":false,"campfire_choices":[{"data":"Whirlwind","floor":6.0,"key":"SMITH"},{"floor":13.0,"key":"REST"},{"data":"Apotheosis","floor":15.0,"key":"SMITH"},{"floor":23.0,"key":"REST"},{"data":"Limit Break","floor":25,"key":"SMITH"}],"circlet_count":0,"master_deck":["Strike_R","Strike_R","Strike_R","Strike_R","Strike_R","Defend_R","Defend_R","Defend_R+1","Defend_R","Bash","Armaments+1","Whirlwind+1","Headbutt","Impervious","Apotheosis+1","Limit Break+1","Ghostly","Ghostly","Ghostly","Ghostly","Ghostly"],"relics":["Burning Blood","Art of War","Anchor","Smiling Mask","CaptainsWheel","Golden Idol","SacredBark","Enchiridion","Blue Candle"],"acts_visited":["Exordium","TheCity"],"potions_floor_usage":[24,24,24],"damage_taken":[{"damage":5.0,"enemies":"Cultist","floor":1.0,"turns":4.0},{"damage":0.0,"enemies":"Small Slimes","floor":2.0,"turns":3.0},{"damage":19.0,"enemies":"3 Sentries","floor":7.0,"turns":4.0},{"damage":26.0,"enemies":"3 Sentries","floor":8.0,"turns":5.0},{"damage":0.0,"enemies":"Jaw Worm","floor":12.0,"turns":4.0},{"damage":8.0,"enemies":"Large Slime","floor":14.0,"turns":7.0},{"damage":10.0,"enemies":"The Guardian","floor":16.0,"turns":13.0},{"damage":36.0,"enemies":"Shell Parasite","floor":18.0,"turns":12.0},{"damage":10,"enemies":"2 Thieves","floor":24,"turns":2},{"damage":33,"enemies":"Shelled Parasite and Fungi","floor":27,"turns":9}],"seed_played":"8356994490070567637","potions_obtained":[{"floor":2.0,"key":"Weak Potion"},{"floor":8.0,"key":"LiquidMemories"},{"floor":16.0,"key":"BlessingOfTheForge"},{"floor":18.0,"key":"LiquidMemories"}],"is_trial":false,"path_per_floor":["M","M","$","?","?","R","E","?","T","$","?","M","R","M","R","B",null,"M","?","$","?","?","R","M","R","T","M"],"character_chosen":"IRONCLAD","items_purchased":["Whirlwind","Apotheosis"],"campfire_rested":2,"item_purchase_floors":[3,10],"current_hp_per_floor":[80,80,80,62,46,46,33,13,13,13,13,19,41,39,39,35,74,44,28,28,28,28,37,33,33,33,0,0],"gold":362,"neow_bonus":"HUNDRED_GOLD","is_daily":false,"chose_seed":false,"campfire_upgraded":3,"win_rate":0.0,"timestamp":1609678370,"path_taken":["M","?","$","?","?","R","E","?","T","?","?","M","R","M","R","BOSS","M","?","$","?","?","R","M","R","T","M"],"items_purchased_type":["Card","Card"],"build_version":"2020-12-22","purchased_purges":0,"victory":false,"max_hp_per_floor":[80,80,80,80,80,80,80,80,80,80,74,74,74,74,74,74,74,74,74,74,37,37,37,37,37,37,37,37],"card_choices":[{"not_picked":["Thunderclap","Body Slam"],"picked":"Armaments","floor":1.0},{"not_picked":["Body Slam","Twin Strike","Cleave"],"picked":"SKIP","floor":2.0},{"not_picked":["Feel No Pain","Ghostly Armor"],"picked":"Headbutt","floor":7.0},{"not_picked":["Shrug It Off","Body Slam"],"picked":"Impervious","floor":8.0},{"not_picked":["Pommel Strike","Pummel","Havoc"],"picked":"SKIP","floor":12.0},{"not_picked":["Havoc","Clothesline","Entrench"],"picked":"SKIP","floor":14.0},{"not_picked":["Impervious","Barricade"],"picked":"Limit Break","floor":16.0},{"not_picked":["Body Slam","Havoc+1","Anger"],"picked":"SKIP","floor":18.0},{"not_picked":["Burning Pact","Warcry","Brutality"],"picked":"SKIP","floor":24}],"player_experience":674084,"relics_obtained":[{"floor":7.0,"key":"Anchor"},{"floor":8.0,"key":"Smiling Mask"},{"floor":9.0,"key":"CaptainsWheel"},{"floor":19.0,"key":"Enchiridion"},{"floor":26,"key":"Blue Candle"}],"event_choices":[{"damage_healed":0.0,"max_hp_gain":0.0,"max_hp_loss":0.0,"gold_gain":0.0,"event_name":"Scrap Ooze","player_choice":"Success","floor":4.0,"gold_loss":0.0,"damage_taken":18.0,"relics_obtained":["Art of War"]},{"damage_healed":0.0,"max_hp_gain":0.0,"max_hp_loss":0.0,"gold_gain":0.0,"event_name":"Shining Light","player_choice":"Entered Light","floor":5.0,"gold_loss":0.0,"damage_taken":16.0,"cards_upgraded":["Defend_R","Armaments"]},{"damage_healed":0.0,"max_hp_gain":0.0,"max_hp_loss":0.0,"gold_gain":0.0,"event_name":"Dead Adventurer","player_choice":"Searched \u00271\u0027 times","floor":8.0,"gold_loss":0.0,"damage_taken":0.0},{"damage_healed":0.0,"max_hp_gain":0.0,"max_hp_loss":6.0,"gold_gain":0.0,"event_name":"Golden Idol","player_choice":"Lose Max HP","floor":11.0,"gold_loss":0.0,"damage_taken":0.0,"relics_obtained":["Golden Idol"]},{"damage_healed":0.0,"max_hp_gain":0.0,"max_hp_loss":0.0,"gold_gain":0.0,"event_name":"Cursed Tome","player_choice":"Obtained Book","floor":19.0,"gold_loss":0.0,"damage_taken":16.0},{"damage_healed":0.0,"max_hp_gain":0.0,"max_hp_loss":37.0,"gold_gain":0.0,"event_name":"Ghosts","player_choice":"Became a Ghost","floor":21.0,"gold_loss":0.0,"damage_taken":0.0,"cards_obtained":["Ghostly","Ghostly","Ghostly","Ghostly","Ghostly"]},{"damage_healed":0.0,"max_hp_gain":0.0,"max_hp_loss":0.0,"gold_gain":100.0,"event_name":"The Joust","player_choice":"Bet on Murderer","floor":22.0,"gold_loss":50.0,"damage_taken":0.0}],"is_beta":false,"boss_relics":[{"not_picked":["Sozu","Runic Dome"],"picked":"SacredBark"}],"items_purged_floors":[],"is_endless":false,"potions_floor_spawned":[2,8,16,18],"killed_by":"Shelled Parasite and Fungi","ascension_level":0}}