{"host":"uonldg9uriwfhjjx","time":1609658311,"event":{"mods":["AchievementEnabler","BaseMod","Minty Spire (QoL Compilation)","Relic Stats"],"gold_per_floor":[119,119,40,52,70,70,127,127,127,145,145,145,145],"floor_reached":12,"playtime":276,"items_purged":[],"score":112,"play_id":"458b2e3a-4e53-4c1b-b0c2-490da70f64ff","local_time":"20210103021831","is_ascension_mode":true,"campfire_choices":[{"data":"Loop","floor":6,"key":"SMITH"},{"data":"Redo","floor":8,"key":"SMITH"},{"floor":11,"key":"REST"}],"circlet_count":0,"master_deck":["AscendersBane","Strike_B","Strike_B","Strike_B","Strike_B","Defend_B","Defend_B","Defend_B","Defend_B","Zap","Dualcast","Auto Shields","Loop+1","Redo+1"],"relics":["Cracked Core","NeowsBlessing","Bag of Marbles","Matryoshka"],"acts_visited":["Exordium"],"potions_floor_usage":[7,7],"damage_taken":[{"damage":0,"enemies":"Jaw Worm","floor":1,"turns":1},{"damage":0,"enemies":"Cultist","floor":4,"turns":1},{"damage":0,"enemies":"2 Louse","floor":5,"turns":1},{"damage":36,"enemies":"Lagavulin Event","floor":7,"turns":6},{"damage":24,"enemies":"Exordium Thugs","floor":10,"turns":4},{"damage":30,"enemies":"3 Sentries","floor":12,"turns":6}],"seed_played":"-1329102004486689519","potions_obtained":[{"floor":1,"key":"GamblersBrew"},{"floor":4,"key":"ColorlessPotion"}],"is_trial":false,"path_per_floor":["M","?","$","M","M","R","?","R","T","M","R","E"],"character_chosen":"DEFECT","items_purchased":["Loop"],"campfire_rested":1,"item_purchase_floors":[3],"current_hp_per_floor":[68,68,68,68,68,68,32,32,32,8,30,0,0],"gold":145,"neow_bonus":"THREE_ENEMY_KILL","is_daily":false,"chose_seed":false,"campfire_upgraded":2,"win_rate":0.0,"timestamp":1609658311,"path_taken":["M","?","?","M","M","R","?","R","T","?","R","E"],"items_purchased_type":["Card"],"build_version":"2020-12-22","purchased_purges":0,"victory":false,"max_hp_per_floor":[75,75,75,75,75,75,75,75,75,75,75,75,75],"relic_stats":{"counters":[6,19],"obtain_stats":[{"Matryoshka":9,"NeowsBlessing":0,"Bag of Marbles":7,"Cracked Core":0},{"Matryoshka":4,"NeowsBlessing":0,"Bag of Marbles":4,"Cracked Core":0},{"Matryoshka":9,"NeowsBlessing":0,"Bag of Marbles":9,"Cracked Core":0}]},"card_choices":[{"not_picked":["Hologram","Sweeping Beam"],"picked":"Auto Shields","floor":1},{"not_picked":["Hologram","Consume","Conserve Battery"],"picked":"SKIP","floor":4},{"not_picked":["Compile Driver","Hologram","Rebound"],"picked":"SKIP","floor":5},{"not_picked":["Reprogram","Compile Driver"],"picked":"Redo","floor":7},{"not_picked":["Recycle","Sweeping Beam","Streamline"],"picked":"SKIP","floor":10}],"player_experience":713908,"relics_obtained":[{"floor":7,"key":"Bag of Marbles"},{"floor":9,"key":"Matryoshka"}],"event_choices":[{"damage_healed":0,"gold_gain":0,"player_choice":"Bought 0 Potions","damage_taken":0,"max_hp_gain":0,"max_hp_loss":0,"event_name":"The Woman in Blue","floor":2,"gold_loss":0},{"damage_healed":0,"gold_gain":0,"player_choice":"Searched \u00271\u0027 times","damage_taken":0,"max_hp_gain":0,"max_hp_loss":0,"event_name":"Dead Adventurer","floor":7,"gold_loss":0}],"is_beta":false,"boss_relics":[],"items_purged_floors":[],"is_endless":false,"potions_floor_spawned":[1,4,5],"killed_by":"3 Sentries","ascension_level":13}}