{"host":"dntw6kil9p09eemm","time":1609694850,"event":{"mods":["Alarm Clock","Aspiration","BaseMod","Downfall","Hermit","Hubris","Minty Spire (QoL Compilation)","Permanent Neow","Replay The Spire","Shop Mod","StSLib","The Runesmith"],"gold_per_floor":[112,62,82,82,100,142,142,179,256,184,184,184,184,263,263,369,369,397,397,423,243,243,282,282,315,367,154,173,212,212,234,234,344,344,367,367,333,333,361,361,380,405,478,514,534,235,235,263,263,263],"floor_reached":51,"playtime":3073,"items_purged":["hubris:Lust","hexamod:Defend+1"],"score":854,"play_id":"9d9f1c0b-8229-4cb3-9740-66b04ebf5774","local_time":"20210104022730","is_ascension_mode":true,"campfire_choices":[{"data":"hexamod:GhostOfSpirePresent","floor":7.0,"key":"SMITH"},{"data":"hexamod:SuperheatedStrike","floor":13.0,"key":"SMITH"},{"data":"hexamod:WildfireWeapon","floor":15.0,"key":"SMITH"},{"floor":32.0,"key":"REST"},{"floor":40.0,"key":"REST"},{"floor":49.0,"key":"REST"}],"circlet_count":0,"master_deck":["hexamod:Strike+1","hexamod:Strike+1","hexamod:Strike+1","hexamod:Defend+1","hexamod:Defend+1","hexamod:Sear+1","hexamod:Float+1","hexamod:SuperheatedStrike+1","hexamod:SecondSeal","hexamod:GhostOfSpirePresent+1","hexamod:WildfireWeapon+1","hexamod:SixthSeal","hexamod:ThermalTransfer+1","hexamod:GhostOfSpireFuture+1","hexamod:HexaLevel+1","hexamod:StepThrough+1","hexamod:SpectralSpark+1","hexamod:ThermalTransfer+1","hexamod:CatchUp+1","hexamod:SuperheatedStrike+1"],"relics":["hexamod:SpiritBrand","hexamod:BolsterEngine","Potion Belt","Mummified Hand","ReplayTheSpireMod:CursedCoin","MerchantsRug","Molten Egg 2","expansioncontent:StudyCardRelic","Dream Catcher","Boot","Garlic","Replay:Baseball","Medical Kit","Guardian:PocketSentry","aspiration:RitualStick","Busted Crown","hubris:Towel","Question Card","Membership Card","Snack Pack"],"acts_visited":["Exordium","TheCity","TheBeyond"],"potions_floor_usage":[50,50,50],"damage_taken":[{"damage":0.0,"enemies":"Jaw Worm","floor":1.0,"turns":3.0},{"damage":0.0,"enemies":"Small Slimes","floor":3.0,"turns":3.0},{"damage":0.0,"enemies":"2 Louse","floor":5.0,"turns":3.0},{"damage":11.0,"enemies":"Gremlin Nob","floor":6.0,"turns":4.0},{"damage":5.0,"enemies":"Lagavulin","floor":8.0,"turns":5.0},{"damage":4.0,"enemies":"Fading Forest","floor":16.0,"turns":11.0},{"damage":4.0,"enemies":"2 Thieves","floor":18.0,"turns":3.0},{"damage":0.0,"enemies":"Shell Parasite","floor":20.0,"turns":3.0},{"damage":7.0,"enemies":"Book of Stabbing","floor":23.0,"turns":3.0},{"damage":0.0,"enemies":"Replay:Snechameleon","floor":25.0,"turns":3.0},{"damage":8.0,"enemies":"Snecko","floor":28.0,"turns":5.0},{"damage":0.0,"enemies":"Book of Stabbing","floor":29.0,"turns":4.0},{"damage":0.0,"enemies":"3 Cultists","floor":31.0,"turns":4.0},{"damage":10.0,"enemies":"Automaton","floor":33.0,"turns":9.0},{"damage":0.0,"enemies":"3 Darklings","floor":35.0,"turns":4.0},{"damage":0.0,"enemies":"3 Shapes","floor":39.0,"turns":2.0},{"damage":9.0,"enemies":"Writhing Mass","floor":41.0,"turns":4.0},{"damage":0.0,"enemies":"Jaw Worm Horde","floor":42.0,"turns":5.0},{"damage":28.0,"enemies":"Nemesis","floor":44.0,"turns":5.0},{"damage":12.0,"enemies":"Sphere and 2 Shapes","floor":45.0,"turns":4.0},{"damage":0.0,"enemies":"Transient","floor":48.0,"turns":5.0},{"damage":46,"enemies":"Awakened One","floor":50,"turns":10}],"seed_played":"2282599757620846618","potions_obtained":[{"floor":1.0,"key":"PowerPotion"},{"floor":3.0,"key":"EntropicBrew"},{"floor":6.0,"key":"Block Potion"},{"floor":18.0,"key":"BlessingOfTheForge"},{"floor":23.0,"key":"Milkshake"},{"floor":29.0,"key":"PowerPotion"},{"floor":35.0,"key":"Energy Potion"},{"floor":41.0,"key":"Cursed Concoction"},{"floor":42.0,"key":"champ:CounterPotion"},{"floor":45.0,"key":"Dexterity Potion"}],"is_trial":false,"path_per_floor":["M","?","M","?","M","E","R","E","T","$","?","?","R","$","R","B",null,"M","?","M","$","?","E","?","E","T","$","M","E","?","M","R","B",null,"M","?","$","?","M","R","M","M","T","E","M","$","?","M","R","B",null],"character_chosen":"THE_SPIRIT","items_purchased":["ReplayTheSpireMod:CursedCoin","MerchantsRug","hexamod:ThermalTransfer+1","Dream Catcher","hexamod:GhostOfSpireFuture","Medical Kit","hexamod:StepThrough+1","Membership Card","Snack Pack","hexamod:SuperheatedStrike+1"],"campfire_rested":3,"item_purchase_floors":[10,10,21,21,27,27,37,46,46,46],"current_hp_per_floor":[70,70,70,70,70,59,59,54,54,54,59,59,59,59,59,65,75,71,71,71,71,63,56,56,56,56,56,48,48,33,33,55,45,75,75,75,75,71,71,71,62,62,62,34,22,22,22,26,47,9],"gold":263,"neow_bonus":"UPGRADE_CARD","is_daily":false,"chose_seed":false,"campfire_upgraded":3,"win_rate":0.0,"timestamp":1609694850,"path_taken":["M","?","M","?","?","E","R","E","T","$","?","?","R","$","R","BOSS","M","?","M","$","?","E","?","E","T","$","M","E","?","M","R","BOSS","M","?","$","?","M","R","M","M","T","E","?","$","?","?","R","BOSS"],"items_purchased_type":["Relic","Relic","Card","Relic","Card","Relic","Card","Relic","Relic","Card"],"build_version":"2020-12-22","purchased_purges":2,"victory":true,"max_hp_per_floor":[70,70,70,70,70,70,70,70,70,70,75,75,75,75,75,75,75,75,75,75,75,75,75,75,75,75,75,75,75,75,75,75,75,75,75,75,75,71,71,71,71,71,71,71,71,71,71,71,71,71],"card_choices":[{"not_picked":["hexamod:HeatShield","hexamod:HeatMetal"],"picked":"hexamod:SuperheatedStrike","floor":1.0},{"not_picked":["hexamod:RetreatToShadows","hexamod:HeatCrush"],"picked":"hexamod:SecondSeal","floor":3.0},{"not_picked":["hexamod:SwordOfDarkness","hexamod:HauntingEcho"],"picked":"hexamod:GhostOfSpirePresent","floor":5.0},{"not_picked":["hexamod:GhostLash","hexamod:Hexaguard","hexamod:GhostShield"],"picked":"SKIP","floor":6.0},{"not_picked":["hexamod:GhostLash","hexamod:Hexaguard","hexamod:GhostShield"],"picked":"SKIP","floor":6.0},{"not_picked":["hexamod:Rewind","hexamod:Hexaguard"],"picked":"hexamod:WildfireWeapon","floor":8.0},{"not_picked":["hexamod:CrushingStance+1","hexamod:ParanormalForm"],"picked":"hexamod:SixthSeal","floor":16.0},{"not_picked":["hexamod:SwordOfDarkness+1","hexamod:DynamicBlow+1","hexamod:RetreatToShadows"],"picked":"SKIP","floor":18.0},{"not_picked":["hexamod:SpectersWail+1","hexamod:Firestarter+1","hexamod:InspiringFlames"],"picked":"SKIP","floor":20.0},{"not_picked":["champ:Haymaker+1","Clothesline+1","hubris:CleavingFinish+1"],"picked":"SKIP","floor":23.0},{"not_picked":["Guardian:Orbwalk","Runesmith:Empowerment","Reinforced Body+1"],"picked":"SKIP","floor":25.0},{"not_picked":["Guardian:FierceBash+1","Runesmith:CraftVitae","Guardian:RollAttack+1"],"picked":"SKIP","floor":28.0},{"not_picked":["Runesmith:MakeshiftArmor","Slimebound:Chomp+1","hermit:ItchyTrigger+1"],"picked":"SKIP","floor":29.0},{"not_picked":["sneckomod:QuickMove","Poisoned Stab+1","hermit:PistolWhip+1"],"picked":"SKIP","floor":31.0},{"not_picked":["hubris:Prefetch","Slimebound:Teamwork"],"picked":"hexamod:HexaLevel","floor":33.0},{"not_picked":["Runesmith:MakeshiftArmor+1"],"picked":"SKIP","floor":35.0},{"not_picked":["hexamod:InspiringFlames"],"picked":"SKIP","floor":39.0},{"not_picked":[],"picked":"hexamod:SpectralSpark+1","floor":40.0},{"not_picked":[],"picked":"hexamod:ThermalTransfer+1","floor":41.0},{"not_picked":["hexamod:CrushingStance+1"],"picked":"SKIP","floor":42.0},{"not_picked":["hexamod:HauntingEcho+1"],"picked":"hexamod:CatchUp+1","floor":44.0},{"not_picked":["hexamod:SwordOfDarkness+1","hexamod:RainOfEmbers+1"],"picked":"SKIP","floor":45.0},{"not_picked":["hexamod:HauntingEcho+1","hexamod:SuperheatedStrike+1"],"picked":"SKIP","floor":48.0}],"player_experience":537755,"relics_obtained":[{"floor":6.0,"key":"hexamod:BolsterEngine"},{"floor":8.0,"key":"Potion Belt"},{"floor":9.0,"key":"Mummified Hand"},{"floor":22.0,"key":"PrismaticShard"},{"floor":23.0,"key":"Boot"},{"floor":25.0,"key":"Garlic"},{"floor":26.0,"key":"Replay:Baseball"},{"floor":29.0,"key":"Guardian:PocketSentry"},{"floor":43.0,"key":"Question Card"},{"floor":44.0,"key":"StoneCalendar"}],"event_choices":[{"cards_removed":["hexamod:Defend"],"damage_healed":0.0,"max_hp_gain":0.0,"max_hp_loss":0.0,"gold_gain":0.0,"event_name":"The Cleric","player_choice":"Card Removal","floor":2.0,"gold_loss":50.0,"damage_taken":0.0},{"cards_removed":["hexamod:Strike"],"damage_healed":0.0,"max_hp_gain":0.0,"max_hp_loss":0.0,"gold_gain":0.0,"event_name":"Living Wall","player_choice":"Forget","floor":4.0,"gold_loss":0.0,"damage_taken":0.0},{"damage_healed":0.0,"max_hp_gain":5.0,"max_hp_loss":0.0,"gold_gain":0.0,"event_name":"Big Fish","player_choice":"Donut","floor":11.0,"gold_loss":0.0,"damage_taken":0.0},{"cards_removed":["Injury"],"damage_healed":0.0,"max_hp_gain":0.0,"max_hp_loss":0.0,"gold_gain":0.0,"event_name":"Back to Basics","player_choice":"Elegance","floor":19.0,"gold_loss":0.0,"damage_taken":0.0},{"damage_healed":0.0,"max_hp_gain":0.0,"max_hp_loss":0.0,"gold_gain":0.0,"event_name":"Cursed Tome","player_choice":"Ignored","floor":24.0,"gold_loss":0.0,"damage_taken":0.0},{"damage_healed":0.0,"max_hp_gain":0.0,"max_hp_loss":4.0,"gold_gain":0.0,"event_name":"Winding Halls","player_choice":"Max HP","floor":38.0,"gold_loss":0.0,"damage_taken":0.0},{"damage_healed":0.0,"max_hp_gain":0.0,"max_hp_loss":0.0,"gold_gain":0.0,"event_name":"Match and Keep!","player_choice":"0 cards matched","floor":47.0,"gold_loss":0.0,"damage_taken":0.0,"cards_obtained":[]}],"is_beta":false,"boss_relics":[{"not_picked":["hubris:VirtuousBlindfold","Kintsugi"],"picked":"expansioncontent:StudyCardRelic"},{"not_picked":["hubris:TerracottaHorce","Replay:Drink Me"],"picked":"Busted Crown"}],"items_purged_floors":[10,46],"is_endless":false,"potions_floor_spawned":[1,3,6,18,23,29,35,41,42,45],"ascension_level":1}}