{"host":"kw4o7b3ro2ktmmbe","time":1609659223,"event":{"mods":["BaseMod","Evolution","Minty Spire (QoL Compilation)","StSLib","The Gatherer","Wandering Minibosses"],"gold_per_floor":[118,193,368,139,150,150,150,205,231,244,264,281,281,281,281,381,381,393,426,525,525,525,525,525,525],"floor_reached":23,"playtime":2567,"items_purged":["Doubt"],"score":212,"play_id":"4b4e1ff3-ba02-413e-b529-52a5909feab9","local_time":"20210103203343","is_ascension_mode":false,"metric_token":401,"campfire_choices":[{"data":"Gatherer:WitheringStrike","floor":6.0,"key":"SMITH"},{"data":"Gatherer:BlackTea","floor":13,"key":"SMITH"},{"data":"Gatherer:Uplift","floor":15,"key":"SMITH"}],"circlet_count":0,"master_deck":["Gatherer:Defend_Gatherer","Gatherer:Defend_Gatherer","Gatherer:Defend_Gatherer","Gatherer:Defend_Gatherer","Gatherer:Defend_Gatherer","Gatherer:Centralize","Gatherer:FlowerWhip","Gatherer:WitheringStrike+1","Gatherer:BlackTea+1","Gatherer:Liquidism","Gatherer:Uplift+1","Gatherer:Duplicator","Gatherer:Liquidism","Gatherer:PoisonMastery","Gatherer:Misfortune","Gatherer:QuickSynthesis+1","Bite","Bite","Bite","Bite","Bite"],"relics":["Gatherer:AlchemyBag","EVO:Axolotl","Medical Kit","Calipers","Nunchaku","Snecko Eye","Red Mask","MutagenicStrength"],"acts_visited":["Exordium","TheCity"],"potions_floor_usage":[16,16,19],"damage_taken":[{"damage":0.0,"enemies":"2 Louse","floor":1.0,"turns":3.0},{"damage":0.0,"enemies":"Small Slimes","floor":5.0,"turns":3.0},{"damage":18.0,"enemies":"3 Sentries","floor":8.0,"turns":7.0},{"damage":0.0,"enemies":"Cultist","floor":10.0,"turns":3.0},{"damage":9.0,"enemies":"Blue Slaver","floor":11.0,"turns":3.0},{"damage":8,"enemies":"3 Louse","floor":12,"turns":6},{"damage":30,"enemies":"Slime Boss","floor":16,"turns":7},{"damage":36,"enemies":"Spheric Guardian","floor":18,"turns":6},{"damage":41,"enemies":"Masked Bandits","floor":19,"turns":6},{"damage":14,"enemies":"Gremlin Leader","floor":23,"turns":2}],"seed_played":"-2201693105677633847","potions_obtained":[{"floor":1.0,"key":"ColorlessPotion"},{"floor":5.0,"key":"FearPotion"},{"floor":12,"key":"SneckoOil"},{"floor":18,"key":"ColorlessPotion"},{"floor":19,"key":"SteroidPotion"}],"is_trial":false,"path_per_floor":["M","?","?","$","M","R","?","E","T","M","M","M","R","?","R","B",null,"M","?","?","?","?","E"],"character_chosen":"THE_GATHERER","items_purchased":["Medical Kit"],"campfire_rested":0,"item_purchase_floors":[4],"current_hp_per_floor":[79,68,68,68,68,68,68,50,50,50,41,33,33,38,38,8,84,48,7,7,7,7,0,0,0],"gold":525,"neow_bonus":"TEN_PERCENT_HP_BONUS","is_daily":false,"chose_seed":false,"campfire_upgraded":3,"win_rate":0.0,"timestamp":1609659223,"path_taken":["M","?","?","$","M","R","?","E","T","M","?","M","R","?","R","BOSS","M","?","?","?","?","E"],"items_purchased_type":["Relic"],"build_version":"2020-12-22","purchased_purges":1,"victory":false,"max_hp_per_floor":[79,79,79,79,79,79,79,79,79,79,79,79,79,84,84,84,84,84,84,84,84,58,58,58,58],"card_choices":[{"not_picked":["Gatherer:Polymorphism","Gatherer:AcidicSpray","Gatherer:FragileHammer"],"picked":"SKIP","floor":1.0},{"not_picked":["Gatherer:EchoOfNature","Gatherer:AromaProtection"],"picked":"Gatherer:WitheringStrike","floor":5.0},{"not_picked":["Gatherer:FeelingFine","Gatherer:DrugPower"],"picked":"Gatherer:Liquidism","floor":8.0},{"not_picked":["Gatherer:Convert","Gatherer:GatherMaterial"],"picked":"Gatherer:Uplift","floor":10.0},{"not_picked":["Gatherer:VenomBarrier","Gatherer:ScherryThrow"],"picked":"Gatherer:Duplicator","floor":11.0},{"not_picked":["Gatherer:Uplift","Gatherer:OddSpoils"],"picked":"Gatherer:Liquidism","floor":12},{"not_picked":["Gatherer:Photoscythe","Gatherer:GrowBook"],"picked":"Gatherer:PoisonMastery","floor":16},{"not_picked":["Gatherer:Convert","Gatherer:TacticalStrike"],"picked":"Gatherer:Misfortune","floor":18},{"not_picked":["Gatherer:ScherryThrow","Gatherer:AromaProtection"],"picked":"Gatherer:QuickSynthesis+1","floor":19}],"player_experience":1771833,"relics_obtained":[{"floor":8.0,"key":"Calipers"},{"floor":9.0,"key":"Nunchaku"},{"floor":19,"key":"Red Mask"}],"event_choices":[{"damage_healed":0.0,"max_hp_gain":0.0,"max_hp_loss":0.0,"gold_gain":75.0,"event_name":"World of Goop","player_choice":"Gather Gold","floor":2.0,"gold_loss":0.0,"damage_taken":11.0},{"damage_healed":0.0,"max_hp_gain":0.0,"max_hp_loss":0.0,"gold_gain":175.0,"event_name":"Liars Game","player_choice":"AGREE","floor":3.0,"gold_loss":0.0,"damage_taken":0.0,"cards_obtained":["Doubt"]},{"damage_healed":0.0,"max_hp_gain":0.0,"max_hp_loss":0.0,"gold_gain":0.0,"event_name":"Match and Keep!","player_choice":"1 cards matched","floor":7.0,"gold_loss":0.0,"damage_taken":0.0,"cards_obtained":["Gatherer:BlackTea"]},{"damage_healed":0.0,"max_hp_gain":0.0,"max_hp_loss":0.0,"gold_gain":0.0,"event_name":"Match and Keep!","player_choice":"1 cards matched","floor":7.0,"gold_loss":0.0,"damage_taken":0.0,"cards_obtained":["Gatherer:BlackTea"]},{"damage_healed":0,"gold_gain":0,"player_choice":"Donut","damage_taken":0,"max_hp_gain":5,"max_hp_loss":0,"event_name":"Big Fish","floor":14,"gold_loss":0},{"damage_healed":0,"gold_gain":0,"player_choice":"Fought Bandits","damage_taken":0,"max_hp_gain":0,"max_hp_loss":0,"event_name":"Masked Bandits","floor":19,"gold_loss":0},{"damage_healed":0,"gold_gain":99,"player_choice":"Stole From Cult","damage_taken":0,"max_hp_gain":0,"max_hp_loss":0,"event_name":"Nest","floor":20,"gold_loss":0},{"damage_healed":0,"gold_gain":0,"player_choice":"Inject Mutagens","damage_taken":0,"relics_obtained":["MutagenicStrength"],"max_hp_gain":0,"max_hp_loss":0,"event_name":"Drug Dealer","floor":21,"gold_loss":0},{"damage_healed":0,"gold_gain":0,"player_choice":"Became a vampire","damage_taken":0,"max_hp_gain":0,"max_hp_loss":26,"event_name":"Vampires","floor":22,"gold_loss":0,"cards_obtained":["Bite","Bite","Bite","Bite","Bite"]}],"is_beta":false,"boss_relics":[{"not_picked":["Calling Bell","Runic Dome"],"picked":"Snecko Eye"}],"items_purged_floors":[4],"is_endless":false,"potions_floor_spawned":[1,5,12,18,19],"killed_by":"Gremlin Leader","ascension_level":0}}