{"host":"zit9o0ax6c2l3y2b","time":1609655910,"event":{"mods":["Aspiration","BaseMod","Colored Map","Conspire","Downfall","Glutton Mod","Hermit","Hubris","Infinite Spire","Minty Spire (QoL Compilation)","Random Character Button","Relic Filter","Replay The Spire","Shade Mod","Shop Mod","StSLib","The Construct","The Cursed","The Disciple","The Runesmith","TheArtist"],"gold_per_floor":[362,362,399,132,307,307,359,359,359,54,82,130,185,232,232,433,433,496,496,508,557,423,498,498,548,575,575,592,655,723,744,744,897,897,928,983,1052,730,738,738,851,887,937,1022,543,543,580,821,821,811],"floor_reached":51,"playtime":3061,"items_purged":["Glutton:Strike","Doubt"],"score":1089,"play_id":"0333bb46-b866-4340-af5e-45f7e54181ca","local_time":"20210103013830","is_ascension_mode":true,"campfire_choices":[{"data":"Glutton:LashOut","floor":6,"key":"SMITH"},{"data":"Glutton:Chomp","floor":8,"key":"SMITH"},{"data":"Glutton:ToxicResidue","floor":15,"key":"SMITH"},{"data":"Glutton:Chrysosphagy","floor":24,"key":"SMITH"},{"data":"Glutton:Mug","floor":27,"key":"SMITH"},{"data":"Glutton:Mug","floor":40,"key":"SMITH"},{"data":"Glutton:Treasure","floor":46,"key":"SMITH"},{"floor":49,"key":"RECALL"}],"circlet_count":0,"master_deck":["Glutton:Strike","Glutton:Strike","Glutton:Strike","Glutton:Strike+1","Glutton:Strike+1","Glutton:Defend","Glutton:Defend","Glutton:Defend","Glutton:Flail","TheCursedMod:Strike_TheCursed","Defend_P","Glutton:Mug+1","Glutton:ToxicResidue+1","Glutton:LashOut+1","Glutton:Chomp+1","Glutton:Mug+1","Glutton:Chrysosphagy+1","Glutton:Mug+1","Glutton:ShedFat","Glutton:Yearn+1","Glutton:ShedFat","Glutton:Tantrum+1","Glutton:GuardStance+1","Glutton:Treasure+1","ReplayTheSpireMod:Splinters","Glutton:ShedFat","Glutton:Dispepsia+1"],"relics":["Glutton:EternalHunger","conspire:TreasureMap","infinitespire:PuzzleCube","Pet Ghost","hubris:MobiusCoin","hubris:ToyBattleship","hubris:Backtick","Dead Branch","Replay:Bottled Flurry","Bag of Preparation","aspiration:TomeofQuesting","aspiration:StickyExplosives","infinitespire:Cupcake","hubris:DeckOfHolding","Replay:Wax Seal","Whetstone","DollysMirror","Akabeko","infinitespire:CursedDice","Kunai","Pear"],"acts_visited":["Exordium","TheCity","TheBeyond"],"potions_floor_usage":[12,13,16,18,23,25,29,31,44],"damage_taken":[{"damage":10,"enemies":"Jaw Worm","floor":1,"turns":4},{"damage":9,"enemies":"2 Louse","floor":3,"turns":2},{"damage":31,"enemies":"Gremlin Nob","floor":7,"turns":4},{"damage":7,"enemies":"conspire:RoseBush","floor":11,"turns":4},{"damage":16,"enemies":"Gremlin Gang","floor":12,"turns":3},{"damage":46,"enemies":"Replay:BlueRogue","floor":13,"turns":4},{"damage":13,"enemies":"Exordium Wildlife","floor":14,"turns":3},{"damage":3,"enemies":"Slime Boss","floor":16,"turns":3},{"damage":12,"enemies":"Spheric Guardian","floor":18,"turns":3},{"damage":9,"enemies":"Chosen","floor":20,"turns":4},{"damage":20,"enemies":"Shelled Parasite and Fungi","floor":21,"turns":2},{"damage":39,"enemies":"Book of Stabbing","floor":23,"turns":3},{"damage":26,"enemies":"Gremlin Leader","floor":25,"turns":3},{"damage":3,"enemies":"3 Cultists","floor":28,"turns":2},{"damage":4,"enemies":"Centurion and Healer","floor":29,"turns":2},{"damage":5,"enemies":"Slavers","floor":30,"turns":3},{"damage":16,"enemies":"Shelled Parasite and Fungi","floor":31,"turns":2},{"damage":54,"enemies":"conspire:MysteriousRune","floor":33,"turns":5},{"damage":26,"enemies":"3 Shapes","floor":35,"turns":2},{"damage":3,"enemies":"Orb Walker","floor":37,"turns":2},{"damage":3,"enemies":"Jaw Worm Horde","floor":39,"turns":2},{"damage":3,"enemies":"Nemesis","floor":41,"turns":1},{"damage":36,"enemies":"4 Shapes","floor":42,"turns":5},{"damage":30,"enemies":"Reptomancer","floor":44,"turns":3},{"damage":2,"enemies":"Spire Growth","floor":47,"turns":1},{"damage":4,"enemies":"Giant Head","floor":48,"turns":3},{"damage":35,"enemies":"hubris:GrandSnecko","floor":50,"turns":4}],"seed_played":"808978337556325588","potions_obtained":[{"floor":1,"key":"GamblersBrew"},{"floor":3,"key":"Strength Potion"},{"floor":12,"key":"Slimebound:ThreeZeroPotion"},{"floor":13,"key":"ColorlessPotion"},{"floor":16,"key":"SteroidPotion"},{"floor":18,"key":"Adrenaline Potion"},{"floor":28,"key":"Block Potion"},{"floor":30,"key":"Explosive Potion"},{"floor":31,"key":"SteroidPotion"},{"floor":33,"key":"Adrenaline Potion"},{"floor":35,"key":"SkillPotion"},{"floor":36,"key":"Cursed Concoction"},{"floor":47,"key":"Milkshake"}],"is_trial":false,"path_per_floor":["M","?","M","$","?","R","E","R","T","$","M","M","E","M","R","B",null,"M","?","M","M","$","E","R","E","T","R","M","M","E","M","R_BF","B",null,"M","?","M","$","M","R","E","M","T","E","?","R","M","E","R","B",null],"character_chosen":"GLUTTON","items_purchased":["Glutton:LashOut","conspire:TreasureMap","Glutton:Mug","hubris:MobiusCoin","Glutton:Chrysosphagy","Glutton:Tantrum+1","Replay:Wax Seal","Whetstone","DollysMirror"],"campfire_rested":0,"item_purchase_floors":[4,4,10,10,10,22,38,38,38],"current_hp_per_floor":[110,110,101,101,101,101,70,70,70,70,83,67,70,70,70,90,122,110,110,101,88,88,59,59,63,63,63,90,86,81,95,122,103,122,96,96,93,93,90,90,87,92,92,95,95,95,93,99,99,117],"gold":811,"neow_bonus":"TWO_FIFTY_GOLD","is_daily":false,"chose_seed":false,"campfire_upgraded":7,"win_rate":0.0,"timestamp":1609655910,"path_taken":["M","?","M","$","?","R","E","R","T","$","M","M","E","M","R","BOSS","M","?","?","M","$","E","R","E","T","R","?","M","E","M","R_BF","BOSS","M","?","M","$","M","R","E","M","T","E","?","R","M","E","R","BOSS"],"items_purchased_type":["Card","Relic","Card","Relic","Card","Card","Relic","Relic","Relic"],"build_version":"2020-12-22","purchased_purges":2,"victory":true,"max_hp_per_floor":[120,120,120,120,120,120,120,120,120,120,120,120,122,122,122,122,122,122,122,122,122,122,122,122,122,122,122,122,122,122,122,122,122,122,122,122,122,122,122,122,122,122,122,122,122,122,122,132,132,134],"card_choices":[{"not_picked":["Glutton:Strain","Glutton:Overreach"],"picked":"Glutton:Mug","floor":1},{"not_picked":["Glutton:SelfFlagellate","Glutton:Feed"],"picked":"Glutton:ToxicResidue","floor":3},{"not_picked":["Glutton:Megrim","Glutton:Feed"],"picked":"Glutton:Chomp","floor":7},{"not_picked":["Glutton:ShareWeakness","Glutton:Salivate","Glutton:LashOut"],"picked":"SKIP","floor":11},{"not_picked":["Glutton:Feed","Glutton:Dispepsia"],"picked":"Glutton:Mug","floor":12},{"not_picked":["Glutton:Devour","Glutton:Tantrum"],"picked":"Glutton:ShedFat","floor":13},{"not_picked":["Glutton:Throb","Glutton:Tumor"],"picked":"Glutton:Yearn","floor":14},{"not_picked":["Glutton:Demolish+1","Glutton:SelfFlagellate+1","Glutton:Tantrum+1"],"picked":"SKIP","floor":18},{"not_picked":["Glutton:Strain","Glutton:BloodyKnuckle","Glutton:SelfFlagellate+1"],"picked":"SKIP","floor":20},{"not_picked":["Glutton:Brace+1","Glutton:Devour+1","Glutton:LashOut"],"picked":"SKIP","floor":21},{"not_picked":["Glutton:SelfFlagellate","Glutton:FeebleKick","Glutton:Strain"],"picked":"SKIP","floor":23},{"not_picked":["Glutton:Salivate","Glutton:Demolish","Glutton:ShareWeakness"],"picked":"SKIP","floor":25},{"not_picked":["Glutton:Overreach+1","Glutton:Rest","Glutton:Fever+1"],"picked":"SKIP","floor":28},{"not_picked":["Glutton:Rest","Glutton:Slam"],"picked":"Glutton:GuardStance+1","floor":29},{"not_picked":["Glutton:SelfFlagellate+1","Glutton:Torment+1","Glutton:Overreach+1"],"picked":"SKIP","floor":30},{"not_picked":["Glutton:Thrombosis+1","Glutton:SelfFlagellate","Glutton:Demolish"],"picked":"SKIP","floor":31},{"not_picked":["Glutton:Malignancy","Glutton:Excrescence"],"picked":"Glutton:Treasure","floor":33},{"not_picked":["Glutton:SelfFlagellate","Glutton:Torment","Glutton:GuardStance+1"],"picked":"SKIP","floor":35},{"not_picked":["Glutton:Masochism+1","Glutton:Feed+1","Glutton:EatAlive"],"picked":"SKIP","floor":37},{"not_picked":["Glutton:DistilledAgony","Glutton:SelfFlagellate+1"],"picked":"Glutton:Dispepsia+1","floor":39},{"not_picked":["Glutton:FeverVisions+1","Glutton:PainMeditation+1","Glutton:Mug"],"picked":"SKIP","floor":41},{"not_picked":["Glutton:Profligacy+1","Glutton:ShareWeakness","Glutton:Masochism"],"picked":"SKIP","floor":42},{"not_picked":["Glutton:Thrombosis+1","Glutton:PainMeditation+1","Glutton:KneeJerk+1"],"picked":"SKIP","floor":44},{"not_picked":["Glutton:Salivate+1","Glutton:Overreach","Glutton:PainMeditation"],"picked":"SKIP","floor":47},{"not_picked":["Glutton:EatAlive","Glutton:Avarice","Glutton:Thrombosis"],"picked":"SKIP","floor":48}],"player_experience":440875,"relics_obtained":[{"floor":7,"key":"infinitespire:PuzzleCube"},{"floor":9,"key":"Pet Ghost"},{"floor":13,"key":"hubris:ToyBattleship"},{"floor":23,"key":"Replay:Bottled Flurry"},{"floor":25,"key":"Bag of Preparation"},{"floor":26,"key":"aspiration:TomeofQuesting"},{"floor":30,"key":"aspiration:StickyExplosives"},{"floor":36,"key":"hubris:DeckOfHolding"},{"floor":41,"key":"Akabeko"},{"floor":43,"key":"infinitespire:CursedDice"},{"floor":44,"key":"Kunai"},{"floor":48,"key":"Pear"}],"event_choices":[{"damage_healed":0,"gold_gain":175,"player_choice":"AGREE","damage_taken":0,"max_hp_gain":0,"max_hp_loss":0,"event_name":"Liars Game","floor":5,"gold_loss":0,"cards_obtained":["Doubt"]},{"damage_healed":0,"gold_gain":0,"player_choice":"Copied","damage_taken":0,"max_hp_gain":0,"max_hp_loss":0,"event_name":"Duplicator","floor":19,"gold_loss":0,"cards_obtained":["Glutton:ShedFat"]}],"is_beta":false,"boss_relics":[{"not_picked":["SacredBark","Kintsugi"],"picked":"hubris:Backtick"},{"not_picked":["Runesmith:UraniumAnvil","Snecko Eye"],"picked":"infinitespire:Cupcake"}],"items_purged_floors":[4,22],"is_endless":false,"potions_floor_spawned":[1,3,12,13,16,18,28,30,31,33,35,37,47,48],"ascension_level":3}}