{"host":"k9ktbd3ums043v5c","time":1609668623,"event":{"mods":["BaseMod","GifTheSpireLib","Googly Eyes","KinomotoSakuraMod(木之本樱)","Lobotomy","LobotomyExtend","Luminous","Marisa（F雨　魔理沙）","Minty Spire (QoL Compilation)","SIMod","StSLib","SuperFastMode","The Gatherer","Yuyuko","【功能Mod】聪明的最终Boss"],"gold_per_floor":[120,139,139,152,165,165,184,184,184,184,197,217,217,217,217,316,316,331,344,344,356,356,356,369,389,389,403,403,403,422,422,422],"floor_reached":31,"playtime":1154,"items_purged":[],"score":308,"play_id":"7ed61f61-9599-4f49-a714-5251e5f60240","local_time":"20210103181023","is_ascension_mode":false,"campfire_choices":[],"circlet_count":0,"master_deck":["SpecialBullet","SpecialBullet","SpecialBullet","SpecialBullet","SpecialBullet","SpecialBullet","SpecialBullet","SpecialBullet","InformationCode","TrainingCode","CentralCode","Dazed","Scorched","Lamp+6","RedShoes","Decay","UniverseFragment","Dazed","WristCuter+1","BigBadWolf","OSAHOGD","WristCuter+1","Moonlight+1","SecurityCode","WelfareCode","SoundOfStar+1","Noise+1","BigBird","FrostShard+1","SolemnVow","Mercenary","Beak","LongBird","Wingbeat+1","Tough","Rudolta","DisciplinaryCode","FourthMatchFlame+1","Writhe","Spore+1"],"relics":["CogitoBucket","LetterFromLob","Toxic Egg 2","HornCleat","LuminousBracelet","Runic Pyramid","BackwardClock","Matryoshka","Question Card"],"acts_visited":["Exordium","TheCity"],"potions_floor_usage":[21],"damage_taken":[{"damage":6.0,"enemies":"2 Louse","floor":1.0,"turns":2.0},{"damage":0.0,"enemies":"Cultist","floor":2.0,"turns":2.0},{"damage":8,"enemies":"Small Slimes","floor":4,"turns":2},{"damage":22,"enemies":"Blue Slaver","floor":5,"turns":3},{"damage":0,"enemies":"2 Fungi Beasts","floor":7,"turns":1},{"damage":0,"enemies":"Red Slaver","floor":11,"turns":1},{"damage":11,"enemies":"Looter","floor":12,"turns":2},{"damage":3,"enemies":"Slime Boss","floor":16,"turns":3},{"damage":13,"enemies":"Shell Parasite","floor":18,"turns":4},{"damage":0,"enemies":"Spheric Guardian","floor":19,"turns":2},{"damage":61,"enemies":"Cultist and Chosen","floor":21,"turns":4},{"damage":13,"enemies":"Shelled Parasite and Fungi","floor":24,"turns":8},{"damage":0,"enemies":"3 Cultists","floor":25,"turns":1},{"damage":0,"enemies":"Sentry and Sphere","floor":27,"turns":2},{"damage":6,"enemies":"Centurion and Healer","floor":30,"turns":5},{"damage":76,"enemies":"Shelled Parasite and Fungi","floor":31,"turns":5}],"seed_played":"-8553165318698646175","potions_obtained":[{"floor":0.0,"key":"LiquidBronze"},{"floor":0.0,"key":"EssenceOfSteel"},{"floor":0.0,"key":"EssenceOfSteel"},{"floor":1.0,"key":"SteroidPotion"},{"floor":4,"key":"EntropicBrew"},{"floor":16,"key":"Swift Potion"},{"floor":25,"key":"Block Potion"},{"floor":30,"key":"SpeedPotion"}],"is_trial":false,"path_per_floor":["M","M","?","M","M","R","M","?","T","R","M","M","R","M","R","B",null,"M","M","?","M","?","R","M","M","T","M","?","R","M","M"],"character_chosen":"Angela","items_purchased":[],"campfire_rested":0,"item_purchase_floors":[],"current_hp_per_floor":[64,64,64,56,34,34,34,34,34,34,49,39,39,39,39,47,85,83,85,85,40,40,40,42,54,54,62,62,62,66,0,0],"gold":422,"neow_bonus":"THREE_SMALL_POTIONS","is_daily":false,"chose_seed":false,"campfire_upgraded":0,"win_rate":0.0,"timestamp":1609668623,"path_taken":["M","M","?","M","?","R","M","?","T","R","?","M","R","M","R","BOSS","M","M","?","M","?","R","M","M","T","M","?","R","?","M"],"items_purchased_type":[],"build_version":"2020-12-22","purchased_purges":0,"victory":false,"max_hp_per_floor":[70,70,70,70,70,70,70,70,70,70,85,85,85,85,85,85,85,85,85,85,85,85,85,89,93,93,93,93,93,93,93,93],"card_choices":[{"not_picked":["Penitence"],"picked":"Heaven","floor":1.0},{"not_picked":["Bloodbath","UniverseFragment"],"picked":"Scorched","floor":1.0},{"not_picked":["Laetitia_ego"],"picked":"Lamp","floor":2.0},{"not_picked":["ShyLook","CherryBlossoms"],"picked":"RedShoes","floor":2.0},{"not_picked":["FairyFestival","SingingMachine"],"picked":"UniverseFragment","floor":4},{"not_picked":["Noise","RapturousDream"],"picked":"SKIP","floor":4},{"not_picked":["Penitence"],"picked":"Beak","floor":5},{"not_picked":["Lantern"],"picked":"WristCuter","floor":7},{"not_picked":["Bloodbath","SpiderBud"],"picked":"BigBadWolf","floor":7},{"not_picked":["ShyLook","CrumblingArmor"],"picked":"OSAHOGD","floor":11},{"not_picked":["SwordSharpenedByTears"],"picked":"WristCuter","floor":11},{"not_picked":["Regret_ego"],"picked":"Moonlight","floor":12},{"not_picked":["DaCapo+1"],"picked":"SoundOfStar+1","floor":16},{"not_picked":["CherryBlossom"],"picked":"Noise+1","floor":18},{"not_picked":["WhitesApple","DreamingCurrent"],"picked":"BigBird","floor":18},{"not_picked":["ShedSkin+1"],"picked":"FrostShard+1","floor":19},{"not_picked":["BlackSwan","NothingThere"],"picked":"Mercenary","floor":21},{"not_picked":["Harmony"],"picked":"Beak","floor":21},{"not_picked":["FairyFestival","PunishingBird"],"picked":"LongBird","floor":24},{"not_picked":["InTheNameOfLoveAndHate+1"],"picked":"Wingbeat+1","floor":24},{"not_picked":["Pleasure+1"],"picked":"Tough","floor":25},{"not_picked":["BeautyBeast","Wellcheers"],"picked":"Rudolta","floor":25},{"not_picked":["Loneliness+1"],"picked":"FourthMatchFlame+1","floor":27},{"not_picked":["Harmony+1","FourthMatchFlame"],"picked":"Spore+1","floor":30}],"player_experience":70114,"relics_obtained":[{"floor":1.0,"key":"LetterFromLob"},{"floor":9,"key":"HornCleat"},{"floor":26,"key":"Matryoshka"}],"event_choices":[{"damage_healed":0,"gold_gain":0,"player_choice":"Cursed","damage_taken":0,"max_hp_gain":0,"max_hp_loss":0,"event_name":"Wheel of Change","floor":3,"gold_loss":0,"cards_obtained":["Decay"]},{"damage_healed":0,"gold_gain":0,"player_choice":"Gave Potion","damage_taken":0,"relics_obtained":["Toxic Egg 2"],"max_hp_gain":0,"max_hp_loss":0,"event_name":"WeMeetAgain","floor":8,"gold_loss":0},{"damage_healed":0,"gold_gain":0,"player_choice":"Read","damage_taken":0,"max_hp_gain":0,"max_hp_loss":0,"event_name":"The Library","floor":20,"gold_loss":0,"cards_obtained":["SolemnVow"]},{"damage_healed":0,"gold_gain":0,"player_choice":"Ignored","damage_taken":0,"max_hp_gain":0,"max_hp_loss":0,"event_name":"Ghosts","floor":22,"gold_loss":0},{"damage_healed":0,"gold_gain":0,"player_choice":"Opened","damage_taken":0,"relics_obtained":["Question Card"],"max_hp_gain":0,"max_hp_loss":0,"event_name":"The Mausoleum","floor":28,"gold_loss":0,"cards_obtained":["Writhe"]}],"is_beta":false,"boss_relics":[{"not_picked":["Ectoplasm","Cursed Key"],"picked":"Runic Pyramid"}],"items_purged_floors":[],"is_endless":false,"potions_floor_spawned":[1,4,16,25,30],"killed_by":"Shelled Parasite and Fungi","ascension_level":0}}