{"host":"2m78pqva0leqn903","time":1609693995,"event":{"mods":["BaseMod","Minty Spire (QoL Compilation)","StSLib","TestMod"],"gold_per_floor":[113,188,203,217,217,249,259,184,209,244,264,264,277,303,303,303,303],"floor_reached":16,"playtime":1228,"items_purged":["Strike_R"],"score":294,"play_id":"021af9ab-5600-4f67-9c55-4a43cbaf2baa","local_time":"20210104011315","is_ascension_mode":true,"campfire_choices":[{"data":"Reckless Charge","floor":12.0,"key":"SMITH"},{"data":"Power Through","floor":15.0,"key":"SMITH"}],"circlet_count":0,"master_deck":["AscendersBane","Strike_R","Strike_R","Strike_R","Strike_R","Defend_R","Defend_R","Defend_R","Defend_R","Bash","Entrench+1","Reckless Charge+1","Power Through+1"],"relics":["Burning Blood","testmod-TestBox","testmod-ConstraintPeriapt","NeowsBlessing","MealTicket","Dream Catcher","testmod-OneHitWonder","Orichalcum"],"acts_visited":["Exordium"],"potions_floor_usage":[16],"damage_taken":[{"damage":0.0,"enemies":"Jaw Worm","floor":1.0,"turns":1.0},{"damage":0.0,"enemies":"Small Slimes","floor":3.0,"turns":1.0},{"damage":0.0,"enemies":"2 Louse","floor":4.0,"turns":1.0},{"damage":58.0,"enemies":"Gremlin Nob","floor":6.0,"turns":5.0},{"damage":15.0,"enemies":"Blue Slaver","floor":7.0,"turns":4.0},{"damage":12.0,"enemies":"3 Sentries","floor":10.0,"turns":4.0},{"damage":16.0,"enemies":"Large Slime","floor":11.0,"turns":5.0},{"damage":13.0,"enemies":"Lots of Slimes","floor":13.0,"turns":2.0},{"damage":0.0,"enemies":"Gremlin Nob","floor":14.0,"turns":2.0},{"damage":27,"enemies":"Slime Boss","floor":16,"turns":6}],"seed_played":"9101341388113715825","potions_obtained":[{"floor":6.0,"key":"SteroidPotion"},{"floor":7.0,"key":"GamblersBrew"},{"floor":13.0,"key":"DistilledChaos"},{"floor":14.0,"key":"SpeedPotion"}],"is_trial":false,"path_per_floor":["M","?","M","M","?","E","M","$","T","E","M","R","M","E","R","B"],"character_chosen":"IRONCLAD","items_purchased":[],"campfire_rested":0,"item_purchase_floors":[],"current_hp_per_floor":[74,63,69,75,75,24,18,33,33,31,24,24,18,26,26,4,4],"gold":303,"neow_bonus":"THREE_ENEMY_KILL","is_daily":false,"chose_seed":false,"campfire_upgraded":2,"win_rate":0.0,"timestamp":1609693995,"path_taken":["M","?","M","M","?","E","M","$","T","E","M","R","M","E","R","BOSS"],"items_purchased_type":[],"build_version":"2020-12-22","purchased_purges":1,"victory":false,"max_hp_per_floor":[75,75,75,75,75,75,75,75,75,75,75,75,75,75,75,75,75],"card_choices":[{"not_picked":["Iron Wave","Thunderclap","Hemokinesis"],"picked":"SKIP","floor":1.0},{"not_picked":["Armaments","Wild Strike"],"picked":"Entrench","floor":3.0},{"not_picked":["Pommel Strike","Armaments","Dark Embrace"],"picked":"SKIP","floor":4.0},{"not_picked":["Infernal Blade","Heavy Blade","Thunderclap"],"picked":"SKIP","floor":6.0},{"not_picked":["Reckless Charge","Brutality","Sword Boomerang"],"picked":"SKIP","floor":7.0},{"not_picked":["Brutality","Sword Boomerang"],"picked":"Reckless Charge","floor":7.0},{"not_picked":["Anger","Clash","Sword Boomerang"],"picked":"SKIP","floor":10.0},{"not_picked":["Dual Wield","Feel No Pain","Entrench"],"picked":"SKIP","floor":11.0},{"not_picked":["Sever Soul","Dual Wield","Blood for Blood"],"picked":"SKIP","floor":13.0},{"not_picked":["Headbutt","Shrug It Off"],"picked":"Power Through","floor":14.0}],"player_experience":888260,"relics_obtained":[{"floor":6.0,"key":"MealTicket"},{"floor":9.0,"key":"Dream Catcher"},{"floor":10.0,"key":"testmod-OneHitWonder"},{"floor":14.0,"key":"Orichalcum"}],"event_choices":[{"damage_healed":0.0,"max_hp_gain":0.0,"max_hp_loss":0.0,"gold_gain":75.0,"event_name":"World of Goop","player_choice":"Gather Gold","floor":2.0,"gold_loss":0.0,"damage_taken":11.0},{"damage_healed":0.0,"max_hp_gain":0.0,"max_hp_loss":0.0,"gold_gain":0.0,"event_name":"Living Wall","player_choice":"Grow","floor":5.0,"gold_loss":0.0,"damage_taken":0.0,"cards_upgraded":["Entrench"]}],"is_beta":false,"boss_relics":[],"items_purged_floors":[8],"is_endless":false,"potions_floor_spawned":[6,7,13,14],"killed_by":"Slime Boss","ascension_level":20}}