{"host":"n2cffu8lp3cvc20r","time":1609644183,"event":{"mods":["Aspiration","BaseMod","Colored Map","Colored Powertips","DeckTracker","Highlight Path","Hubris","Infinite Spire","Minty Spire (QoL Compilation)","Quick Restart","Random Character Button","Relic Sorter","Replay The Spire","StSLib","SuperFastMode","Synergy Search","The Cursed","The Disciple","The Jungle","The Runesmith"],"gold_per_floor":[119,119,38,38,53,53,65,65,144,159,186,186,186,186],"floor_reached":13,"playtime":585,"items_purged":[],"score":83,"play_id":"68ac089e-d3bc-417b-9ca5-3c18d1c13f05","local_time":"20210103032303","is_ascension_mode":false,"campfire_choices":[{"data":"Bouncing Flask","floor":6,"key":"SMITH"},{"floor":12,"key":"REST"},{"data":"ReplayTheSpireMod:Fabricate Wheel","floor":12,"key":"SMITH"}],"circlet_count":0,"master_deck":["Strike_B","Strike_B","Strike_B","Strike_B","Defend_B","Defend_B","Defend_B","Defend_B","Dualcast","Hidden Blade","Bouncing Flask+1","Distraction","Static Discharge","BasicCrystalCard","ReplayTheSpireMod:Fabricate Wheel"],"relics":["Cracked Core","hubris:Icosahedron","Replay:Accelerometer","infinitespire:Magic Flask","Prayer Wheel"],"acts_visited":["Exordium"],"potions_floor_usage":[10,10,11,11,11,13],"damage_taken":[{"damage":9,"enemies":"2 Louse","floor":1,"turns":3},{"damage":11,"enemies":"Jaw Worm","floor":5,"turns":2},{"damage":11,"enemies":"Small Slimes","floor":7,"turns":2},{"damage":13,"enemies":"Exordium Thugs","floor":10,"turns":4},{"damage":22,"enemies":"3 Sentries","floor":11,"turns":6},{"damage":47,"enemies":"Gremlin Nob","floor":13,"turns":4}],"seed_played":"6649088423678624556","potions_obtained":[{"floor":1,"key":"Swift Potion"},{"floor":5,"key":"EntropicBrew"},{"floor":11,"key":"Strength Potion"}],"is_trial":false,"path_per_floor":["M","?","$","?","M","R","M","$","T","M","E","R","E"],"character_chosen":"DEFECT","items_purchased":["Darkness"],"campfire_rested":1,"item_purchase_floors":[3],"current_hp_per_floor":[73,73,73,73,62,62,51,51,51,38,16,40,0,0],"gold":186,"neow_bonus":"TEN_PERCENT_HP_BONUS","is_daily":false,"chose_seed":false,"campfire_upgraded":2,"win_rate":0.0,"timestamp":1609644183,"path_taken":["M","?","$","?","M","R","M","?","T","M","E","R","E"],"items_purchased_type":["Card"],"build_version":"2020-12-22","purchased_purges":0,"victory":false,"max_hp_per_floor":[82,82,82,82,82,82,82,82,82,82,82,82,82,82],"card_choices":[{"not_picked":["Sweeping Beam","Heatsinks"],"picked":"BasicCrystalCard","floor":1},{"not_picked":["Double Energy","ReplayTheSpireMod:Reroute Power"],"picked":"Static Discharge","floor":5},{"not_picked":["Leap","Double Energy"],"picked":"BasicCrystalCard","floor":7},{"not_picked":["Steam","Cold Snap","Conserve Battery"],"picked":"SKIP","floor":10},{"not_picked":["Ball Lightning","Panic Button"],"picked":"ReplayTheSpireMod:Fabricate Wheel","floor":11}],"player_experience":302167,"relics_obtained":[{"floor":9,"key":"Replay:Accelerometer"},{"floor":11,"key":"infinitespire:Magic Flask"}],"event_choices":[],"is_beta":false,"boss_relics":[],"items_purged_floors":[],"is_endless":false,"potions_floor_spawned":[1,5,11],"killed_by":"Gremlin Nob","ascension_level":0}}