{"host":"egwexuw5uvnxf11j","time":1609714694,"event":{"mods":["2.2 Compatiblity","Aspiration","BaseMod","Better Altar","Better Note","Better Sensory Stone","Better Third Choice","Displayed Cursed Tome","Downfall","Hermit","Key Reminder","Koishi","Marisa????????","Minty Spire (QoL Compilation)","Quick Restart","Shade Mod","Spicy Shops","StSLib","The Construct","The Cursed","The Hierophant","The Runesmith","The Senshi","The Servant 0.9.4","Transform Curses"],"gold_per_floor":[112,128,27,43,62,92,92,127,127,127,127,147,165,181,181,283,283,296,306,321,321,12,12,12,12,12,47,59,159,159,159,159,257,257,273,292,272,272,272],"floor_reached":38,"playtime":5518,"items_purged":[],"score":447,"play_id":"bbdddb16-6b5d-4a70-8dd0-cf0216b3f379","local_time":"20210103175814","is_ascension_mode":true,"campfire_choices":[{"floor":7,"key":"REST"},{"floor":10,"key":"REST"},{"floor":15,"key":"REST"},{"floor":23,"key":"REST"},{"floor":25,"key":"REST"},{"floor":30,"key":"REST"},{"floor":32,"key":"REST"}],"circlet_count":0,"master_deck":["Strike_G","Strike_G","Strike_G","Defend_G","Defend_G","Defend_G","Defend_G","Survivor","Neutralize","Quick Slash","Slice","Cloak And Dagger","Dodge and Roll","Backflip","Dodge and Roll","Poisoned Stab","Blade Dance","Dagger Spray","Flying Knee","Backflip","A Thousand Cuts","Blade Dance","Finisher+1","Underhanded Strike","Eviscerate","expansioncontent:QuickStudy","expansioncontent:DonusPower","Slice","Terror","Choke","After Image","Acrobatics","Deflect+1"],"relics":["Ring of the Snake","Ice Cream","Toy Ornithopter","construct:FoamFinger","keyreminder:keyreminder","Nunchaku","construct:ClawGrip","Strange Spoon","Blood Vial","Matryoshka","Tough Bandages","Mango","Bottled Flame","Empty Cage"],"acts_visited":["Exordium","TheCity","TheBeyond"],"potions_floor_usage":[8,13,16,18,27,29,29,36,38],"damage_taken":[{"damage":0,"enemies":"Cultist","floor":1,"turns":3},{"damage":4,"enemies":"Small Slimes","floor":2,"turns":3},{"damage":6,"enemies":"Jaw Worm","floor":4,"turns":4},{"damage":3,"enemies":"Looter","floor":5,"turns":3},{"damage":37,"enemies":"Lagavulin","floor":6,"turns":12},{"damage":16,"enemies":"3 Sentries","floor":8,"turns":9},{"damage":12,"enemies":"Large Slime","floor":12,"turns":5},{"damage":0,"enemies":"Lots of Slimes","floor":13,"turns":2},{"damage":6,"enemies":"2 Fungi Beasts","floor":14,"turns":3},{"damage":50,"enemies":"Hexaghost","floor":16,"turns":10},{"damage":4,"enemies":"2 Thieves","floor":18,"turns":3},{"damage":7,"enemies":"3 Byrds","floor":19,"turns":4},{"damage":21,"enemies":"Sentry and Sphere","floor":20,"turns":4},{"damage":31,"enemies":"Slavers","floor":27,"turns":4},{"damage":12,"enemies":"Snake Plant","floor":28,"turns":3},{"damage":3,"enemies":"Colosseum Slavers","floor":29,"turns":2},{"damage":21,"enemies":"Colosseum Nobs","floor":29,"turns":4},{"damage":28,"enemies":"Champ","floor":33,"turns":8},{"damage":21,"enemies":"3 Shapes","floor":35,"turns":4},{"damage":51,"enemies":"3 Darklings","floor":36,"turns":5},{"damage":36,"enemies":"Sphere and 2 Shapes","floor":38,"turns":3}],"seed_played":"-3251718704030932847","potions_obtained":[{"floor":2,"key":"Guardian:BlockOnCardUsePotion"},{"floor":6,"key":"Strength Potion"},{"floor":8,"key":"Block Potion"},{"floor":13,"key":"PowerPotion"},{"floor":16,"key":"DistilledChaos"},{"floor":19,"key":"PowerPotion"},{"floor":27,"key":"Weak Potion"},{"floor":28,"key":"SkillPotion"},{"floor":29,"key":"SteroidPotion"},{"floor":35,"key":"Energy Potion"},{"floor":37,"key":"Slimebound:ThreeZeroPotion"}],"is_trial":false,"path_per_floor":["M","M","$","M","M","E","R","E","T","R","?","M","M","M","R","B",null,"M","M","M","?","$","R","?","R","T","E","M","?","R","?","R","B",null,"M","M","?","M"],"character_chosen":"THE_SILENT","items_purchased":["Ice Cream","Dodge and Roll","Strange Spoon","Eviscerate","Blood Vial"],"campfire_rested":7,"item_purchase_floors":[3,3,22,22,22],"current_hp_per_floor":[70,66,66,60,57,20,41,30,30,51,51,39,44,38,59,14,70,66,59,38,38,38,59,59,70,70,39,29,33,58,58,83,56,84,63,19,19,0,0],"gold":272,"neow_bonus":"THREE_CARDS","is_daily":false,"chose_seed":false,"campfire_upgraded":0,"win_rate":0.0,"timestamp":1609714694,"path_taken":["M","M","$","?","M","E","R","E","T","R","?","M","M","M","R","BOSS","M","M","M","?","$","R","?","R","T","E","M","?","R","?","R","BOSS","M","M","?","?"],"items_purchased_type":["Relic","Card","Relic","Card","Relic"],"build_version":"2020-12-22","purchased_purges":0,"victory":false,"max_hp_per_floor":[70,70,70,70,70,70,70,70,70,70,70,70,70,70,70,70,70,70,70,70,70,70,70,70,70,70,70,70,84,84,84,84,84,84,84,84,84,84,84],"card_choices":[{"not_picked":["All Out Attack","Expertise"],"picked":"Quick Slash","floor":0},{"not_picked":["Dodge and Roll","Poisoned Stab"],"picked":"Slice","floor":1},{"not_picked":["Bane","Calculated Gamble"],"picked":"Cloak And Dagger","floor":2},{"not_picked":["PiercingWail","Eviscerate"],"picked":"Backflip","floor":4},{"not_picked":["Heel Hook","Prepared"],"picked":"Dodge and Roll","floor":5},{"not_picked":["PiercingWail","aspiration:Lunge"],"picked":"Poisoned Stab","floor":6},{"not_picked":["Flechettes","Infinite Blades"],"picked":"Blade Dance","floor":8},{"not_picked":["Calculated Gamble","Prepared"],"picked":"Dagger Spray","floor":12},{"not_picked":["Prepared","Cloak And Dagger"],"picked":"Flying Knee","floor":13},{"not_picked":["Dodge and Roll","Well Laid Plans"],"picked":"Backflip","floor":14},{"not_picked":["Glass Knife","Storm of Steel"],"picked":"A Thousand Cuts","floor":16},{"not_picked":["Outmaneuver","Well Laid Plans+1"],"picked":"Blade Dance","floor":18},{"not_picked":["Deadly Poison","Sucker Punch"],"picked":"Finisher+1","floor":19},{"not_picked":["Backflip","Dodge and Roll"],"picked":"Underhanded Strike","floor":20},{"not_picked":["Transmutation","expansioncontent:Hexaburn"],"picked":"expansioncontent:QuickStudy","floor":24},{"not_picked":["Transmutation","Purity"],"picked":"expansioncontent:DonusPower","floor":24},{"not_picked":["Dagger Spray","Blade Dance"],"picked":"Slice","floor":27},{"not_picked":["Heel Hook","Quick Slash+1"],"picked":"Terror","floor":28},{"not_picked":["Prepared","Catalyst"],"picked":"Choke","floor":29},{"not_picked":["Unload","Venomology"],"picked":"After Image","floor":33},{"not_picked":["Leg Sweep+1","Finisher"],"picked":"Acrobatics","floor":35},{"not_picked":["Caltrops+1","Underhanded Strike"],"picked":"Deflect+1","floor":36}],"player_experience":2127953,"relics_obtained":[{"floor":6,"key":"Toy Ornithopter"},{"floor":8,"key":"construct:FoamFinger"},{"floor":9,"key":"Nunchaku"},{"floor":26,"key":"Matryoshka"},{"floor":27,"key":"Tough Bandages"},{"floor":29,"key":"Mango"},{"floor":29,"key":"Bottled Flame"}],"event_choices":[{"cards_removed":["Strike_G"],"damage_healed":0,"gold_gain":0,"player_choice":"Forget","damage_taken":0,"max_hp_gain":0,"max_hp_loss":0,"event_name":"Living Wall","floor":11,"gold_loss":0},{"damage_healed":0,"gold_gain":2,"player_choice":"1","damage_taken":0,"max_hp_gain":0,"max_hp_loss":0,"event_name":"betterStone:BetterStone","floor":24,"gold_loss":0},{"damage_healed":0,"gold_gain":0,"player_choice":"Fight","damage_taken":0,"max_hp_gain":0,"max_hp_loss":0,"event_name":"Colosseum","floor":29,"gold_loss":0},{"damage_healed":0,"gold_gain":0,"player_choice":"Fought Nobs","damage_taken":0,"max_hp_gain":0,"max_hp_loss":0,"event_name":"Colosseum","floor":29,"gold_loss":0},{"cards_removed":["Shame"],"damage_healed":0,"gold_gain":0,"player_choice":"Elegance","damage_taken":0,"max_hp_gain":0,"max_hp_loss":0,"event_name":"betterThird:BetterWriting","floor":31,"gold_loss":0},{"damage_healed":0,"gold_gain":0,"player_choice":"Bought 1 Potion","damage_taken":0,"max_hp_gain":0,"max_hp_loss":0,"event_name":"The Woman in Blue","floor":37,"gold_loss":0}],"is_beta":false,"boss_relics":[{"not_picked":["construct:WeddingRing","Astrolabe"],"picked":"construct:ClawGrip"},{"not_picked":["Runic Dome","aspiration:SecretTechniqueScroll"],"picked":"Empty Cage"}],"items_purged_floors":[],"is_endless":false,"potions_floor_spawned":[2,6,8,13,16,19,27,28,29,35],"killed_by":"Sphere and 2 Shapes","ascension_level":2}}