{"host":"143ld85m55v6o3h7","time":1609639450,"event":{"mods":["AchievementEnabler","BaseMod","Colored Map","DeckTracker","Minty Spire (QoL Compilation)","Permanent Neow","Rare Cards Sparkle","StSLib","everything is the same but u backflip on backflip"],"gold_per_floor":[119,135,135,155,171,200,213,213,238,238,238,281,299,224,224,349,349,365,365,365,380,280,315,315,335,335,335,260,285,310,330,330,459,459,475,475,475],"floor_reached":36,"playtime":293,"items_purged":["Metallicize+1","Bash"],"score":571,"play_id":"474fcd5e-9835-4845-911b-bbf453361542","local_time":"20210103110410","is_ascension_mode":false,"campfire_choices":[{"floor":11,"key":"REST"},{"data":"Power Through+1","floor":15,"key":"PURGE"},{"data":"Rampage","floor":32,"key":"PURGE"}],"circlet_count":0,"master_deck":["Combust+1","Twin Strike","Perfected Strike","Feed","Pommel Strike","Sword Boomerang","Twin Strike","Perfected Strike","Thunderclap","Thunderclap+1","Sword Boomerang"],"relics":["NeowsBlessing","Astrolabe","CultistMask","NeowsBlessing","Strawberry","Torii","Bag of Preparation","Golden Idol","NeowsBlessing","Peace Pipe","Pandora\u0027s Box","NeowsBlessing","Paper Frog","NeowsBlessing","PreservedInsect","Pantograph","NeowsBlessing","Busted Crown"],"acts_visited":["Exordium","TheCity","TheBeyond"],"potions_floor_usage":[],"damage_taken":[{"damage":0,"enemies":"Small Slimes","floor":1,"turns":1},{"damage":0,"enemies":"Cultist","floor":2,"turns":1},{"damage":0,"enemies":"Jaw Worm","floor":4,"turns":1},{"damage":23,"enemies":"Looter","floor":5,"turns":4},{"damage":1,"enemies":"Lagavulin","floor":6,"turns":1},{"damage":0,"enemies":"Large Slime","floor":7,"turns":1},{"damage":0,"enemies":"Gremlin Nob","floor":12,"turns":1},{"damage":0,"enemies":"Red Slaver","floor":13,"turns":1},{"damage":0,"enemies":"The Guardian","floor":16,"turns":1},{"damage":0,"enemies":"Shell Parasite","floor":18,"turns":1},{"damage":0,"enemies":"2 Thieves","floor":21,"turns":1},{"damage":1,"enemies":"Gremlin Leader","floor":23,"turns":1},{"damage":0,"enemies":"3 Cultists","floor":25,"turns":1},{"damage":0,"enemies":"Chosen and Byrds","floor":29,"turns":1},{"damage":0,"enemies":"Snake Plant","floor":30,"turns":1},{"damage":23,"enemies":"Snecko","floor":31,"turns":4},{"damage":0,"enemies":"Collector","floor":33,"turns":1},{"damage":0,"enemies":"3 Darklings","floor":35,"turns":1},{"damage":0,"enemies":"3 Shapes","floor":36,"turns":1}],"seed_played":"-1674643507270560163","potions_obtained":[{"floor":6,"key":"Strength Potion"},{"floor":12,"key":"BloodPotion"},{"floor":13,"key":"PowerPotion"}],"is_trial":false,"path_per_floor":["M","M","?","M","M","E","M","T","T","?","R","E","M","$","R","B",null,"M","?","?","M","$","E","?","M","T","?","?","M","M","M","R","B",null,"M","M"],"character_chosen":"IRONCLAD","items_purchased":[],"campfire_rested":1,"item_purchase_floors":[],"current_hp_per_floor":[80,80,80,80,57,63,63,63,63,42,68,68,68,68,68,68,87,87,87,87,87,87,86,86,86,86,86,86,86,86,63,63,87,87,87,87,87],"gold":475,"neow_bonus":"BOSS_RELIC","is_daily":false,"chose_seed":false,"campfire_upgraded":0,"win_rate":0.0,"timestamp":1609639450,"path_taken":["M","M","?","?","M","E","M","?","T","?","R","E","M","?","R","BOSS","M","?","?","M","$","E","?","?","T","?","?","M","M","M","R","BOSS","M","M"],"items_purchased_type":[],"build_version":"2020-12-22","purchased_purges":2,"victory":false,"max_hp_per_floor":[80,80,80,80,80,87,87,87,87,87,87,87,87,87,87,87,87,87,87,87,87,87,87,87,87,87,87,87,87,87,87,87,87,87,87,87,87],"card_choices":[{"not_picked":["Headbutt","Rupture"],"picked":"Shrug It Off","floor":1},{"not_picked":["Fire Breathing","Shrug It Off","Armaments"],"picked":"SKIP","floor":2},{"not_picked":["Warcry","Body Slam","Metallicize"],"picked":"SKIP","floor":4},{"not_picked":["Intimidate","Corruption","Rupture"],"picked":"SKIP","floor":5},{"not_picked":["Heavy Blade","Armaments"],"picked":"Twin Strike","floor":6},{"not_picked":["Blood for Blood","Clothesline"],"picked":"Perfected Strike","floor":7},{"not_picked":["Perfected Strike","Shrug It Off"],"picked":"Sever Soul","floor":12},{"not_picked":["Power Through","Rupture","Cleave"],"picked":"SKIP","floor":13},{"not_picked":["Reaper","Corruption"],"picked":"Feed","floor":16},{"not_picked":["Headbutt","Rupture+1","Shrug It Off"],"picked":"SKIP","floor":18},{"not_picked":["Anger","Clothesline"],"picked":"Thunderclap","floor":21},{"not_picked":["Offering","Twin Strike"],"picked":"Thunderclap+1","floor":23},{"not_picked":["Headbutt+1","Dropkick+1","True Grit"],"picked":"SKIP","floor":25},{"not_picked":["Armaments","Dual Wield+1","Iron Wave"],"picked":"SKIP","floor":29},{"not_picked":["Headbutt+1","Metallicize","Evolve"],"picked":"SKIP","floor":30},{"not_picked":["Headbutt+1","Double Tap","Clothesline"],"picked":"SKIP","floor":31},{"not_picked":["Second Wind+1"],"picked":"SKIP","floor":35}],"player_experience":9615,"relics_obtained":[{"floor":6,"key":"Strawberry"},{"floor":8,"key":"Torii"},{"floor":9,"key":"Bag of Preparation"},{"floor":12,"key":"Peace Pipe"},{"floor":23,"key":"PreservedInsect"},{"floor":26,"key":"Pantograph"}],"event_choices":[{"damage_healed":0,"gold_gain":0,"player_choice":"Trade","damage_taken":0,"relics_obtained":["CultistMask"],"max_hp_gain":0,"max_hp_loss":0,"event_name":"FaceTrader","floor":3,"gold_loss":0},{"damage_healed":0,"gold_gain":0,"player_choice":"Take Damage","damage_taken":21,"relics_obtained":["Golden Idol"],"max_hp_gain":0,"max_hp_loss":0,"event_name":"Golden Idol","floor":10,"gold_loss":0},{"damage_healed":0,"gold_gain":0,"player_choice":"Opened","damage_taken":0,"relics_obtained":["Paper Frog"],"max_hp_gain":0,"max_hp_loss":0,"event_name":"The Mausoleum","floor":19,"gold_loss":0},{"cards_removed":["Shrug It Off"],"damage_healed":0,"gold_gain":0,"player_choice":"Elegance","damage_taken":0,"max_hp_gain":0,"max_hp_loss":0,"event_name":"Back to Basics","floor":20,"gold_loss":0},{"cards_removed":["Fire Breathing"],"damage_healed":0,"gold_gain":0,"player_choice":"Purged","damage_taken":0,"max_hp_gain":0,"max_hp_loss":0,"event_name":"Purifier","floor":24,"gold_loss":0},{"damage_healed":0,"gold_gain":0,"player_choice":"Read","damage_taken":0,"max_hp_gain":0,"max_hp_loss":0,"event_name":"The Library","floor":27,"gold_loss":0,"cards_obtained":["Sword Boomerang"]},{"cards_removed":["Sever Soul"],"damage_healed":0,"gold_gain":0,"player_choice":"Gave Gold","damage_taken":0,"max_hp_gain":0,"max_hp_loss":0,"event_name":"Beggar","floor":28,"gold_loss":75}],"is_beta":false,"boss_relics":[{"not_picked":["SacredBark","Fusion Hammer"],"picked":"Pandora\u0027s Box"},{"not_picked":["Mark of Pain","Velvet Choker"],"picked":"Busted Crown"}],"items_purged_floors":[14,22],"is_endless":false,"potions_floor_spawned":[6,12,13,18,21,30,33,35],"killed_by":"3 Shapes","ascension_level":0}}