{"host":"2hea6pl5vmah38iy","time":1609676090,"event":{"mods":["AchievementEnabler","BaseMod","Colored Map","DeckTracker","Keyboard Shortcuts","Minty Spire (QoL Compilation)","Rare Cards Sparkle","StSLib","SuperFastMode","everything is the same but u backflip on backflip"],"gold_per_floor":[113,288,11,21,21,21,60,83,106,181,225,244,257,557,557,653,653,673,698,382,407,482,482,482,482],"floor_reached":24,"playtime":896,"items_purged":["Doubt","Strike_P"],"score":393,"play_id":"5b1291e7-3038-48dc-9b7d-f6d907a4e2aa","local_time":"20210103211450","is_ascension_mode":true,"campfire_choices":[{"floor":15.0,"key":"REST"},{"floor":23,"key":"REST"}],"circlet_count":0,"master_deck":["AscendersBane","Strike_P","Strike_P+1","Strike_P+1","Defend_P+1","Defend_P+1","Defend_P","Defend_P","Eruption+1","Vigilance","CrushJoints","Scrawl","SignatureMove","JustLucky","Prostrate","LessonLearned+1","Adaptation+1","Pray","ConjureBlade","Indignation","Tantrum"],"relics":["PureWater","NeowsBlessing","Golden Idol","Happy Flower","Potion Belt","Boot","Old Coin","SlaversCollar","Vajra"],"acts_visited":["Exordium","TheCity"],"potions_floor_usage":[],"damage_taken":[{"damage":0.0,"enemies":"2 Louse","floor":1.0,"turns":1.0},{"damage":0.0,"enemies":"Jaw Worm","floor":4.0,"turns":1.0},{"damage":0.0,"enemies":"Gremlin Nob","floor":7.0,"turns":1.0},{"damage":0.0,"enemies":"Small Slimes","floor":8.0,"turns":3.0},{"damage":13.0,"enemies":"3 Sentries","floor":11.0,"turns":7.0},{"damage":0.0,"enemies":"Gremlin Gang","floor":12.0,"turns":5.0},{"damage":11.0,"enemies":"Blue Slaver","floor":13.0,"turns":2.0},{"damage":7.0,"enemies":"The Guardian","floor":16.0,"turns":7.0},{"damage":20.0,"enemies":"Spheric Guardian","floor":18.0,"turns":3.0},{"damage":16.0,"enemies":"3 Byrds","floor":19.0,"turns":5.0},{"damage":8.0,"enemies":"Cultist and Chosen","floor":21.0,"turns":5.0},{"damage":49,"enemies":"Slavers","floor":24,"turns":3}],"seed_played":"4114947591103851326","potions_obtained":[{"floor":7.0,"key":"DistilledChaos"},{"floor":8.0,"key":"DistilledChaos"},{"floor":13.0,"key":"SkillPotion"},{"floor":16.0,"key":"EntropicBrew"}],"is_trial":false,"path_per_floor":["M","?","$","M","?","$","E","M","T","?","E","M","M","?","R","B",null,"M","M","$","M","?","R","E"],"character_chosen":"WATCHER","items_purchased":["Scrawl","SignatureMove","JustLucky","Indignation","Vajra"],"campfire_rested":2,"item_purchase_floors":[3,3,3,20,20],"current_hp_per_floor":[61,61,61,61,44,44,44,44,44,33,20,20,9,9,29,22,57,37,21,21,27,21,41,0,0],"gold":482,"neow_bonus":"THREE_ENEMY_KILL","is_daily":false,"chose_seed":false,"campfire_upgraded":0,"win_rate":0.0,"timestamp":1609676090,"path_taken":["M","?","$","M","?","$","E","M","T","?","E","M","M","?","R","BOSS","M","?","$","M","?","R","E"],"items_purchased_type":["Card","Card","Card","Card","Relic"],"build_version":"2020-12-22","purchased_purges":2,"victory":false,"max_hp_per_floor":[68,68,68,68,68,68,68,68,68,68,68,68,68,68,68,68,68,68,68,68,68,68,68,68,68],"card_choices":[{"not_picked":["SashWhip","Vengeance"],"picked":"CrushJoints","floor":1.0},{"not_picked":["Crescendo","Evaluate"],"picked":"Prostrate","floor":4.0},{"not_picked":["FollowUp","ThirdEye"],"picked":"LessonLearned","floor":7.0},{"not_picked":["Prostrate","ThirdEye"],"picked":"Adaptation","floor":8.0},{"not_picked":["EmptyBody","Collect","Judgement"],"picked":"SKIP","floor":11.0},{"not_picked":["ReachHeaven","ThirdEye"],"picked":"Pray","floor":12.0},{"not_picked":["Swivel","BowlingBash"],"picked":"FollowUp","floor":13.0},{"not_picked":["Blasphemy","Scrawl"],"picked":"ConjureBlade","floor":16.0},{"not_picked":["JustLucky","EmptyMind","Protect"],"picked":"SKIP","floor":18.0},{"not_picked":["Indignation","EmptyFist","Prostrate"],"picked":"SKIP","floor":19.0},{"not_picked":["Crescendo","EmptyFist"],"picked":"Tantrum","floor":21.0}],"player_experience":458593,"relics_obtained":[{"floor":7.0,"key":"Happy Flower"},{"floor":9.0,"key":"Potion Belt"},{"floor":11.0,"key":"Boot"}],"event_choices":[{"damage_healed":0.0,"max_hp_gain":0.0,"max_hp_loss":0.0,"gold_gain":175.0,"event_name":"Liars Game","player_choice":"AGREE","floor":2.0,"gold_loss":0.0,"damage_taken":0.0,"cards_obtained":["Doubt"]},{"damage_healed":0.0,"max_hp_gain":0.0,"max_hp_loss":0.0,"gold_gain":0.0,"event_name":"Golden Idol","player_choice":"Take Damage","floor":5.0,"gold_loss":0.0,"damage_taken":17.0,"relics_obtained":["Golden Idol"]},{"damage_healed":0.0,"max_hp_gain":0.0,"max_hp_loss":0.0,"gold_gain":75.0,"event_name":"World of Goop","player_choice":"Gather Gold","floor":10.0,"gold_loss":0.0,"damage_taken":11.0},{"cards_removed":["FollowUp"],"damage_healed":0.0,"max_hp_gain":0.0,"max_hp_loss":0.0,"gold_gain":0.0,"event_name":"WeMeetAgain","player_choice":"Gave Card","floor":14.0,"gold_loss":0.0,"damage_taken":0.0,"relics_obtained":["Old Coin"]},{"damage_healed":0,"gold_gain":75,"player_choice":"Touch","damage_taken":6,"max_hp_gain":0,"max_hp_loss":0,"event_name":"FaceTrader","floor":22,"gold_loss":0}],"is_beta":false,"boss_relics":[{"not_picked":["Ectoplasm","Cursed Key"],"picked":"SlaversCollar"}],"items_purged_floors":[3,20],"is_endless":false,"potions_floor_spawned":[7,8,13,16,18],"killed_by":"Slavers","ascension_level":14}}