{"host":"sl4rf9j4s63ev6os","time":1609646192,"event":{"mods":["AchievementEnabler","BaseMod","Colored Map","Colored Powertips","DeckTracker","Minty Spire (QoL Compilation)","Relic Sorter"],"gold_per_floor":[117,42,57,74,87,122,122,151,204,204,216,229,240,240,240,342,342,352,302,202,189,189,189],"floor_reached":22,"playtime":1974,"items_purged":["Strike_P","Evaluate"],"score":198,"play_id":"3a7d2562-816b-4a17-9c78-54c8dfbdf327","local_time":"20210103135632","is_ascension_mode":false,"campfire_choices":[{"floor":7,"key":"RECALL"},{"data":"Eruption","floor":10,"key":"SMITH"},{"data":"Study","floor":15,"key":"SMITH"}],"circlet_count":0,"master_deck":["Defend_P","Defend_P+1","Defend_P","Defend_P+1","Eruption+1","Vigilance","EmptyFist","ClearTheMind","BattleHymn","Study+1","Tantrum","Devotion"],"relics":["PureWater","War Paint","Bottled Flame","Toxic Egg 2","Orichalcum","Empty Cage"],"acts_visited":["Exordium","TheCity"],"potions_floor_usage":[13,16,21,22],"damage_taken":[{"damage":4,"enemies":"Jaw Worm","floor":1,"turns":4},{"damage":0,"enemies":"Cultist","floor":3,"turns":3},{"damage":6,"enemies":"2 Louse","floor":4,"turns":3},{"damage":4,"enemies":"Exordium Wildlife","floor":5,"turns":3},{"damage":18,"enemies":"Lagavulin","floor":6,"turns":5},{"damage":13,"enemies":"3 Sentries","floor":8,"turns":6},{"damage":0,"enemies":"Looter","floor":11,"turns":4},{"damage":4,"enemies":"Blue Slaver","floor":12,"turns":5},{"damage":0,"enemies":"3 Louse","floor":13,"turns":6},{"damage":14,"enemies":"Hexaghost","floor":16,"turns":6},{"damage":28,"enemies":"3 Byrds","floor":18,"turns":6},{"damage":17,"enemies":"2 Thieves","floor":21,"turns":4},{"damage":28,"enemies":"Snake Plant","floor":22,"turns":3}],"seed_played":"3770394794453754640","potions_obtained":[{"floor":3,"key":"BottledMiracle"},{"floor":4,"key":"StancePotion"},{"floor":6,"key":"Explosive Potion"},{"floor":13,"key":"Dexterity Potion"},{"floor":18,"key":"Dexterity Potion"}],"is_trial":false,"path_per_floor":["M","$","M","M","M","E","R","E","T","R","M","M","M","?","R","B",null,"M","?","$","M","M"],"character_chosen":"WATCHER","items_purchased":[],"campfire_rested":0,"item_purchase_floors":[],"current_hp_per_floor":[68,68,68,62,58,40,40,27,27,27,27,23,23,23,23,9,72,44,44,44,27,0,0],"gold":189,"neow_bonus":"RANDOM_COMMON_RELIC","is_daily":false,"chose_seed":false,"campfire_upgraded":2,"win_rate":0.0,"timestamp":1609646192,"path_taken":["M","$","M","M","M","E","R","E","T","R","M","M","M","?","R","BOSS","M","?","$","?","M"],"items_purchased_type":[],"build_version":"2020-12-22","purchased_purges":2,"victory":false,"max_hp_per_floor":[72,72,72,72,72,72,72,72,72,72,72,72,72,72,72,72,72,72,72,72,72,72,72],"card_choices":[{"not_picked":["SashWhip","Worship"],"picked":"Evaluate","floor":1},{"not_picked":["FlyingSleeves","EmptyMind"],"picked":"EmptyFist","floor":3},{"not_picked":["WreathOfFlame","SignatureMove"],"picked":"ClearTheMind","floor":4},{"not_picked":["Meditate","FlurryOfBlows"],"picked":"BattleHymn","floor":5},{"not_picked":["WheelKick","SignatureMove","Nirvana"],"picked":"SKIP","floor":6},{"not_picked":["FlyingSleeves","Blasphemy+1","EmptyFist"],"picked":"SKIP","floor":8},{"not_picked":["SignatureMove","DeceiveReality+1","EmptyFist"],"picked":"SKIP","floor":11},{"not_picked":["FlyingSleeves","Consecrate"],"picked":"Study","floor":12},{"not_picked":["CarveReality","Conclude"],"picked":"Tantrum","floor":13},{"not_picked":["Omniscience+1","LessonLearned"],"picked":"Devotion","floor":16},{"not_picked":["ThirdEye+1","FlyingSleeves","ClearTheMind+1"],"picked":"SKIP","floor":18},{"not_picked":["Crescendo+1","ThirdEye+1","FollowUp"],"picked":"SKIP","floor":21}],"player_experience":153761,"relics_obtained":[{"floor":6,"key":"Bottled Flame"},{"floor":8,"key":"Toxic Egg 2"},{"floor":9,"key":"Orichalcum"}],"event_choices":[{"cards_removed":["Strike_P"],"damage_healed":0,"gold_gain":0,"player_choice":"Forget","damage_taken":0,"max_hp_gain":0,"max_hp_loss":0,"event_name":"Living Wall","floor":14,"gold_loss":0},{"damage_healed":0,"gold_gain":0,"player_choice":"Bet on Owner","damage_taken":0,"max_hp_gain":0,"max_hp_loss":0,"event_name":"The Joust","floor":19,"gold_loss":50}],"is_beta":false,"boss_relics":[{"not_picked":["Fusion Hammer","Ectoplasm"],"picked":"Empty Cage"}],"items_purged_floors":[2,20],"is_endless":false,"potions_floor_spawned":[3,4,6,13,18],"killed_by":"Snake Plant","ascension_level":0}}