{"host":"jq8d8epkoknfq6em","time":1609716626,"event":{"mods":["AchievementEnabler","BaseMod","Colored Map","Colored Powertips","Highlight Path","Minty Spire (QoL Compilation)","Quick Restart","StSLib"],"gold_per_floor":[110,124,140,90,110,110,110,142,210,210,210,210,210,220,220,322,322,337,337,354,114,128,128,157,67,91,91,107,120,136,167,167,269,269,287,287,297,297,297],"floor_reached":38,"playtime":3644,"items_purged":["Strike_R"],"score":645,"play_id":"84ec04e3-9f1f-4e92-96aa-16de558d5127","local_time":"20210104003026","is_ascension_mode":true,"campfire_choices":[{"data":"Bash","floor":6,"key":"SMITH"},{"data":"Disarm","floor":10,"key":"SMITH"},{"floor":13,"key":"REST"},{"data":"Double Tap","floor":15,"key":"SMITH"},{"data":"Armaments","floor":23,"key":"SMITH"},{"data":"Heavy Blade","floor":27,"key":"SMITH"},{"floor":32,"key":"REST"}],"circlet_count":0,"master_deck":["AscendersBane","Strike_R+1","Strike_R","Strike_R","Defend_R","Defend_R","Defend_R","Defend_R","Bash+1","Double Tap+1","Dropkick+1","Disarm+1","Disarm+1","Shrug It Off","Thunderclap","Offering+1","Armaments+1","Spot Weakness","Headbutt","Heavy Blade+1","Shockwave+1","Seeing Red","Limit Break","Uppercut+1","Bandage Up","Panache","Body Slam+1"],"relics":["Burning Blood","Ice Cream","HornCleat","Runic Pyramid","Regal Pillow","Strawberry","Tiny Chest","Bronze Scales","Fusion Hammer"],"acts_visited":["Exordium","TheCity","TheBeyond"],"potions_floor_usage":[8,16,29,30,33],"damage_taken":[{"damage":13,"enemies":"Jaw Worm","floor":1,"turns":5},{"damage":7,"enemies":"2 Louse","floor":2,"turns":3},{"damage":0,"enemies":"Small Slimes","floor":3,"turns":3},{"damage":19,"enemies":"2 Fungi Beasts","floor":5,"turns":4},{"damage":52,"enemies":"Gremlin Nob","floor":8,"turns":5},{"damage":0,"enemies":"Blue Slaver","floor":14,"turns":4},{"damage":13,"enemies":"The Guardian","floor":16,"turns":12},{"damage":8,"enemies":"Shell Parasite","floor":18,"turns":4},{"damage":2,"enemies":"Chosen","floor":20,"turns":4},{"damage":5,"enemies":"Snecko","floor":22,"turns":5},{"damage":20,"enemies":"Book of Stabbing","floor":24,"turns":7},{"damage":7,"enemies":"3 Cultists","floor":28,"turns":6},{"damage":3,"enemies":"Chosen and Byrds","floor":29,"turns":5},{"damage":7,"enemies":"Cultist and Chosen","floor":30,"turns":7},{"damage":57,"enemies":"Gremlin Leader","floor":31,"turns":5},{"damage":41,"enemies":"Collector","floor":33,"turns":8},{"damage":27,"enemies":"3 Darklings","floor":35,"turns":4},{"damage":22,"enemies":"Orb Walker","floor":37,"turns":4},{"damage":48,"enemies":"2 Orb Walkers","floor":38,"turns":4}],"seed_played":"8965311753007669960","potions_obtained":[{"floor":1,"key":"Regen Potion"},{"floor":2,"key":"Ancient Potion"},{"floor":14,"key":"BloodPotion"},{"floor":16,"key":"Swift Potion"},{"floor":18,"key":"SpeedPotion"},{"floor":31,"key":"Block Potion"},{"floor":37,"key":"Strength Potion"}],"is_trial":false,"path_per_floor":["M","M","M","?","M","R","?","E","T","R","?","?","R","M","R","B",null,"M","?","M","$","M","R","E","?","T","R","M","M","M","E","R","B",null,"M","?","M","?"],"character_chosen":"IRONCLAD","items_purchased":["Enlightenment","Spot Weakness"],"campfire_rested":2,"item_purchase_floors":[21,21],"current_hp_per_floor":[65,64,70,70,57,57,62,30,30,30,30,13,38,44,44,37,73,71,71,75,75,76,76,69,69,69,69,68,89,88,37,79,44,80,59,54,42,0,0],"gold":297,"neow_bonus":"ONE_RANDOM_RARE_CARD","is_daily":false,"chose_seed":false,"campfire_upgraded":5,"win_rate":0.0,"timestamp":1609716626,"path_taken":["M","M","M","?","M","R","?","E","T","R","?","?","R","M","R","BOSS","M","?","M","?","M","R","E","?","T","R","M","M","?","E","R","BOSS","M","?","M","?"],"items_purchased_type":["Card","Card"],"build_version":"2020-12-22","purchased_purges":1,"victory":false,"max_hp_per_floor":[80,80,80,80,80,80,85,85,85,85,85,85,85,85,85,85,85,85,85,85,85,85,85,92,92,92,92,92,92,92,92,92,92,92,92,92,92,92,92],"card_choices":[{"not_picked":["Pommel Strike","Sword Boomerang"],"picked":"Dropkick","floor":1},{"not_picked":["Body Slam","True Grit"],"picked":"Disarm","floor":2},{"not_picked":["Heavy Blade","Sever Soul","Pummel"],"picked":"SKIP","floor":3},{"not_picked":["True Grit","Iron Wave"],"picked":"Disarm","floor":5},{"not_picked":["Intimidate","Sever Soul"],"picked":"Shrug It Off","floor":8},{"not_picked":["Entrench","Heavy Blade"],"picked":"Thunderclap","floor":14},{"not_picked":["Immolate","Juggernaut"],"picked":"Offering","floor":16},{"not_picked":["Shockwave","Pommel Strike"],"picked":"Armaments","floor":18},{"not_picked":["Pommel Strike","Anger","Havoc"],"picked":"SKIP","floor":20},{"not_picked":["Clash","Wild Strike"],"picked":"Headbutt","floor":22},{"not_picked":["Armaments","Ghostly Armor"],"picked":"Heavy Blade","floor":24},{"not_picked":["Clash","Hemokinesis+1","Headbutt"],"picked":"SKIP","floor":28},{"not_picked":["Impervious","Twin Strike"],"picked":"Shockwave+1","floor":29},{"not_picked":["Havoc","Anger+1","Sword Boomerang"],"picked":"SKIP","floor":30},{"not_picked":["Warcry","Blood for Blood+1"],"picked":"Seeing Red","floor":31},{"not_picked":["Juggernaut","Corruption"],"picked":"Limit Break","floor":33},{"not_picked":["Heavy Blade","Body Slam"],"picked":"Uppercut+1","floor":35},{"not_picked":["Transmutation","Trip"],"picked":"Bandage Up","floor":36},{"not_picked":["Blind","Finesse"],"picked":"Panache","floor":36},{"not_picked":["Thunderclap","Clothesline+1"],"picked":"Body Slam+1","floor":37}],"player_experience":927998,"relics_obtained":[{"floor":8,"key":"Ice Cream"},{"floor":9,"key":"HornCleat"},{"floor":19,"key":"Regal Pillow"},{"floor":24,"key":"Strawberry"},{"floor":26,"key":"Tiny Chest"},{"floor":31,"key":"Bronze Scales"}],"event_choices":[{"cards_removed":["Strike_R"],"damage_healed":0,"gold_gain":0,"player_choice":"Card Removal","damage_taken":0,"max_hp_gain":0,"max_hp_loss":0,"event_name":"The Cleric","floor":4,"gold_loss":50},{"damage_healed":0,"gold_gain":0,"player_choice":"Donut","damage_taken":0,"max_hp_gain":5,"max_hp_loss":0,"event_name":"Big Fish","floor":7,"gold_loss":0},{"damage_healed":0,"gold_gain":0,"player_choice":"Grow","damage_taken":0,"max_hp_gain":0,"max_hp_loss":0,"event_name":"Living Wall","floor":11,"gold_loss":0,"cards_upgraded":["Disarm"]},{"damage_healed":0,"gold_gain":0,"player_choice":"Entered Light","damage_taken":17,"max_hp_gain":0,"max_hp_loss":0,"event_name":"Shining Light","floor":12,"gold_loss":0,"cards_upgraded":["Dropkick","Strike_R"]},{"damage_healed":0,"gold_gain":0,"player_choice":"Relic","damage_taken":0,"max_hp_gain":0,"max_hp_loss":0,"event_name":"Wheel of Change","floor":19,"gold_loss":0},{"cards_removed":["Enlightenment"],"damage_healed":0,"gold_gain":0,"player_choice":"Upgrade and Remove","damage_taken":0,"max_hp_gain":0,"max_hp_loss":0,"event_name":"Designer","floor":25,"gold_loss":90,"cards_upgraded":["Offering"]},{"damage_healed":0,"gold_gain":0,"player_choice":"Memory 2","damage_taken":5,"max_hp_gain":0,"max_hp_loss":0,"event_name":"SensoryStone","floor":36,"gold_loss":0},{"damage_healed":0,"gold_gain":0,"player_choice":"Fight","damage_taken":0,"max_hp_gain":0,"max_hp_loss":0,"event_name":"Mysterious Sphere","floor":38,"gold_loss":0}],"is_beta":false,"boss_relics":[{"not_picked":["Astrolabe","Philosopher\u0027s Stone"],"picked":"Runic Pyramid"},{"not_picked":["Cursed Key","Tiny House"],"picked":"Fusion Hammer"}],"items_purged_floors":[21],"is_endless":false,"potions_floor_spawned":[1,2,14,16,18,24,31,37],"killed_by":"2 Orb Walkers","ascension_level":11}}