{"host":"pbf6u3tyx46snqc7","time":1609670326,"event":{"mods":["AchievementEnabler","BaseMod","Colored Map","Minty Spire (QoL Compilation)","Rare Cards Sparkle","SuperFastMode"],"gold_per_floor":[118,16,16,166,182,182,216,216,216,231,264,264,285,298,298,394,394,413,413,328,354,310,310,325,325,325,325,325,325,325,325,325,325,325],"floor_reached":33,"playtime":1041,"items_purged":[],"score":602,"play_id":"0aef7395-cb2f-46b4-ad9f-11d6321652a2","local_time":"20210103193846","is_ascension_mode":true,"campfire_choices":[{"data":"Blizzard","floor":6.0,"key":"SMITH"},{"data":"Dualcast","floor":8.0,"key":"SMITH"},{"floor":15.0,"key":"REST"},{"floor":23.0,"key":"REST"},{"floor":25.0,"key":"REST"},{"floor":30,"key":"REST"},{"data":"Fusion","floor":32,"key":"SMITH"}],"circlet_count":0,"master_deck":["AscendersBane","Strike_B+1","Strike_B+1","Strike_B+1","Defend_B+1","Defend_B+1","Defend_B+1","Defend_B+1","Zap","Dualcast+1","Coolheaded","Blizzard+1","Coolheaded","Doubt","Glacier","Echo Form","Rebound+1","Fusion+1","Go for the Eyes","Cold Snap","Core Surge","CurseOfTheBell","Redo+1","Hologram","Conserve Battery+1"],"relics":["Cracked Core","NeowsBlessing","Tiny Chest","Regal Pillow","Golden Idol","Calling Bell","Juzu Bracelet","Lizard Tail","Sundial","Vajra","Whetstone","Dream Catcher","Toxic Egg 2","Ice Cream"],"acts_visited":["Exordium","TheCity"],"potions_floor_usage":[],"damage_taken":[{"damage":0.0,"enemies":"Cultist","floor":1.0,"turns":1.0},{"damage":0.0,"enemies":"Jaw Worm","floor":5.0,"turns":1.0},{"damage":0.0,"enemies":"3 Sentries","floor":7.0,"turns":1.0},{"damage":0.0,"enemies":"2 Louse","floor":10.0,"turns":2.0},{"damage":47.0,"enemies":"Gremlin Nob","floor":11.0,"turns":6.0},{"damage":6.0,"enemies":"Large Slime","floor":13.0,"turns":6.0},{"damage":1.0,"enemies":"Blue Slaver","floor":14.0,"turns":5.0},{"damage":26.0,"enemies":"Slime Boss","floor":16.0,"turns":8.0},{"damage":30.0,"enemies":"Spheric Guardian","floor":18.0,"turns":6.0},{"damage":19.0,"enemies":"2 Thieves","floor":22.0,"turns":5.0},{"damage":33.0,"enemies":"Snake Plant","floor":24.0,"turns":6.0},{"damage":147,"enemies":"Champ","floor":33,"turns":20}],"seed_played":"4241003827322610969","potions_obtained":[{"floor":7.0,"key":"Block Potion"},{"floor":10.0,"key":"DuplicationPotion"},{"floor":11.0,"key":"FairyPotion"},{"floor":18.0,"key":"PowerPotion"},{"floor":24.0,"key":"Strength Potion"}],"is_trial":false,"path_per_floor":["M","$","?","?","M","R","E","R","T","M","E","?","M","M","R","B",null,"M","?","?","T","M","R","M","R","T","?","?","T","R","T","R","B"],"character_chosen":"DEFECT","items_purchased":["Blizzard","Coolheaded"],"campfire_rested":4,"item_purchase_floors":[2,2],"current_hp_per_floor":[64,64,57,57,57,57,57,57,57,57,10,10,4,3,37,11,51,21,21,21,21,2,36,3,37,37,37,37,37,64,64,64,0,0],"gold":325,"neow_bonus":"THREE_ENEMY_KILL","is_daily":false,"chose_seed":false,"campfire_upgraded":3,"win_rate":0.0,"timestamp":1609670326,"path_taken":["M","?","?","?","?","R","E","R","T","M","E","?","M","M","R","BOSS","M","?","?","?","M","R","M","R","T","?","?","?","R","?","R","BOSS"],"items_purchased_type":["Card","Card"],"build_version":"2020-12-22","purchased_purges":0,"victory":false,"max_hp_per_floor":[71,71,71,71,71,71,71,71,71,71,71,64,64,64,64,64,64,64,64,64,64,64,64,64,64,64,64,64,64,64,64,64,64,64],"card_choices":[{"not_picked":["Steam Power","Redo"],"picked":"Coolheaded","floor":1.0},{"not_picked":["Rebound","Gash"],"picked":"Glacier","floor":5.0},{"not_picked":["Storm","Hologram"],"picked":"Echo Form","floor":7.0},{"not_picked":["Undo","Aggregate"],"picked":"Rebound","floor":10.0},{"not_picked":["Beam Cell","Barrage"],"picked":"Fusion","floor":11.0},{"not_picked":["Reinforced Body","Static Discharge"],"picked":"Go for the Eyes","floor":13.0},{"not_picked":["Coolheaded","Turbo"],"picked":"Cold Snap","floor":14.0},{"not_picked":["Hyperbeam","Thunder Strike"],"picked":"Core Surge","floor":16.0},{"not_picked":["Genetic Algorithm","Stack"],"picked":"Redo+1","floor":18.0},{"not_picked":["Beam Cell","Hello World","Barrage"],"picked":"SKIP","floor":22.0},{"not_picked":["Steam","Tempest+1"],"picked":"Hologram","floor":24.0},{"not_picked":["Auto Shields+1","Redo+1"],"picked":"Conserve Battery+1","floor":30}],"player_experience":374524,"relics_obtained":[{"floor":7.0,"key":"Tiny Chest"},{"floor":11.0,"key":"Regal Pillow"},{"floor":17.0,"key":"Juzu Bracelet"},{"floor":17.0,"key":"Lizard Tail"},{"floor":17.0,"key":"Sundial"},{"floor":21.0,"key":"Whetstone"},{"floor":26.0,"key":"Dream Catcher"},{"floor":29,"key":"Toxic Egg 2"},{"floor":31,"key":"Ice Cream"}],"event_choices":[{"cards_removed":["Strike_B"],"damage_healed":0.0,"max_hp_gain":0.0,"max_hp_loss":0.0,"gold_gain":0.0,"event_name":"Golden Wing","player_choice":"Card Removal","floor":3.0,"gold_loss":0.0,"damage_taken":7.0},{"damage_healed":0.0,"max_hp_gain":0.0,"max_hp_loss":0.0,"gold_gain":150.0,"event_name":"Liars Game","player_choice":"AGREE","floor":4.0,"gold_loss":0.0,"damage_taken":0.0,"cards_obtained":["Doubt"]},{"damage_healed":0.0,"max_hp_gain":0.0,"max_hp_loss":7.0,"gold_gain":0.0,"event_name":"Golden Idol","player_choice":"Lose Max HP","floor":12.0,"gold_loss":0.0,"damage_taken":0.0,"relics_obtained":["Golden Idol"]},{"damage_healed":0.0,"max_hp_gain":0.0,"max_hp_loss":0.0,"gold_gain":0.0,"event_name":"Vampires","player_choice":"Ignored","floor":19.0,"gold_loss":0.0,"damage_taken":0.0},{"damage_healed":0.0,"max_hp_gain":0.0,"max_hp_loss":0.0,"gold_gain":0.0,"event_name":"Addict","player_choice":"Obtained Relic","floor":20.0,"gold_loss":85.0,"damage_taken":0.0,"relics_obtained":["Vajra"]},{"damage_healed":0,"gold_gain":0,"player_choice":"Ignored","damage_taken":0,"max_hp_gain":0,"max_hp_loss":0,"event_name":"Cursed Tome","floor":27,"gold_loss":0},{"damage_healed":0,"gold_gain":0,"player_choice":"Simplicity","damage_taken":0,"max_hp_gain":0,"max_hp_loss":0,"event_name":"Back to Basics","floor":28,"gold_loss":0,"cards_upgraded":["Strike_B","Strike_B","Defend_B","Defend_B","Defend_B","Defend_B"]}],"is_beta":false,"boss_relics":[{"not_picked":["Snecko Eye","Runic Pyramid"],"picked":"Calling Bell"}],"items_purged_floors":[],"is_endless":false,"potions_floor_spawned":[7,10,11,18,24],"killed_by":"Champ","ascension_level":20}}