{"host":"os9owiyb0rak6c8n","time":1609694238,"event":{"mods":["AchievementEnabler","Astrologer","BaseMod","Beaked The Cultist","Better Third Choice","Block Reminder","Colored Map","Colored Powertips","Dio Mod","Minty Spire (QoL Compilation)","Robot Space Explorer","Spicy Shops","StSLib","The Death Knight","The Necromancer"],"gold_per_floor":[112,187,187,187,41,68,68,94,94,106,106,119,150,160,160,255,255,270,270,270,302,302,302,336,336,336,336,362,385,405,436,436,436,436],"floor_reached":33,"playtime":1303,"items_purged":[],"score":388,"play_id":"bed8198f-81df-41f4-b9f9-968b7c9f56c4","local_time":"20210103181718","is_ascension_mode":true,"campfire_choices":[{"floor":7,"key":"REST"},{"floor":15,"key":"REST"},{"floor":23,"key":"REST"},{"floor":25,"key":"REST"},{"data":"Toxic_Smoke_Screen","floor":27,"key":"SMITH"},{"floor":32,"key":"REST"}],"circlet_count":0,"master_deck":["Strike_W+1","Strike_W+1","Strike_W+1","Strike_W+1","Defend_W+1","Defend_W+1","Defend_W+1","Defend_W+1","Negative_Energy_Arrows","Bone_Wall","Toxic_Smoke_Screen+1","Siphon_Strength","Death_March_Dance","Violent_Necrosis","Deaths_Shadow","Blood_Curse","Summon_Death_Knight","Life_Drain+1","Grasp_Heart+1","Bones_to_Steel","Vampiric_Strike+1","Epidemic","Shackles_Of_Pain","Cloudkill","Bone_Armory+1"],"relics":["Vampire_Amulet","CultistMask","DeathKnight:SindragosasSkull","Ginger","Ornamental Fan","Molten Egg 2","beaked:MawFillet","betterThird:NestCultRelic","Question Card","HornCleat","Gremlin Horn","Frozen Egg 2","Oddly Smooth Stone","Smiling Mask"],"acts_visited":["Exordium","TheCity"],"potions_floor_usage":[8,8,13,21,24,28,28,28,28,31,31,33],"damage_taken":[{"damage":4,"enemies":"2 Louse","floor":1,"turns":3},{"damage":27,"enemies":"Lagavulin","floor":6,"turns":7},{"damage":29,"enemies":"3 Sentries","floor":8,"turns":9},{"damage":6,"enemies":"Jaw Worm","floor":10,"turns":3},{"damage":0,"enemies":"Cultist","floor":12,"turns":4},{"damage":3,"enemies":"Gremlin Nob","floor":13,"turns":3},{"damage":0,"enemies":"Looter","floor":14,"turns":4},{"damage":16,"enemies":"Slime Boss","floor":16,"turns":11},{"damage":0,"enemies":"Chosen","floor":18,"turns":4},{"damage":53,"enemies":"Slavers","floor":21,"turns":5},{"damage":41,"enemies":"Book of Stabbing","floor":24,"turns":6},{"damage":15,"enemies":"Gremlin Leader","floor":28,"turns":8},{"damage":19,"enemies":"Shell Parasite","floor":30,"turns":7},{"damage":31,"enemies":"Slavers","floor":31,"turns":6},{"damage":63,"enemies":"StardustCrusaders","floor":33,"turns":7}],"seed_played":"2544484125809764771","potions_obtained":[{"floor":0,"key":"EssenceOfSteel"},{"floor":0,"key":"LiquidBronze"},{"floor":0,"key":"Strength Potion"},{"floor":1,"key":"DuplicationPotion"},{"floor":8,"key":"ColorlessPotion"},{"floor":16,"key":"AttackPotion"},{"floor":21,"key":"Dexterity Potion"},{"floor":24,"key":"EntropicBrew"},{"floor":28,"key":"SteroidPotion"},{"floor":31,"key":"SpeedPotion"}],"is_trial":false,"path_per_floor":["M","?","?","?","$","E","R","E","T","M","?","M","E","M","R","B",null,"M","?","?","E","?","R","E","R","T","R","E","T","M","E","R","B"],"character_chosen":"NECROMANCER","items_purchased":["Siphon_Strength","Death_March_Dance"],"campfire_rested":5,"item_purchase_floors":[5,5],"current_hp_per_floor":[75,64,49,49,49,24,46,23,23,19,19,21,20,22,44,46,75,75,75,75,34,34,56,26,48,48,48,59,59,48,32,54,0,0],"gold":436,"neow_bonus":"THREE_SMALL_POTIONS","is_daily":false,"chose_seed":false,"campfire_upgraded":1,"win_rate":0.0,"timestamp":1609694238,"path_taken":["M","?","?","?","$","E","R","E","T","?","?","M","E","M","R","BOSS","M","?","?","E","?","R","E","R","T","R","E","?","M","E","R","BOSS"],"items_purchased_type":["Card","Card"],"build_version":"2020-12-22","purchased_purges":0,"victory":false,"max_hp_per_floor":[75,75,75,75,75,75,75,75,75,75,75,75,75,75,75,75,75,75,75,75,75,75,75,75,75,75,75,75,75,75,75,75,75,75],"card_choices":[{"not_picked":["Negative_Energy_Burst","Negative_Energy_Mist"],"picked":"Toxic_Smoke_Screen","floor":1},{"not_picked":["Consume_Illness","Whirlwind_of_Bones","Blood_Shield"],"picked":"SKIP","floor":6},{"not_picked":["Life_Drain","Flesh_Made_Foul"],"picked":"Violent_Necrosis","floor":8},{"not_picked":["Consume_Illness","Death_Coil"],"picked":"Deaths_Shadow","floor":10},{"not_picked":["Death_Knell","Summon_Undead_Army"],"picked":"Blood_Curse","floor":12},{"not_picked":["Bone_Shift","Scare"],"picked":"Summon_Death_Knight","floor":13},{"not_picked":["Blood_Curse+1","Toxic_Smoke_Screen"],"picked":"Life_Drain+1","floor":14},{"not_picked":["Hellfire+1","Blood_Magic"],"picked":"Grasp_Heart+1","floor":16},{"not_picked":["Strike_from_Beyond+1","Negative_Energy_Sphere+1"],"picked":"Bones_to_Steel","floor":18},{"not_picked":["Violent_Necrosis","Death_Knell+1"],"picked":"Vampiric_Strike+1","floor":21},{"not_picked":["Bone_Armory","Blood_Whip+1","Chill_Blood"],"picked":"Epidemic","floor":24},{"not_picked":["Bones_to_Steel","Stop_Heart","Death_March_Dance+1"],"picked":"Shackles_Of_Pain","floor":28},{"not_picked":["Bone_Shift","Uncharnel","Summon_Lich+1"],"picked":"Cloudkill","floor":30},{"not_picked":["Flesh_Made_Foul+1","Blood_Curse+1","Death_Coil+1"],"picked":"Bone_Armory+1","floor":31}],"player_experience":577305,"relics_obtained":[{"floor":6,"key":"DeathKnight:SindragosasSkull"},{"floor":8,"key":"Ginger"},{"floor":9,"key":"Ornamental Fan"},{"floor":13,"key":"Molten Egg 2"},{"floor":21,"key":"Question Card"},{"floor":24,"key":"HornCleat"},{"floor":26,"key":"Gremlin Horn"},{"floor":28,"key":"Frozen Egg 2"},{"floor":29,"key":"Oddly Smooth Stone"},{"floor":31,"key":"Smiling Mask"}],"event_choices":[{"damage_healed":0,"gold_gain":75,"player_choice":"Gold","damage_taken":11,"max_hp_gain":0,"max_hp_loss":0,"event_name":"betterThird:BetterGoop","floor":2,"gold_loss":0},{"damage_healed":64,"gold_gain":0,"player_choice":"Upgrade","damage_taken":15,"max_hp_gain":0,"max_hp_loss":75,"event_name":"betterThird:BetterShining","floor":3,"gold_loss":0,"cards_upgraded":["Strike_W","Strike_W"]},{"damage_healed":0,"gold_gain":0,"player_choice":"Trade","damage_taken":0,"relics_obtained":["CultistMask"],"max_hp_gain":0,"max_hp_loss":0,"event_name":"FaceTrader","floor":4,"gold_loss":0},{"damage_healed":0,"gold_gain":0,"player_choice":"Ignored","damage_taken":0,"max_hp_gain":0,"max_hp_loss":0,"event_name":"Golden Idol","floor":11,"gold_loss":0},{"damage_healed":0,"gold_gain":0,"player_choice":"Madness","damage_taken":0,"relics_obtained":["betterThird:NestCultRelic"],"max_hp_gain":0,"max_hp_loss":0,"event_name":"betterThird:BetterNest","floor":19,"gold_loss":0},{"damage_healed":0,"gold_gain":0,"player_choice":"Simplicity","damage_taken":0,"max_hp_gain":0,"max_hp_loss":6,"event_name":"betterThird:BetterWriting","floor":20,"gold_loss":0},{"damage_healed":0,"gold_gain":0,"player_choice":"Ignored","damage_taken":0,"max_hp_gain":0,"max_hp_loss":0,"event_name":"Ghosts","floor":22,"gold_loss":0}],"is_beta":false,"boss_relics":[{"not_picked":["Fusion Hammer","Philosopher\u0027s Stone"],"picked":"beaked:MawFillet"}],"items_purged_floors":[],"is_endless":false,"potions_floor_spawned":[1,6,8,16,21,24,28,31],"killed_by":"StardustCrusaders","ascension_level":3}}