{"host":"t7mx8yfj1no5p62f","time":1609653647,"event":{"mods":["BaseMod","Colored Map","Colored Powertips","Minty Spire (QoL Compilation)","Relic Stats","StSLib"],"gold_per_floor":[115,129,142,25,44,44,69,88,88,88,122,122,161,177,177,267,267,283,301,301,216,254,254,67,106,106,119,162,183,217,236,236,334,334,353,353,373,388,401,401,436,436,436,436,459,474,490,529,529,529,529,529,529,65,106,106],"floor_reached":57,"playtime":3512,"items_purged":["Doubt","Strike_G+1","Choke"],"score":2992,"play_id":"e6e6b435-84a0-455f-8d2d-3589d993881b","local_time":"20210103010047","is_ascension_mode":true,"campfire_choices":[{"data":"Predator","floor":6.0,"key":"SMITH"},{"data":"Well Laid Plans","floor":10.0,"key":"SMITH"},{"data":"Storm of Steel","floor":15.0,"key":"SMITH"},{"data":"Corpse Explosion","floor":23.0,"key":"SMITH"},{"data":"Calculated Gamble","floor":32.0,"key":"SMITH"},{"data":"Catalyst","floor":40.0,"key":"SMITH"},{"data":"Crippling Poison","floor":42.0,"key":"SMITH"},{"data":"Acrobatics","floor":44.0,"key":"SMITH"},{"floor":49.0,"key":"RECALL"},{"data":"Outmaneuver","floor":53.0,"key":"SMITH"}],"circlet_count":0,"master_deck":["AscendersBane","Survivor","Neutralize+1","Dash","Flying Knee+1","Terror","Predator+1","Well Laid Plans+1","Storm of Steel+1","Outmaneuver+1","Leg Sweep+1","Acrobatics","Accuracy","Corpse Explosion+1","Reflex+1","Catalyst+1","Noxious Fumes+1","Reflex+1","Sucker Punch+1","Calculated Gamble+1","Malaise","Dagger Throw","Finisher","Glass Knife","Reflex","Quick Slash","Bullet Time","Corpse Explosion","Die Die Die","Concentrate","Malaise","Crippling Poison+1","Acrobatics+1","Backflip","Prepared+1","Well Laid Plans+1","Catalyst","Calculated Gamble","Footwork+1"],"relics":["Ring of the Snake","Tough Bandages","TungstenRod","Paper Crane","Bottled Tornado","Golden Idol","Meat on the Bone","Coffee Dripper","Frozen Egg 2","Red Mask","HornCleat","Whetstone","Bird Faced Urn","Pandora\u0027s Box","Strawberry","Question Card","PreservedInsect","War Paint","Cauldron","Boot"],"acts_visited":["Exordium","TheCity","TheBeyond","TheEnding"],"potions_floor_usage":[56],"damage_taken":[{"damage":12.0,"enemies":"Cultist","floor":1.0,"turns":5.0},{"damage":0.0,"enemies":"2 Louse","floor":2.0,"turns":5.0},{"damage":0.0,"enemies":"Small Slimes","floor":3.0,"turns":4.0},{"damage":4.0,"enemies":"2 Fungi Beasts","floor":5.0,"turns":4.0},{"damage":15.0,"enemies":"Lagavulin","floor":7.0,"turns":7.0},{"damage":2.0,"enemies":"Large Slime","floor":8.0,"turns":4.0},{"damage":3.0,"enemies":"Gremlin Nob","floor":11.0,"turns":3.0},{"damage":9.0,"enemies":"3 Sentries","floor":13.0,"turns":7.0},{"damage":0.0,"enemies":"Red Slaver","floor":14.0,"turns":3.0},{"damage":0.0,"enemies":"Slime Boss","floor":16.0,"turns":3.0},{"damage":0.0,"enemies":"2 Thieves","floor":18.0,"turns":2.0},{"damage":2.0,"enemies":"Spheric Guardian","floor":19.0,"turns":4.0},{"damage":0.0,"enemies":"Masked Bandits","floor":22.0,"turns":2.0},{"damage":13.0,"enemies":"Book of Stabbing","floor":25.0,"turns":4.0},{"damage":2.0,"enemies":"Shelled Parasite and Fungi","floor":27.0,"turns":4.0},{"damage":0.0,"enemies":"Slavers","floor":28.0,"turns":3.0},{"damage":0.0,"enemies":"Chosen and Byrds","floor":29.0,"turns":3.0},{"damage":0.0,"enemies":"Book of Stabbing","floor":30.0,"turns":5.0},{"damage":0.0,"enemies":"Snecko","floor":31.0,"turns":5.0},{"damage":14.0,"enemies":"Collector","floor":33.0,"turns":9.0},{"damage":0.0,"enemies":"3 Darklings","floor":35.0,"turns":3.0},{"damage":8.0,"enemies":"Orb Walker","floor":37.0,"turns":3.0},{"damage":0.0,"enemies":"Sphere and 2 Shapes","floor":38.0,"turns":5.0},{"damage":2.0,"enemies":"Transient","floor":39.0,"turns":6.0},{"damage":49.0,"enemies":"Giant Head","floor":41.0,"turns":9.0},{"damage":20.0,"enemies":"4 Shapes","floor":45.0,"turns":4.0},{"damage":3.0,"enemies":"Jaw Worm Horde","floor":46.0,"turns":6.0},{"damage":0.0,"enemies":"Transient","floor":47.0,"turns":6.0},{"damage":2.0,"enemies":"Nemesis","floor":48.0,"turns":7.0},{"damage":4.0,"enemies":"Donu and Deca","floor":50.0,"turns":7.0},{"damage":7.0,"enemies":"Time Eater","floor":51.0,"turns":10.0},{"damage":4.0,"enemies":"Shield and Spear","floor":55.0,"turns":6.0},{"damage":40,"enemies":"The Heart","floor":56,"turns":9}],"seed_played":"1220165985027899469","potions_obtained":[{"floor":3.0,"key":"Swift Potion"},{"floor":7.0,"key":"Strength Potion"},{"floor":8.0,"key":"Explosive Potion"},{"floor":11.0,"key":"Regen Potion"},{"floor":13.0,"key":"Strength Potion"},{"floor":19.0,"key":"Weak Potion"},{"floor":22.0,"key":"SteroidPotion"},{"floor":33.0,"key":"Strength Potion"},{"floor":39.0,"key":"BlessingOfTheForge"},{"floor":48.0,"key":"LiquidMemories"},{"floor":54.0,"key":"Ancient Potion"}],"is_trial":false,"path_per_floor":["M","M","M","$","M","R","E","M","T","R","E","?","E","M","R","B",null,"M","M","?","?","?","R","$","E","T","M","E","M","E","M","R","B",null,"M","?","M","M","M","R","E","R","T","R","M","M","M","E","R","B","B",null,"R","$","E","B",null],"character_chosen":"THE_SILENT","items_purchased":["Predator","Noxious Fumes+1","War Paint","Cauldron"],"campfire_rested":0,"item_purchase_floors":[4,24,54,54],"current_hp_per_floor":[47,47,47,47,43,43,28,26,26,26,23,23,29,41,41,41,55,55,53,53,53,53,53,53,40,40,38,38,38,38,44,44,36,54,60,60,54,60,58,58,34,34,34,34,32,35,43,49,49,53,54,64,64,64,65,34],"gold":106,"neow_bonus":"ONE_RARE_RELIC","is_daily":false,"chose_seed":false,"campfire_upgraded":9,"win_rate":0.0,"timestamp":1609653647,"path_taken":["M","M","M","$","M","R","E","M","T","R","E","?","E","M","R","BOSS","M","M","?","?","?","R","$","E","T","M","E","M","E","M","R","BOSS","M","?","M","M","M","R","E","R","T","R","M","?","M","E","R","BOSS","BOSS","R","$","E","BOSS"],"items_purchased_type":["Card","Card","Relic","Relic"],"build_version":"2020-12-22","purchased_purges":3,"victory":true,"max_hp_per_floor":[66,66,66,66,66,66,66,66,66,66,66,60,60,60,60,60,60,60,60,60,60,60,60,60,60,60,60,60,60,60,60,60,60,60,60,60,60,60,60,60,67,67,67,67,67,67,67,67,67,67,67,67,67,67,67,67],"relic_stats":{"counters":[33,167],"Golden Idol":205,"PreservedInsect":77,"Whetstone":["Flying Knee","Neutralize"],"War Paint":["Leg Sweep","Reflex"],"Question Card":6,"Boot":[1],"Tough Bandages":[1407],"Bird Faced Urn":[90],"Pandora\u0027s Box":["Dagger Throw","Finisher","Glass Knife","Reflex","Choke","Quick Slash","Bullet Time","Corpse Explosion","Die Die Die"],"obtain_stats":[{"Golden Idol":12,"PreservedInsect":48,"Whetstone":28,"Paper Crane":9,"Bottled Tornado":11,"Frozen Egg 2":21,"War Paint":54,"Question Card":43,"Boot":55,"Cauldron":54,"Tough Bandages":0,"HornCleat":25,"Bird Faced Urn":30,"Strawberry":41,"Pandora\u0027s Box":34,"Coffee Dripper":17,"Red Mask":22,"TungstenRod":7,"Ring of the Snake":0,"Meat on the Bone":13},{"Golden Idol":7,"PreservedInsect":29,"Whetstone":16,"Paper Crane":6,"Bottled Tornado":7,"Frozen Egg 2":12,"War Paint":31,"Question Card":25,"Boot":32,"Cauldron":31,"Tough Bandages":0,"HornCleat":14,"Bird Faced Urn":18,"Strawberry":25,"Pandora\u0027s Box":20,"Coffee Dripper":10,"Red Mask":13,"TungstenRod":5,"Ring of the Snake":0,"Meat on the Bone":8},{"Golden Idol":32,"PreservedInsect":135,"Whetstone":64,"Paper Crane":29,"Bottled Tornado":32,"Frozen Egg 2":51,"War Paint":152,"Question Card":112,"Boot":158,"Cauldron":152,"Tough Bandages":0,"HornCleat":57,"Bird Faced Urn":72,"Strawberry":112,"Pandora\u0027s Box":86,"Coffee Dripper":45,"Red Mask":53,"TungstenRod":25,"Ring of the Snake":0,"Meat on the Bone":39}],"TungstenRod":49,"Ring of the Snake":[66],"Meat on the Bone":36},"card_choices":[{"not_picked":["Backflip","Blade Dance"],"picked":"Dash","floor":1.0},{"not_picked":["Tactician","Flechettes"],"picked":"Flying Knee","floor":2.0},{"not_picked":["Heel Hook","Backflip"],"picked":"Terror","floor":3.0},{"not_picked":["Bouncing Flask","Catalyst"],"picked":"Well Laid Plans","floor":5.0},{"not_picked":["Backflip","Accuracy"],"picked":"Storm of Steel","floor":7.0},{"not_picked":["Dodge and Roll","Blade Dance"],"picked":"Outmaneuver","floor":8.0},{"not_picked":["PiercingWail","Skewer"],"picked":"Leg Sweep","floor":11.0},{"not_picked":["Dagger Throw","PiercingWail"],"picked":"Acrobatics","floor":13.0},{"not_picked":["Poisoned Stab","Deadly Poison"],"picked":"Accuracy","floor":14.0},{"not_picked":["Unload","Glass Knife"],"picked":"Corpse Explosion","floor":16.0},{"not_picked":["Flying Knee","Flechettes"],"picked":"Reflex+1","floor":18.0},{"not_picked":["Flying Knee","Quick Slash"],"picked":"Catalyst","floor":19.0},{"not_picked":["Backflip","Flying Knee"],"picked":"Reflex","floor":25.0},{"not_picked":["Bane","Deflect","Riddle With Holes"],"picked":"SKIP","floor":27.0},{"not_picked":["Underhanded Strike","Storm of Steel","Endless Agony"],"picked":"SKIP","floor":28.0},{"not_picked":["Dodge and Roll","Blade Dance"],"picked":"Sucker Punch+1","floor":29.0},{"not_picked":["Noxious Fumes+1","Flechettes"],"picked":"Calculated Gamble","floor":30.0},{"not_picked":["Dagger Throw","Quick Slash","Backflip"],"picked":"SKIP","floor":31.0},{"not_picked":["Adrenaline","Storm of Steel"],"picked":"Malaise","floor":33.0},{"not_picked":["Backflip","Dagger Spray"],"picked":"Concentrate","floor":35.0},{"not_picked":["Finisher","Flying Knee"],"picked":"Crippling Poison","floor":37.0},{"not_picked":["Dagger Throw+1","Envenom+1"],"picked":"Acrobatics","floor":38.0},{"not_picked":["Distraction","Dodge and Roll"],"picked":"Backflip","floor":39.0},{"not_picked":["Choke+1","Distraction","Dodge and Roll"],"picked":"SKIP","floor":41.0},{"not_picked":["Cloak And Dagger","Dodge and Roll","Concentrate"],"picked":"Prepared+1","floor":45.0},{"not_picked":["All Out Attack","Dagger Throw","Terror+1"],"picked":"Well Laid Plans+1","floor":46.0},{"not_picked":["Cloak And Dagger","Noxious Fumes+1","Outmaneuver"],"picked":"Catalyst","floor":47.0},{"not_picked":["Acrobatics","Backstab","Outmaneuver"],"picked":"Calculated Gamble","floor":48.0},{"not_picked":["Choke","Deflect+1","Dagger Spray+1"],"picked":"Footwork+1","floor":55.0}],"player_experience":1643667,"relics_obtained":[{"floor":7.0,"key":"TungstenRod"},{"floor":9.0,"key":"Paper Crane"},{"floor":11.0,"key":"Bottled Tornado"},{"floor":13.0,"key":"Meat on the Bone"},{"floor":22.0,"key":"Red Mask"},{"floor":25.0,"key":"HornCleat"},{"floor":28.0,"key":"Whetstone"},{"floor":30.0,"key":"Bird Faced Urn"},{"floor":41.0,"key":"Strawberry"},{"floor":43.0,"key":"Question Card"},{"floor":48.0,"key":"PreservedInsect"},{"floor":55.0,"key":"Boot"}],"event_choices":[{"damage_healed":0.0,"max_hp_gain":0.0,"max_hp_loss":6.0,"gold_gain":0.0,"event_name":"Golden Idol","player_choice":"Lose Max HP","floor":12.0,"gold_loss":0.0,"damage_taken":0.0,"relics_obtained":["Golden Idol"]},{"damage_healed":0.0,"max_hp_gain":0.0,"max_hp_loss":0.0,"gold_gain":0.0,"event_name":"Back to Basics","player_choice":"Simplicity","floor":20.0,"gold_loss":0.0,"damage_taken":0.0,"cards_upgraded":["Strike_G","Strike_G","Strike_G","Strike_G","Strike_G","Defend_G","Defend_G","Defend_G","Defend_G","Defend_G"]},{"damage_healed":0.0,"max_hp_gain":0.0,"max_hp_loss":0.0,"gold_gain":0.0,"event_name":"Addict","player_choice":"Obtained Relic","floor":21.0,"gold_loss":85.0,"damage_taken":0.0,"relics_obtained":["Frozen Egg 2"]},{"damage_healed":0.0,"max_hp_gain":0.0,"max_hp_loss":0.0,"gold_gain":0.0,"event_name":"Masked Bandits","player_choice":"Fought Bandits","floor":22.0,"gold_loss":0.0,"damage_taken":0.0},{"damage_healed":0.0,"max_hp_gain":0.0,"max_hp_loss":0.0,"gold_gain":0.0,"event_name":"Match and Keep!","player_choice":"1 cards matched","floor":36.0,"gold_loss":0.0,"damage_taken":0.0,"cards_obtained":["Malaise"]}],"is_beta":false,"boss_relics":[{"not_picked":["Velvet Choker","SacredBark"],"picked":"Coffee Dripper"},{"not_picked":["Empty Cage","Busted Crown"],"picked":"Pandora\u0027s Box"}],"items_purged_floors":[4,24,54],"is_endless":false,"potions_floor_spawned":[3,7,8,11,13,19,22,27,31,33,39,41,46,47,48],"ascension_level":20}}