{"host":"oy4pyvr762z5n0bb","time":1609696179,"event":{"mods":["AchievementEnabler","BaseMod","Colored Map","Colored Powertips","Googly Eyes","Key Reminder","Minty Spire (QoL Compilation)","Quick Restart","Relic Sorter","StSLib","SuperFastMode","Unceasing Turn Reminder","slay the spire mod where everything is the same but ironclad has a cowboy hat"],"gold_per_floor":[114,16,16,191,64,95,395,395,395,413,413,413],"floor_reached":11,"playtime":251,"items_purged":["Doubt"],"score":90,"play_id":"d72dcff6-a8cf-4a13-908a-d4af7bf5670a","local_time":"20210103094939","is_ascension_mode":true,"campfire_choices":[{"floor":8,"key":"REST"}],"circlet_count":0,"master_deck":["Strike_R","Strike_R","Strike_R","Strike_R","Defend_R","Defend_R","Defend_R","Defend_R","Bash","Searing Blow","Armaments","Armaments","Warcry","Warcry","Intimidate","Headbutt"],"relics":["Burning Blood","Bronze Scales","Old Coin","Sundial"],"acts_visited":["Exordium"],"potions_floor_usage":[11],"damage_taken":[{"damage":6,"enemies":"Cultist","floor":1,"turns":4},{"damage":52,"enemies":"3 Sentries","floor":6,"turns":13},{"damage":3,"enemies":"2 Louse","floor":10,"turns":3},{"damage":53,"enemies":"Lagavulin","floor":11,"turns":7}],"seed_played":"6103650631474408605","potions_obtained":[{"floor":10,"key":"Swift Potion"}],"is_trial":false,"path_per_floor":["M","$","$","?","$","E","?","R","T","M","E"],"character_chosen":"IRONCLAD","items_purchased":["Armaments","Warcry","Warcry"],"campfire_rested":1,"item_purchase_floors":[2,2,5],"current_hp_per_floor":[72,72,72,72,72,26,14,38,38,41,0,0],"gold":413,"neow_bonus":"TRANSFORM_CARD","is_daily":false,"chose_seed":false,"campfire_upgraded":0,"win_rate":0.0,"timestamp":1609696179,"path_taken":["M","?","$","?","$","E","?","R","T","M","E"],"items_purchased_type":["Card","Card","Card"],"build_version":"2020-12-22","purchased_purges":1,"victory":false,"max_hp_per_floor":[80,80,80,80,80,80,80,80,80,80,80,80],"card_choices":[{"not_picked":["Clash","Iron Wave"],"picked":"Armaments","floor":1},{"not_picked":["Rage","Flex"],"picked":"Intimidate","floor":6},{"not_picked":["Anger","Clash"],"picked":"Headbutt","floor":10}],"player_experience":630872,"relics_obtained":[{"floor":6,"key":"Bronze Scales"},{"floor":9,"key":"Sundial"}],"event_choices":[{"damage_healed":0,"gold_gain":175,"player_choice":"AGREE","damage_taken":0,"max_hp_gain":0,"max_hp_loss":0,"event_name":"Liars Game","floor":4,"gold_loss":0,"cards_obtained":["Doubt"]},{"damage_healed":0,"gold_gain":0,"player_choice":"Success","damage_taken":12,"relics_obtained":["Old Coin"],"max_hp_gain":0,"max_hp_loss":0,"event_name":"Scrap Ooze","floor":7,"gold_loss":0}],"is_beta":false,"boss_relics":[],"items_purged_floors":[5],"is_endless":false,"potions_floor_spawned":[10],"killed_by":"Lagavulin","ascension_level":6}}