{"host":"sum4dy402bbv9y4o","time":1609638930,"event":{"mods":["Aspiration","BaseMod","Conspire","Highlight Path","Minty Spire (QoL Compilation)","StSLib"],"gold_per_floor":[112,130,144,154,174,174,174,174,174,199,199,218,22,33,33,110,110,130,103,103,116,116,116],"floor_reached":22,"playtime":832,"items_purged":[],"score":380,"play_id":"36fd5a31-3a1b-413e-91b9-f0f74b6c82d8","local_time":"20210103045530","is_ascension_mode":true,"campfire_choices":[{"data":"Zap","floor":6,"key":"SMITH"},{"data":"Gash","floor":8,"key":"SMITH"},{"data":"Streamline","floor":11,"key":"SMITH"},{"data":"Creative AI","floor":15,"key":"SMITH"}],"circlet_count":0,"master_deck":["AscendersBane","Strike_B","Strike_B","Strike_B","Defend_B","Defend_B","Defend_B","Defend_B","Zap+1","Dualcast+1","Streamline+1","BootSequence","Gash+1","Coolheaded","FTL","Leap","Cold Snap","Creative AI+1","Rebound","Conserve Battery","Go for the Eyes","Beam Cell","Cold Snap"],"relics":["Cracked Core","Bronze Scales","Blood Vial","Vajra","Black Star","Enchiridion"],"acts_visited":["Exordium","TheCity"],"potions_floor_usage":[16,21,21],"damage_taken":[{"damage":2,"enemies":"Jaw Worm","floor":1,"turns":3},{"damage":0,"enemies":"Cultist","floor":2,"turns":2},{"damage":0,"enemies":"conspire:RoseBush","floor":3,"turns":3},{"damage":0,"enemies":"Exordium Wildlife","floor":4,"turns":2},{"damage":2,"enemies":"Looter","floor":5,"turns":3},{"damage":16,"enemies":"Lagavulin","floor":10,"turns":6},{"damage":0,"enemies":"conspire:2 RoseBushes","floor":12,"turns":4},{"damage":0,"enemies":"Lots of Slimes","floor":14,"turns":3},{"damage":23,"enemies":"The Guardian","floor":16,"turns":10},{"damage":15,"enemies":"Chosen","floor":18,"turns":6},{"damage":11,"enemies":"2 Thieves","floor":19,"turns":4},{"damage":8,"enemies":"conspire:HollyBat","floor":21,"turns":8},{"damage":15,"enemies":"Snake Plant","floor":22,"turns":2}],"seed_played":"-6153734706613870973","potions_obtained":[{"floor":2,"key":"Dexterity Potion"},{"floor":5,"key":"Energy Potion"},{"floor":10,"key":"FocusPotion"},{"floor":12,"key":"PowerPotion"},{"floor":19,"key":"Weak Potion"},{"floor":21,"key":"FocusPotion"}],"is_trial":false,"path_per_floor":["M","M","M","M","M","R","?","R","T","E","R","M","$","M","R","B",null,"M","M","?","M","M"],"character_chosen":"DEFECT","items_purchased":["Vajra","Rebound"],"campfire_rested":0,"item_purchase_floors":[13,13],"current_hp_per_floor":[62,62,62,62,60,60,60,60,60,44,44,46,46,48,48,27,60,47,38,17,11,0,0],"gold":116,"neow_bonus":"UPGRADE_CARD","is_daily":false,"chose_seed":false,"campfire_upgraded":4,"win_rate":0.0,"timestamp":1609638930,"path_taken":["M","M","M","M","M","R","?","R","T","E","R","M","$","M","R","BOSS","M","?","?","M","M"],"items_purchased_type":["Relic","Card"],"build_version":"2020-12-22","purchased_purges":0,"victory":false,"max_hp_per_floor":[71,71,71,71,71,71,71,71,71,71,71,71,71,71,71,71,71,71,71,71,71,71,71],"card_choices":[{"not_picked":["Sweeping Beam","Scrape"],"picked":"Streamline","floor":1},{"not_picked":["Coolheaded","Force Field"],"picked":"BootSequence","floor":2},{"not_picked":["Tempest","Streamline"],"picked":"Gash","floor":3},{"not_picked":["Consume","Compile Driver"],"picked":"Coolheaded","floor":4},{"not_picked":["Leap","Redo"],"picked":"FTL","floor":5},{"not_picked":["Go for the Eyes","Rebound"],"picked":"Cold Snap","floor":10},{"not_picked":["Rebound","Go for the Eyes"],"picked":"Creative AI","floor":12},{"not_picked":["Compile Driver","Rebound"],"picked":"Conserve Battery","floor":14},{"not_picked":["Leap","Coolheaded"],"picked":"Go for the Eyes","floor":18},{"not_picked":["Blizzard","Force Field"],"picked":"Beam Cell","floor":19},{"not_picked":["Go for the Eyes","Barrage"],"picked":"Cold Snap","floor":21}],"player_experience":2892257,"relics_obtained":[{"floor":9,"key":"Bronze Scales"},{"floor":10,"key":"Blood Vial"},{"floor":20,"key":"Enchiridion"}],"event_choices":[{"damage_healed":0,"gold_gain":0,"cards_transformed":["Strike_B"],"player_choice":"Transformed","damage_taken":0,"max_hp_gain":0,"max_hp_loss":0,"event_name":"Transmorgrifier","floor":7,"gold_loss":0,"cards_obtained":["Leap"]},{"damage_healed":0,"gold_gain":0,"player_choice":"Obtained Book","damage_taken":21,"max_hp_gain":0,"max_hp_loss":0,"event_name":"Cursed Tome","floor":20,"gold_loss":0}],"is_beta":false,"boss_relics":[{"not_picked":["aspiration:RunicSpoon","Fusion Hammer"],"picked":"Black Star"}],"items_purged_floors":[],"is_endless":false,"potions_floor_spawned":[2,5,10,12,19,21],"killed_by":"Snake Plant","ascension_level":20}}