{"host":"emut9mh212kd9b86","time":1609670239,"event":{"mods":["ATMod(°¢èªMod)","Act Like it!","BaseMod","Better Vampires","Downfall","Koishi","KomeijiMod","Minty Spire (QoL Compilation)","MostiFishMod","Shop Mod","Spicy Shops","StSLib","TestMod","Waifu the Spire","noobMod","¡¾ÒÅÎï¿¨ÅÆ¡¿REMEMod"],"gold_per_floor":[99,115,133,533,533,563,563,577,352,379,398,428,353,370,413,518,568,568,582,601,601,617,628,628,657,676,676,691,715,719,754,766,887,887,887,902,902,414,431,457,483,492,492,222,256,268,268,268,278,278],"floor_reached":51,"playtime":1852,"items_purged":["Koishi:BasicDefend","Koishi:BasicStrike","Koishi:BasicStrike","Koishi:HauntingSlash+1","Koishi:BasicDefend+1"],"score":1594,"play_id":"1d1cf7a7-5309-4789-a3d1-3aad4f939543","local_time":"20210103183719","is_ascension_mode":true,"campfire_choices":[{"floor":1,"key":"RECALL"},{"data":"AT_MachinaRedman","floor":13,"key":"SMITH"},{"data":"MunenMusou","floor":18,"key":"SMITH"},{"data":"Koishi:HauntingSlash","floor":27,"key":"SMITH"},{"data":"Koishi:Provoke","floor":35,"key":"SMITH"},{"floor":43,"key":"REST"}],"circlet_count":0,"master_deck":["AscendersBane","Koishi:Provoke+1","AT_MachinaRedman+1","AT_MachinaRedman+1","Koishi:JumpScare","Confused"],"relics":["Koishi:ImaginaryFriend","ice","DaveBox","AT_ATBox","REME_ComplimentaryCards","testmod-Brilliant","BloodWine","Bottled Lightning","Happy Flower","MerchantsRug","testmod-Hope","Eternal Feather","downfall:HeartBlessingRed","Tiny House","Pantograph","Dead Branch","AT_RedTearstoneRing","Membership Card","Dream Catcher","testmod-TurbochargingSystem","testmod-Acrobat","testmod-Charity","Question Card","Juzu Bracelet","Guardian:PocketSentry","Molten Egg 2","AT_ArchangelStaff","TungstenRod","Strawberry","testmod-MagicalMallet","Civilization"],"acts_visited":["Exordium","TheCity","TheBeyond"],"potions_floor_usage":[15,38],"damage_taken":[{"damage":0,"enemies":"Small Slimes","floor":2,"turns":1},{"damage":0,"enemies":"2 Louse","floor":3,"turns":1},{"damage":10,"enemies":"Gremlin Nob","floor":6,"turns":3},{"damage":2,"enemies":"Cultist","floor":8,"turns":1},{"damage":10,"enemies":"downfall:FleeingMerchant","floor":9,"turns":4},{"damage":0,"enemies":"3 Sentries","floor":10,"turns":1},{"damage":0,"enemies":"Exordium Thugs","floor":11,"turns":1},{"damage":11,"enemies":"Lagavulin","floor":12,"turns":3},{"damage":0,"enemies":"Lots of Slimes","floor":14,"turns":1},{"damage":0,"enemies":"Large Slime","floor":15,"turns":2},{"damage":24,"enemies":"downfall:Ironclad","floor":16,"turns":6},{"damage":0,"enemies":"Shell Parasite","floor":19,"turns":2},{"damage":12,"enemies":"Chosen","floor":20,"turns":3},{"damage":0,"enemies":"Snecko","floor":22,"turns":1},{"damage":0,"enemies":"Centurion and Healer","floor":23,"turns":1},{"damage":0,"enemies":"Slavers","floor":25,"turns":1},{"damage":0,"enemies":"Sentry and Sphere","floor":26,"turns":1},{"damage":0,"enemies":"3 Cultists","floor":28,"turns":1},{"damage":0,"enemies":"downfall:FleeingMerchant","floor":30,"turns":1},{"damage":0,"enemies":"REME_1_Revenger","floor":31,"turns":2},{"damage":0,"enemies":"Snake Plant","floor":32,"turns":1},{"damage":0,"enemies":"downfall:Silent","floor":33,"turns":3},{"damage":0,"enemies":"Orb Walker","floor":36,"turns":1},{"damage":0,"enemies":"3 Shapes","floor":39,"turns":1},{"damage":0,"enemies":"Nemesis","floor":40,"turns":3},{"damage":3,"enemies":"Transient","floor":42,"turns":5},{"damage":1,"enemies":"Reptomancer","floor":45,"turns":2},{"damage":0,"enemies":"Jaw Worm Horde","floor":46,"turns":1},{"damage":0,"enemies":"4 Shapes","floor":49,"turns":1},{"damage":0,"enemies":"downfall:Defect","floor":50,"turns":2}],"seed_played":"8827065531487313296","potions_obtained":[{"floor":3,"key":"Swift Potion"},{"floor":11,"key":"EssenceOfSteel"},{"floor":14,"key":"REME_GoldPotion"},{"floor":15,"key":"DistilledChaos"},{"floor":16,"key":"Swift Potion"},{"floor":31,"key":"PowerPotion"},{"floor":33,"key":"Energy Potion"},{"floor":39,"key":"Fire Potion"},{"floor":42,"key":"LiquidMemories"},{"floor":45,"key":"JyouchiReiPotion"},{"floor":46,"key":"SneckoOil"},{"floor":49,"key":"Regen Potion"}],"is_trial":false,"path_per_floor":["R","M","M","?","?","E","T","M","$","E","M","E","R","M","M","B",null,"R","M","M","?","M","M","T","E","M","R","M","T","$","E","M","B",null,"R","M","?","$","M","E","T","M","R","$","E","M","?","?","M","B",null],"character_chosen":"KOISHI","items_purchased":["MerchantsRug","Membership Card","Dream Catcher","testmod-TurbochargingSystem","testmod-Charity","testmod-SpacePotion","Question Card","Juzu Bracelet","Guardian:PocketSentry","TungstenRod","Strawberry","testmod-MagicalMallet"],"campfire_rested":1,"item_purchase_floors":[9,30,30,30,38,38,38,38,38,44,44,44],"current_hp_per_floor":[54,54,54,54,54,45,45,43,33,33,33,23,29,29,29,60,65,65,65,54,54,54,54,54,55,55,61,61,61,61,61,61,74,74,74,74,74,77,78,97,98,109,121,130,140,146,146,146,157,179],"gold":278,"neow_bonus":"REMOVE_CARD","is_daily":false,"chose_seed":false,"campfire_upgraded":4,"win_rate":0.0,"timestamp":1609670239,"path_taken":["R","M","M","?","?","E","T","?","$","E","M","E","R","M","M","BOSS","R","M","M","?","M","M","T","E","?","R","M","?","$","E","M","BOSS","R","M","?","$","M","E","T","M","R","$","E","M","?","?","M","BOSS"],"items_purchased_type":["Relic","Relic","Relic","Relic","Relic","Potion","Relic","Relic","Relic","Relic","Relic","Relic"],"build_version":"2020-12-22","purchased_purges":5,"victory":true,"max_hp_per_floor":[60,60,60,60,60,60,60,60,60,60,60,60,60,60,60,60,65,65,67,69,69,69,69,69,69,69,69,69,69,69,69,69,74,74,74,74,74,77,78,101,102,121,121,130,140,146,146,146,158,179],"card_choices":[{"not_picked":["Koishi:FreudianInstinct","Koishi:CatchAndRose","Koishi:SubconsciousSweep"],"picked":"SKIP","floor":2},{"not_picked":["Koishi:SubconsciousSweep","Koishi:Bloodlust","Koishi:FreudianInstinct"],"picked":"SKIP","floor":3},{"not_picked":["Koishi:BramblyRoseGarden","Koishi:SuperEgo","Koishi:DreadfulBlow"],"picked":"SKIP","floor":6},{"not_picked":["Koishi:FreudianInstinct","Koishi:BloodcurdlingScream","Koishi:SubterraneanRose"],"picked":"SKIP","floor":8},{"not_picked":["Koishi:StingingMind","Koishi:PerfectMindControl","Koishi:PhantomBarrier"],"picked":"SKIP","floor":9},{"not_picked":["Koishi:YoukaiPolygraph","Koishi:GeneticsOfTheUnconscious","Koishi:BloodcurdlingScream"],"picked":"SKIP","floor":10},{"not_picked":["Koishi:RorschachInDanmaku","Koishi:StingingMind","Koishi:RacingHeart"],"picked":"SKIP","floor":11},{"not_picked":["Koishi:DanmakuParanoia","Koishi:Whimsy","Koishi:BloodcurdlingScream"],"picked":"SKIP","floor":12},{"not_picked":["Koishi:PhantomStrike","Koishi:SpiritedAway","Koishi:PhilosophyOfTheDespised"],"picked":"SKIP","floor":14},{"not_picked":["Koishi:DanmakuParanoia","Koishi:TremblingHands","Koishi:FidgetySnatcher"],"picked":"SKIP","floor":15},{"not_picked":["Koishi:UnansweredLove","Koishi:Prune","Koishi:MassHysteria"],"picked":"SKIP","floor":19},{"not_picked":["Koishi:ApparitionsStalkTheNight","Koishi:PredatoryInstincts","Koishi:SpiritedAway"],"picked":"SKIP","floor":20},{"not_picked":["Koishi:PhantomStrike","Koishi:ParalyzingFear","Koishi:DreadfulBlow+1"],"picked":"SKIP","floor":22},{"not_picked":["Koishi:ReflexRadar","Koishi:MindStellarRelief","Koishi:HeartfeltFancy+1"],"picked":"SKIP","floor":23},{"not_picked":["Koishi:StingingMind+1","Koishi:YoukaiPolygraph+1","Koishi:PhantomStrike"],"picked":"SKIP","floor":25},{"not_picked":["Koishi:FleetingPhantom","Koishi:StrangeCloudFist","Koishi:TraumaticStroke"],"picked":"SKIP","floor":26},{"not_picked":["Koishi:PhantomBarrier","Koishi:SubconsciousSweep","Koishi:SpiritedAway+1"],"picked":"SKIP","floor":28},{"not_picked":["Koishi:DreadfulBlow","Koishi:FourthEye+1","Koishi:RacingHeart"],"picked":"SKIP","floor":30},{"not_picked":["Koishi:MentalBreakdown","Koishi:PhantomStrike+1","Koishi:TraumaticStroke"],"picked":"SKIP","floor":31},{"not_picked":["Koishi:RacingHeart","Koishi:UnansweredLove","Koishi:SubconsciousSweep"],"picked":"SKIP","floor":32},{"not_picked":["Koishi:YoukaiPolygraph+1","Koishi:RacingHeart","Koishi:FleetingPhantom"],"picked":"SKIP","floor":36},{"not_picked":["Koishi:Jaunt+1","Koishi:PredatoryInstincts+1","Koishi:DreadfulBlow+1","Koishi:PhantomStrike"],"picked":"SKIP","floor":39},{"not_picked":["Koishi:MindNumbingTerror+1","Koishi:ParalyzingFear+1","Koishi:HeartfeltFancy+1","Koishi:JumpScare"],"picked":"SKIP","floor":40},{"not_picked":["Koishi:SubterraneanRose+1","Koishi:MindNumbingTerror+1","Koishi:RorschachInDanmaku","Koishi:BloodcurdlingScream+1"],"picked":"SKIP","floor":42},{"not_picked":["Koishi:HeartfeltFancy","Koishi:TraumaticStroke+1","Koishi:SubconsciousSweep+1"],"picked":"Koishi:JumpScare","floor":43},{"not_picked":["Koishi:SubconsciousSweep+1","Koishi:MindStellarRelief","Koishi:UnseenTerror+1","Koishi:RacingHeart+1"],"picked":"SKIP","floor":45},{"not_picked":["Koishi:PhantomBarrier","Koishi:StingingMind+1","Koishi:BloodcurdlingScream+1","Koishi:DanmakuParanoia+1"],"picked":"SKIP","floor":46},{"not_picked":["Koishi:ApparitionsStalkTheNight+1","Koishi:SubterraneanRose+1","Koishi:SpiritedAway+1","Koishi:SubconsciousSweep+1"],"picked":"SKIP","floor":49}],"player_experience":437125,"relics_obtained":[{"floor":6,"key":"Bottled Lightning"},{"floor":7,"key":"Happy Flower"},{"floor":10,"key":"testmod-Hope"},{"floor":12,"key":"Eternal Feather"},{"floor":24,"key":"Pantograph"},{"floor":25,"key":"Dead Branch"},{"floor":29,"key":"AT_RedTearstoneRing"},{"floor":31,"key":"testmod-Acrobat"},{"floor":40,"key":"Molten Egg 2"},{"floor":41,"key":"AT_ArchangelStaff"},{"floor":45,"key":"Civilization"}],"event_choices":[{"damage_healed":0,"gold_gain":400,"player_choice":"Sell","damage_taken":0,"max_hp_gain":0,"max_hp_loss":0,"event_name":"¶÷ÂåË¹µÄÅÌ×Ó","floor":4,"relics_lost":["testmod-TestBox"],"gold_loss":0},{"cards_removed":["Koishi:BasicStrike"],"damage_healed":0,"gold_gain":0,"player_choice":"Purged","damage_taken":0,"max_hp_gain":0,"max_hp_loss":0,"event_name":"Purifier","floor":5,"gold_loss":0},{"damage_healed":0,"gold_gain":0,"player_choice":"Copied","damage_taken":0,"max_hp_gain":0,"max_hp_loss":0,"event_name":"Duplicator","floor":21,"gold_loss":0,"cards_obtained":["AT_MachinaRedman"]},{"cards_removed":["MunenMusou"],"damage_healed":0,"gold_gain":0,"player_choice":"Removed Power","damage_taken":0,"max_hp_gain":0,"max_hp_loss":0,"event_name":"Falling","floor":47,"gold_loss":0}],"is_beta":false,"boss_relics":[{"not_picked":["Busted Crown","TimeKeys"],"picked":"Tiny House"},{"not_picked":["MostiFishMod:Hod","Snecko Eye"],"picked":"Empty Cage"}],"items_purged_floors":[9,30,30,38,38],"is_endless":false,"potions_floor_spawned":[3,11,14,15,16,19,20,28,31,33,39,42,45,46,49],"ascension_level":10}}