{"host":"wuk1ltmmka824l9y","time":1609648458,"event":{"mods":["AchievementEnabler","BaseMod","Custom Start","DeckTracker","Minty Spire (QoL Compilation)","Quick Restart","StSLib","SuperFastMode"],"gold_per_floor":[117,134,134,134,134,168,168,184,184,184,202,202,127,145,145,145,145],"floor_reached":16,"playtime":231,"items_purged":["Strike_G"],"score":163,"play_id":"b7dba071-f4b6-41f6-8067-5109b25ffb51","local_time":"20210103133418","is_ascension_mode":true,"campfire_choices":[{"data":"Crippling Poison","floor":10,"key":"SMITH"},{"data":"Crippling Poison","floor":12,"key":"SMITH"},{"data":"Backflip","floor":15,"key":"SMITH"}],"circlet_count":0,"master_deck":["Strike_G","Strike_G","Strike_G","Defend_G+1","Defend_G","Defend_G+1","Defend_G","Defend_G","Survivor","Neutralize","Crippling Poison+1","Backflip+1","PiercingWail","Crippling Poison+1","Deadly Poison"],"relics":["Ring of the Snake","NeowsBlessing","Golden Idol","War Paint","Calipers","Dead Branch","StoneCalendar"],"acts_visited":["Exordium"],"potions_floor_usage":[],"damage_taken":[{"damage":0,"enemies":"Small Slimes","floor":1,"turns":1},{"damage":0,"enemies":"Jaw Worm","floor":2,"turns":1},{"damage":0,"enemies":"Gremlin Nob","floor":6,"turns":1},{"damage":0,"enemies":"2 Louse","floor":8,"turns":1},{"damage":11,"enemies":"Exordium Thugs","floor":11,"turns":4},{"damage":7,"enemies":"Lots of Slimes","floor":14,"turns":2},{"damage":16,"enemies":"The Guardian","floor":16,"turns":6}],"seed_played":"-5146890248291085117","potions_obtained":[{"floor":6,"key":"DuplicationPotion"},{"floor":14,"key":"Dexterity Potion"}],"is_trial":false,"path_per_floor":["M","M","?","T","?","E","?","M","T","R","M","R","$","M","R","B"],"character_chosen":"THE_SILENT","items_purchased":[],"campfire_rested":0,"item_purchase_floors":[],"current_hp_per_floor":[63,63,46,46,39,39,32,32,32,32,21,21,21,14,14,0,0],"gold":145,"neow_bonus":"THREE_ENEMY_KILL","is_daily":false,"chose_seed":false,"campfire_upgraded":3,"win_rate":0.0,"timestamp":1609648458,"path_taken":["M","M","?","?","?","E","?","?","T","R","?","R","$","?","R","BOSS"],"items_purchased_type":[],"build_version":"2020-12-22","purchased_purges":1,"victory":false,"max_hp_per_floor":[70,70,70,70,70,70,70,70,70,70,70,70,70,70,70,70,70],"card_choices":[{"not_picked":["PiercingWail","Tactician"],"picked":"Crippling Poison","floor":1},{"not_picked":["Outmaneuver","Underhanded Strike"],"picked":"Backflip","floor":2},{"not_picked":["Cloak And Dagger","Slice"],"picked":"PiercingWail","floor":6},{"not_picked":["Poisoned Stab","Flying Knee"],"picked":"Crippling Poison","floor":8},{"not_picked":["Endless Agony","Leg Sweep","Deflect"],"picked":"SKIP","floor":11},{"not_picked":["Dagger Throw","Dodge and Roll"],"picked":"Deadly Poison","floor":14}],"player_experience":334616,"relics_obtained":[{"floor":4,"key":"War Paint"},{"floor":6,"key":"Dead Branch"},{"floor":9,"key":"StoneCalendar"}],"event_choices":[{"damage_healed":0,"gold_gain":0,"player_choice":"Take Damage","damage_taken":17,"relics_obtained":["Golden Idol"],"max_hp_gain":0,"max_hp_loss":0,"event_name":"Golden Idol","floor":3,"gold_loss":0},{"damage_healed":0,"gold_gain":0,"player_choice":"Success","damage_taken":7,"relics_obtained":["Calipers"],"max_hp_gain":0,"max_hp_loss":0,"event_name":"Scrap Ooze","floor":5,"gold_loss":0},{"cards_removed":["Strike_G"],"damage_healed":0,"gold_gain":0,"player_choice":"Card Removal","damage_taken":7,"max_hp_gain":0,"max_hp_loss":0,"event_name":"Golden Wing","floor":7,"gold_loss":0}],"is_beta":false,"boss_relics":[],"items_purged_floors":[13],"is_endless":false,"potions_floor_spawned":[6,14],"killed_by":"The Guardian","ascension_level":6}}