{"host":"p4v0hquynnreu717","time":1609687837,"event":{"mods":["BaseMod","Better Vampires","DeckTracker","Googly Eyes","Minty Spire (QoL Compilation)","Quick Restart","StSLib","SuperFastMode"],"gold_per_floor":[118,118,43,193,193,228,228,239,264,277,296,331,344,375,375,448,448,464,71,71,71,91,91,91,104,104,104,138,138,138,149,149,228,228,241,241,293,293,98,98,25,35,35,64,64,64,83,13,13,13],"floor_reached":51,"playtime":1510,"items_purged":["Strike_R","Defend_R","Strike_R"],"score":1378,"play_id":"49f208ff-0710-45b6-b83d-5d19cc6abaf6","local_time":"20210103233037","is_ascension_mode":true,"campfire_choices":[{"data":"Armaments","floor":7.0,"key":"SMITH"},{"floor":15.0,"key":"REST"},{"data":"Rupture","floor":23.0,"key":"SMITH"},{"data":"Brutality","floor":27.0,"key":"SMITH"},{"floor":30.0,"key":"REST"},{"floor":32.0,"key":"REST"},{"floor":40,"key":"REST"},{"data":"True Grit","floor":45,"key":"SMITH"},{"data":"Dark Embrace","floor":49,"key":"SMITH"}],"circlet_count":0,"master_deck":["AscendersBane","Defend_R","Defend_R","Defend_R+1","Second Wind+1","Pain","Armaments+1","Carnage","Fire Breathing","Rupture+1","Seeing Red","True Grit+1","Brutality+1","Shrug It Off","J.A.X.","Sword Boomerang","Ghostly","Ghostly","Ghostly","Battle Trance","Impervious","Dark Embrace+1","Burning Pact","Demon Form","Burning Pact"],"relics":["Burning Blood","NeowsBlessing","WarpedTongs","Torii","War Paint","Happy Flower","Akabeko","Empty Cage","Lee\u0027s Waffle","Bag of Marbles","Nilry\u0027s Codex","Pantograph","Bronze Scales","Sozu","TungstenRod","Art of War","Bottled Flame","Lantern"],"acts_visited":["Exordium","TheCity","TheBeyond"],"potions_floor_usage":[50],"damage_taken":[{"damage":0.0,"enemies":"Small Slimes","floor":1.0,"turns":1.0},{"damage":1.0,"enemies":"Gremlin Nob","floor":6.0,"turns":1.0},{"damage":0.0,"enemies":"Cultist","floor":8.0,"turns":1.0},{"damage":8.0,"enemies":"2 Louse","floor":10.0,"turns":3.0},{"damage":9.0,"enemies":"Looter","floor":11.0,"turns":3.0},{"damage":24.0,"enemies":"3 Sentries","floor":12.0,"turns":5.0},{"damage":9.0,"enemies":"Blue Slaver","floor":13.0,"turns":4.0},{"damage":30.0,"enemies":"Gremlin Nob","floor":14.0,"turns":4.0},{"damage":38.0,"enemies":"The Guardian","floor":16.0,"turns":12.0},{"damage":39.0,"enemies":"Spheric Guardian","floor":18.0,"turns":8.0},{"damage":21.0,"enemies":"2 Thieves","floor":22.0,"turns":4.0},{"damage":10.0,"enemies":"3 Cultists","floor":25.0,"turns":4.0},{"damage":25.0,"enemies":"Gremlin Leader","floor":28.0,"turns":4.0},{"damage":25.0,"enemies":"Snake Plant","floor":31.0,"turns":4.0},{"damage":26.0,"enemies":"Champ","floor":33.0,"turns":8.0},{"damage":6.0,"enemies":"3 Shapes","floor":35.0,"turns":4.0},{"damage":24,"enemies":"2 Orb Walkers","floor":37,"turns":5},{"damage":0,"enemies":"Orb Walker","floor":42,"turns":3},{"damage":14,"enemies":"Giant Head","floor":44,"turns":5},{"damage":4,"enemies":"Transient","floor":47,"turns":5},{"damage":16,"enemies":"Time Eater","floor":50,"turns":8}],"seed_played":"-9023754568219106424","potions_obtained":[{"floor":8.0,"key":"Weak Potion"},{"floor":10.0,"key":"EssenceOfSteel"},{"floor":11.0,"key":"Dexterity Potion"}],"is_trial":false,"path_per_floor":["M","?","$","?","?","E","R","M","T","M","M","E","M","E","R","B",null,"M","$","?","?","M","R","?","M","T","R","E","?","R","M","R","B",null,"M","?","?","?","$","R","$","M","T","E","R","?","M","?","R","B",null],"character_chosen":"IRONCLAD","items_purchased":["Lee\u0027s Waffle","Bag of Marbles","Dark Embrace","Burning Pact"],"campfire_rested":4,"item_purchase_floors":[19,19,39,41],"current_hp_per_floor":[74,74,74,74,67,72,72,75,75,73,70,52,49,25,47,15,60,27,82,82,61,46,46,41,37,37,37,18,18,30,11,23,21,36,36,36,18,18,18,29,29,35,35,27,27,27,29,29,29,29],"gold":13,"neow_bonus":"THREE_ENEMY_KILL","is_daily":false,"chose_seed":false,"campfire_upgraded":5,"win_rate":0.0,"timestamp":1609687837,"path_taken":["M","?","?","?","?","E","R","M","T","M","M","E","M","E","R","BOSS","M","$","?","?","M","R","?","M","T","R","E","?","R","M","R","BOSS","M","?","?","?","$","R","$","M","T","E","R","?","?","?","R","BOSS"],"items_purchased_type":["Relic","Relic","Card","Card"],"build_version":"2020-12-22","purchased_purges":3,"victory":true,"max_hp_per_floor":[75,75,75,75,75,75,75,75,75,75,75,75,75,75,75,75,75,75,82,82,82,82,82,41,41,41,41,41,41,41,41,41,41,41,41,39,39,39,39,39,39,39,39,39,39,39,39,39,39,39],"card_choices":[{"not_picked":["Havoc","Shrug It Off"],"picked":"Second Wind","floor":1.0},{"not_picked":["Clothesline","Cleave"],"picked":"Armaments","floor":6.0},{"not_picked":["Perfected Strike","Shockwave"],"picked":"Carnage","floor":8.0},{"not_picked":["Iron Wave","Warcry","Whirlwind"],"picked":"SKIP","floor":10.0},{"not_picked":["Flame Barrier","Whirlwind"],"picked":"Fire Breathing","floor":11.0},{"not_picked":["Dark Embrace","Havoc"],"picked":"Rupture","floor":12.0},{"not_picked":["Cleave","Havoc"],"picked":"Seeing Red","floor":13.0},{"not_picked":["Infernal Blade","Wild Strike"],"picked":"True Grit","floor":14.0},{"not_picked":["Double Tap","Immolate"],"picked":"Brutality","floor":16.0},{"not_picked":["Perfected Strike","Havoc"],"picked":"Shrug It Off","floor":18.0},{"not_picked":["Warcry","Cleave"],"picked":"Sword Boomerang","floor":22.0},{"not_picked":["Shockwave","Warcry","Sever Soul"],"picked":"SKIP","floor":25.0},{"not_picked":["Combust","Twin Strike","Pommel Strike"],"picked":"SKIP","floor":28.0},{"not_picked":["Headbutt","Armaments"],"picked":"Battle Trance","floor":31.0},{"not_picked":["Exhume","Immolate"],"picked":"Impervious","floor":33.0},{"not_picked":["Cleave","Thunderclap","Dual Wield+1"],"picked":"SKIP","floor":35.0},{"not_picked":["Thunderclap","Warcry"],"picked":"Demon Form","floor":42},{"not_picked":["Burning Pact","Perfected Strike+1","Uppercut"],"picked":"SKIP","floor":44},{"not_picked":["Perfected Strike+1","Uppercut"],"picked":"Burning Pact","floor":44},{"not_picked":["Flex","Thunderclap","Iron Wave+1"],"picked":"SKIP","floor":47}],"player_experience":746451,"relics_obtained":[{"floor":6.0,"key":"Torii"},{"floor":9.0,"key":"War Paint"},{"floor":12.0,"key":"Happy Flower"},{"floor":14.0,"key":"Akabeko"},{"floor":21.0,"key":"Nilry\u0027s Codex"},{"floor":26.0,"key":"Pantograph"},{"floor":28.0,"key":"Bronze Scales"},{"floor":37,"key":"TungstenRod"},{"floor":43,"key":"Art of War"},{"floor":44,"key":"Bottled Flame"}],"event_choices":[{"damage_healed":0.0,"max_hp_gain":0.0,"max_hp_loss":0.0,"gold_gain":0.0,"event_name":"Accursed Blacksmith","player_choice":"Rummage","floor":2.0,"gold_loss":0.0,"damage_taken":0.0,"relics_obtained":["WarpedTongs"],"cards_obtained":["Pain"]},{"damage_healed":0.0,"max_hp_gain":0.0,"max_hp_loss":0.0,"gold_gain":150.0,"event_name":"Liars Game","player_choice":"AGREE","floor":4.0,"gold_loss":0.0,"damage_taken":0.0,"cards_obtained":["Doubt"]},{"cards_removed":["Doubt"],"damage_healed":0.0,"max_hp_gain":0.0,"max_hp_loss":0.0,"gold_gain":0.0,"event_name":"Golden Wing","player_choice":"Card Removal","floor":5.0,"gold_loss":0.0,"damage_taken":7.0},{"damage_healed":0.0,"max_hp_gain":0.0,"max_hp_loss":0.0,"gold_gain":0.0,"event_name":"Drug Dealer","player_choice":"Obtain J.A.X.","floor":20.0,"gold_loss":0.0,"damage_taken":0.0,"cards_obtained":["J.A.X."]},{"damage_healed":0.0,"max_hp_gain":0.0,"max_hp_loss":0.0,"gold_gain":0.0,"event_name":"Cursed Tome","player_choice":"Obtained Book","floor":21.0,"gold_loss":0.0,"damage_taken":21.0},{"damage_healed":0.0,"max_hp_gain":0.0,"max_hp_loss":41.0,"gold_gain":0.0,"event_name":"Ghosts","player_choice":"Became a Ghost","floor":24.0,"gold_loss":0.0,"damage_taken":0.0,"cards_obtained":["Ghostly","Ghostly","Ghostly"]},{"cards_removed":["Strike_R"],"damage_healed":0.0,"max_hp_gain":0.0,"max_hp_loss":0.0,"gold_gain":0.0,"event_name":"Back to Basics","player_choice":"Elegance","floor":29.0,"gold_loss":0.0,"damage_taken":0.0},{"damage_healed":0.0,"max_hp_gain":0.0,"max_hp_loss":2.0,"gold_gain":0.0,"event_name":"Winding Halls","player_choice":"Max HP","floor":36.0,"gold_loss":0.0,"damage_taken":0.0},{"damage_healed":0,"gold_gain":0,"player_choice":"Fight","damage_taken":0,"max_hp_gain":0,"max_hp_loss":0,"event_name":"Mysterious Sphere","floor":37,"gold_loss":0},{"damage_healed":0,"gold_gain":0,"player_choice":"Ignored","damage_taken":0,"max_hp_gain":0,"max_hp_loss":0,"event_name":"Tomb of Lord Red Mask","floor":38,"gold_loss":0},{"cards_removed":["Bash"],"damage_healed":0,"gold_gain":0,"player_choice":"Removed Attack","damage_taken":0,"max_hp_gain":0,"max_hp_loss":0,"event_name":"Falling","floor":46,"gold_loss":0},{"damage_healed":0,"gold_gain":0,"player_choice":"Paid Gold","damage_taken":0,"relics_obtained":["Lantern"],"max_hp_gain":0,"max_hp_loss":0,"event_name":"WeMeetAgain","floor":48,"gold_loss":70}],"is_beta":false,"boss_relics":[{"not_picked":["Mark of Pain","SlaversCollar"],"picked":"Empty Cage"},{"not_picked":["Cursed Key","Astrolabe"],"picked":"Sozu"}],"items_purged_floors":[3,19,39],"is_endless":false,"potions_floor_spawned":[8,10,11,13,16,22,25,35,37],"ascension_level":15}}