{"host":"i58uscbei3sy5089","time":1609685981,"event":{"mods":["ATMod(阿瑾Mod)","Act Like it!","BaseMod","Challenge The Spire","Colored Powertips","Conspire","Infinite Spire","Koishi","Lobotomy","LobotomyExtend","Minty Spire (QoL Compilation)","MostiFishMod","Prisma Mod","Quick Restart","Replay The Spire","Shop Mod","Spicy Shops","StSLib","TestMod","The Administrix","The Construct","The Marked","UnlockEverythingMod","WarShipGirlsR/战舰少女R mod","[IsaacMod]以撒尖塔","vexMod","【功能Mod】混沌之环修复补丁","【遗物卡牌】REMEMod","篝火指南"],"gold_per_floor":[117,117,117,127,527,527,546,578,578,578,33,62,75,94,94,198,864,878,894,560,576,591,14,45,45,80,152,152,127,182,182,182,182,286],"floor_reached":17,"playtime":3854,"items_purged":[],"score":475,"play_id":"74f9c5f7-55cb-46cb-98d3-3747e397f160","local_time":"20210103225941","is_ascension_mode":true,"campfire_choices":[{"data":"testmod-PulseDistributor","floor":6,"key":"SMITH"},{"data":"PrismaMod:MiyuCheapStrBuff","floor":15,"key":"SMITH"},{"data":"theMarked:BindingBlade","floor":10,"key":"SMITH"},{"data":"ReplayTheSpireMod:Black Plague","floor":13,"key":"SMITH"},{"data":"theMarked:WardOff","floor":15,"key":"SMITH"}],"circlet_count":0,"master_deck":["theMarked:SoldierOfQuellstein","testmod-PulseDistributor+1","MHz","theMarked:Parry","theMarked:BindingBlade+1","theMarked:SwordAndMagic","WallGazer","OSAHOGD","PrismaMod:MiyuCheapStrBuff+1","theMarked:SwordAndMagic","theMarked:EmpowerWeapon","theMarked:Panic","theMarked:DispelDoubt","ReplayTheSpireMod:Black Plague+1","theMarked:WardOff+1","WhitesApple","theMarked:EternalStudent","Parasite","Parasite"],"relics":["theMarked:ArtifactOfAir","testmod-TestBox","HushsDoor","DaveBox","AT_ATBox","CogitoBucket","RabbitCall","DianDianMeat","SatanicBible","SynthV:TestCard","testmod-KeyOfTheVoid","conspire:DeflatedDodgeball","MerchantsRug","Habit","Quantum Egg","testmod-ObsoleteBoomerang","vexMod:RockOfEvil","Heaven_r","SynthV:TestCard","LetterFromLob","SynthV","Blood Vial","Strange Spoon","Lantern","DeathBook","Calipers","ReplayTheSpireMod:Lightbulb","infinitespire:Broken Mirror","vexMod:BerryBomb","AT_RedTearstoneRing","HonorFeather","Gaze_r"],"acts_visited":["Exordium","TheCity"],"potions_floor_usage":[],"damage_taken":[{"damage":0,"enemies":"2 Louse","floor":1,"turns":2},{"damage":14,"enemies":"Jaw Worm","floor":4,"turns":3},{"damage":2,"enemies":"Small Slimes","floor":7,"turns":2},{"damage":75,"enemies":"3 Sentries","floor":8,"turns":11},{"damage":33,"enemies":"Gremlin Nob","floor":12,"turns":4},{"damage":32,"enemies":"3 Louse","floor":13,"turns":3},{"damage":14,"enemies":"Looter","floor":14,"turns":2},{"damage":67,"enemies":"Hexaghost","floor":16,"turns":7},{"damage":7,"enemies":"Shell Parasite","floor":18,"turns":3},{"damage":61,"enemies":"Shell Parasite","floor":19,"turns":3},{"damage":2,"enemies":"2 Louse","floor":1,"turns":2},{"damage":0,"enemies":"Cultist","floor":3,"turns":2},{"damage":2,"enemies":"Small Slimes","floor":4,"turns":1},{"damage":30,"enemies":"Lagavulin","floor":6,"turns":4},{"damage":2,"enemies":"Gremlin Nob","floor":8,"turns":2},{"damage":2,"enemies":"Lagavulin Event","floor":12,"turns":2},{"damage":113,"enemies":"Exordium Thugs","floor":14,"turns":3},{"damage":0,"enemies":"Exordium Thugs","floor":14,"turns":1},{"damage":5,"enemies":"The Guardian","floor":16,"turns":5},{"damage":68,"enemies":"Malkuth","floor":17,"turns":9}],"seed_played":"-1692070726088856603","potions_obtained":[{"floor":4,"key":"ColorlessPotion"},{"floor":13,"key":"DistilledChaos"},{"floor":18,"key":"Weak Potion"},{"floor":1,"key":"Venom Potion"}],"is_trial":false,"path_per_floor":["M","?","?","M","?","R","M","E","T","?","$","E","M","M","R","B",null,"M","?","M","$","M","M","$","E","?","E","T","R","?","?","R","M","R","B",null],"character_chosen":"THE_DEFAULT","items_purchased":["MerchantsRug","PrismaticShard","Habit","Quantum Egg","SynthV","theMarked:SwordAndMagic","Blood Vial","theMarked:ElectricStrings","theMarked:GodGivenPower","Strange Spoon","Lantern","DeathBook","theMarked:Frustration","theMarked:Improvise"],"campfire_rested":0,"item_purchase_floors":[11,11,11,11,2,2,2,2,2,5,5,5,5,5],"current_hp_per_floor":[73,73,73,78,78,78,81,44,44,51,51,65,77,74,74,54,148,161,173,221,260,299,368,390,471,500,500,500,506,506,506,438,511,571],"gold":286,"neow_bonus":"","is_daily":false,"chose_seed":false,"campfire_upgraded":5,"win_rate":0.0,"timestamp":1609685981,"path_taken":["M","?","?","M","?","R","?","E","T","?","$","E","M","M","R","BOSS","M","?","M","$","M","M","$","E","?","E","T","R","?","?","R","M","R","BOSS"],"items_purchased_type":["Relic","Relic","Relic","Relic","Relic","Card","Relic","Card","Card","Relic","Card","Relic","Card","Card"],"build_version":"2020-12-22","purchased_purges":0,"victory":true,"max_hp_per_floor":[73,73,73,80,80,80,85,91,91,98,98,115,136,136,136,148,148,161,175,223,260,301,370,395,476,505,505,505,511,511,511,511,511,572],"card_choices":[{"not_picked":[],"picked":"ChaosCard","floor":0},{"not_picked":["BeautyBeast","Murderer"],"picked":"MHz","floor":1},{"not_picked":["theMarked:PowerFlow","theMarked:HeritageOfTheMarked"],"picked":"theMarked:Parry","floor":1},{"not_picked":["CrumblingArmor","SpiderBud"],"picked":"WallGazer","floor":4},{"not_picked":["theMarked:Parkour","theMarked:ElectricStrings","theMarked:ShockingTouch","theMarked:BanishingStrike"],"picked":"theMarked:Improvise","floor":4},{"not_picked":["CENSORED","FairyFestival","Murderer"],"picked":"Singing Bowl","floor":7},{"not_picked":["theMarked:ElectricStrings","theMarked:Improvise","theMarked:Parry","theMarked:TunnelVision"],"picked":"theMarked:BindingBlade","floor":7},{"not_picked":["theMarked:WastefulAttack","theMarked:WardOff","theMarked:Static","theMarked:ElementalBlade"],"picked":"theMarked:SwordAndMagic","floor":8},{"not_picked":["CherryBlossoms","VoidDream"],"picked":"WallGazer","floor":12},{"not_picked":["RapturousDream","Replay:Battleflow","PanicButton","Massacre"],"picked":"testmod-Illusory","floor":12},{"not_picked":["LittlePrince","CrumblingArmor","SpiderBud"],"picked":"Singing Bowl","floor":13},{"not_picked":["SilentOrchestra","BeautyBeast"],"picked":"OSAHOGD","floor":13},{"not_picked":["Koishi:ParalyzingFear","AdministrixMod:Transition","AdministrixMod:NoblePath","rmod:garrisonisland"],"picked":"PrismaMod:MiyuCheapStrBuff","floor":13},{"not_picked":["NakedNest","NothingThere","PunishingBird"],"picked":"Singing Bowl","floor":14},{"not_picked":["Tempest","Whirlwind","AdministrixMod:SipOfSparks","theMarked:ElectricStrings","Chrysalis"],"picked":"SKIP","floor":14},{"not_picked":["Scorched","RedShoes","HappyTeddy"],"picked":"Singing Bowl","floor":16},{"not_picked":["AT_KingSlayer","rmod:windflower","testmod-AdversityCounterattack","PrismaMod:IllyaInstallRider"],"picked":"AdministrixMod:FaithfulFlames","floor":16},{"not_picked":["OldLady","Funeral","HappyTeddy"],"picked":"Singing Bowl","floor":18},{"not_picked":["PrismaMod:IllyaFriendMaker","theMarked:TakeCover","PrismaMod:IllyaUncommonEvoke","Panic Button+1"],"picked":"PrismaMod:IllyaRubysPotion","floor":18},{"not_picked":["ShyLook","MeatLantern","Wellcheers"],"picked":"Singing Bowl","floor":1},{"not_picked":["PrismaMod:MiyuCheapAttack1","Sword Boomerang","Multi-Cast","ReplaySolidLightProjector"],"picked":"Acrobatics","floor":1},{"not_picked":["Scarecrow","SpiderBud"],"picked":"FieryBird","floor":3},{"not_picked":["theMarked:ContemptForTheProud","theMarked:BanishingStrike","theMarked:ElectricStrings","theMarked:ChainLightning","theMarked:Aftermath","theMarked:Electrify"],"picked":"theMarked:EmpowerWeapon","floor":3},{"not_picked":["DreamingCurrent","CrumblingArmor"],"picked":"Murderer","floor":4},{"not_picked":["theMarked:MysticalArsenal","theMarked:KeepCalmAndFightOn","theMarked:EnhanceMovement","theMarked:Generate","theMarked:ElectricStrings","theMarked:TakeCover"],"picked":"theMarked:Panic","floor":4},{"not_picked":["theMarked:ElectricStrings","theMarked:Parkour","theMarked:Generate","theMarked:Opportunist","theMarked:ResourceFulStrike","theMarked:Parry"],"picked":"theMarked:DispelDoubt","floor":6},{"not_picked":["infinitespire:FutureSight","ReplayTheSpireMod:Chaos Vortex"],"picked":"ReplayTheSpireMod:Black Plague","floor":7},{"not_picked":["PunishingBird","Rudolta","Porccubus"],"picked":"Singing Bowl","floor":8},{"not_picked":["theMarked:MaelstromOfLightning","theMarked:Static","theMarked:PowerFlow","theMarked:Frustration","theMarked:Panic","theMarked:ShockingTouch"],"picked":"theMarked:WardOff","floor":8},{"not_picked":["Yin","Bloodbath","VoidDream"],"picked":"Singing Bowl","floor":12},{"not_picked":["CrumblingArmor","Rudolta","ShyLook"],"picked":"Singing Bowl","floor":16},{"not_picked":["SilentOrchestra","DreamingCurrent"],"picked":"WhitesApple","floor":16},{"not_picked":["theMarked:ChannelForce","theMarked:UnarmedFury","theMarked:Snap","theMarked:Defy","theMarked:TurnInvisible","theMarked:Levitate"],"picked":"theMarked:EternalStudent","floor":16}],"player_experience":699053,"relics_obtained":[{"floor":1,"key":"SynthV:TestCard"},{"floor":1,"key":"LetterFromLob"},{"floor":8,"key":"conspire:DeflatedDodgeball"},{"floor":9,"key":"construct:FoamFinger"},{"floor":12,"key":"testmod-ObsoleteBoomerang"},{"floor":1,"key":"SynthV:TestCard"},{"floor":1,"key":"LetterFromLob"},{"floor":6,"key":"Calipers"},{"floor":8,"key":"ReplayTheSpireMod:Lightbulb"},{"floor":9,"key":"infinitespire:Broken Mirror"},{"floor":12,"key":"AT_RedTearstoneRing"}],"event_choices":[{"damage_healed":0,"gold_gain":0,"player_choice":"Swap Relic","damage_taken":0,"relics_obtained":["testmod-KeyOfTheVoid"],"max_hp_gain":0,"max_hp_loss":0,"event_name":"给自己的盒子","floor":2,"relics_lost":["testmod-LifeArmor"],"gold_loss":0},{"damage_healed":0,"gold_gain":0,"player_choice":"Ignored","damage_taken":0,"max_hp_gain":0,"max_hp_loss":0,"event_name":"Shining Light","floor":3,"gold_loss":0},{"damage_healed":0,"gold_gain":400,"player_choice":"Sell","damage_taken":0,"max_hp_gain":0,"max_hp_loss":0,"event_name":"恩洛斯的盘子","floor":5,"relics_lost":["REME_ComplimentaryCards"],"gold_loss":0},{"damage_healed":0,"gold_gain":30,"player_choice":"Searched \u00273\u0027 times","damage_taken":0,"max_hp_gain":0,"max_hp_loss":0,"event_name":"Dead Adventurer","floor":12,"gold_loss":0}],"is_beta":false,"boss_relics":[{"not_picked":["Astrolabe","vexMod:CursedCompass"],"picked":"vexMod:RockOfEvil"},{"not_picked":[]}],"items_purged_floors":[],"is_endless":false,"potions_floor_spawned":[4,13,18,1,4,14,16],"ascension_level":2}}