{"host":"4nqeo0vu1vuav7gg","time":1609705138,"event":{"mods":["AchievementEnabler","BaseMod","Block Reminder","Colored Map","Colored Powertips","Highlight Path","Minty Spire (QoL Compilation)","Quick Restart","Rare Cards Sparkle","Relic Relevance Reorder","StSLib"],"gold_per_floor":[110,126,126,126,144,144,183,183,183,227,247,265,279,279,279],"floor_reached":14,"playtime":600,"items_purged":[],"score":183,"play_id":"bdd0bd5e-c6c9-4f57-b7a8-c00689d9fc89","local_time":"20210103211858","is_ascension_mode":true,"campfire_choices":[{"data":"Flame Barrier","floor":6,"key":"SMITH"},{"floor":8,"key":"REST"}],"circlet_count":0,"master_deck":["AscendersBane","Strike_R","Strike_R","Strike_R","Strike_R","Strike_R","Defend_R","Defend_R","Defend_R","Defend_R","Bash","Rampage","Thunderclap","Injury","Flame Barrier+1","Dual Wield","Cleave","Corruption","Intimidate","Thunderclap","Demon Form"],"relics":["Burning Blood","Gremlin Horn","Dream Catcher","Golden Idol","Pear"],"acts_visited":["Exordium"],"potions_floor_usage":[10,11,14,14,14,14],"damage_taken":[{"damage":15,"enemies":"Cultist","floor":1,"turns":5},{"damage":13,"enemies":"Jaw Worm","floor":2,"turns":4},{"damage":2,"enemies":"2 Louse","floor":5,"turns":4},{"damage":28,"enemies":"Gremlin Nob","floor":7,"turns":5},{"damage":40,"enemies":"Lagavulin","floor":10,"turns":10},{"damage":34,"enemies":"Exordium Wildlife","floor":11,"turns":4},{"damage":6,"enemies":"Gremlin Gang","floor":12,"turns":3},{"damage":18,"enemies":"Red Slaver","floor":13,"turns":5},{"damage":11,"enemies":"Gremlin Nob","floor":14,"turns":2}],"seed_played":"1808916928407890205","potions_obtained":[{"floor":1,"key":"Explosive Potion"},{"floor":7,"key":"ColorlessPotion"},{"floor":12,"key":"ColorlessPotion"},{"floor":13,"key":"EntropicBrew"}],"is_trial":false,"path_per_floor":["M","M","?","?","M","R","E","R","T","E","M","M","M","E"],"character_chosen":"IRONCLAD","items_purchased":[],"campfire_rested":1,"item_purchase_floors":[],"current_hp_per_floor":[71,64,64,64,68,68,46,72,82,48,20,20,8,0,0],"gold":279,"neow_bonus":"TEN_PERCENT_HP_BONUS","is_daily":false,"chose_seed":false,"campfire_upgraded":1,"win_rate":0.0,"timestamp":1609705138,"path_taken":["M","M","?","?","M","R","E","R","T","E","M","M","M","E"],"items_purchased_type":[],"build_version":"2020-12-22","purchased_purges":0,"victory":false,"max_hp_per_floor":[88,88,88,88,88,88,88,88,98,98,98,98,98,98,98],"card_choices":[{"not_picked":["Spot Weakness","Perfected Strike"],"picked":"Rampage","floor":1},{"not_picked":["True Grit","Rupture"],"picked":"Thunderclap","floor":2},{"not_picked":["Flex","Perfected Strike"],"picked":"Dual Wield","floor":5},{"not_picked":["Brutality","Flex"],"picked":"Cleave","floor":7},{"not_picked":["Clothesline","Pommel Strike"],"picked":"Corruption","floor":10},{"not_picked":["Warcry","Headbutt"],"picked":"Intimidate","floor":11},{"not_picked":["Body Slam","Sword Boomerang"],"picked":"Thunderclap","floor":12},{"not_picked":["Clash","Sword Boomerang"],"picked":"Demon Form","floor":13}],"player_experience":1050890,"relics_obtained":[{"floor":7,"key":"Gremlin Horn"},{"floor":9,"key":"Pear"},{"floor":10,"key":"Dream Catcher"}],"event_choices":[{"damage_healed":0,"gold_gain":0,"player_choice":"Take Wound","damage_taken":0,"relics_obtained":["Golden Idol"],"max_hp_gain":0,"max_hp_loss":0,"event_name":"Golden Idol","floor":3,"gold_loss":0,"cards_obtained":["Injury"]},{"damage_healed":0,"gold_gain":0,"player_choice":"1 cards matched","damage_taken":0,"max_hp_gain":0,"max_hp_loss":0,"event_name":"Match and Keep!","floor":4,"gold_loss":0,"cards_obtained":["Flame Barrier"]}],"is_beta":false,"boss_relics":[],"items_purged_floors":[],"is_endless":false,"potions_floor_spawned":[1,7,12,13],"killed_by":"Gremlin Nob","ascension_level":11}}