{"host":"ixqzyafodex1tsi5","time":1609642444,"event":{"mods":["ATMod(°¢èªMod)","AchievementEnabler","Act Like it!","BaseMod","Gensokyo","GifTheSpireLib","Lobotomy","LobotomyExtend","Minty Spire (QoL Compilation)","Relic Stats","Replay The Spire","RumiaBox-Â¶Ã×æ«µÄÉñÃØºÐ×Ó","Spicy Shops","StSLib","The Cursed","[IsaacMod]ÒÔÈö¼âËþ","¡¾¹¦ÄÜMod¡¿»ìãçÖ®»·ÐÞ¸´²¹¶¡","¡¾ÒÅÎï¿¨ÅÆ¡¿REMEMod"],"gold_per_floor":[111,124,124,145,158,158,158],"floor_reached":6,"playtime":337,"items_purged":[],"score":48,"play_id":"f74a3ba9-ef62-4120-80f4-52d37bdf4dd7","local_time":"20210103105404","is_ascension_mode":true,"campfire_choices":[],"circlet_count":0,"master_deck":["BigBird","Strike_R","Strike_R","Strike_R","Strike_R","Strike_R","Defend_R","Defend_R","Defend_R","Defend_R","Bash","AT_ManFootWork","TheCursedMod:CircleOfBlood","ReplayTheSpireMod:Muscle Training","Metallicize","Pommel Strike","REME_ACTH"],"relics":["Burning Blood","REME_ComplimentaryCards","HushsDoor","AT_ATBox","Chaos","CogitoBucket","LetterFromLob","Golden Idol","Lamp_r"],"acts_visited":["Exordium"],"potions_floor_usage":[],"damage_taken":[{"damage":6.0,"enemies":"Cultist","floor":1.0,"turns":3.0},{"damage":0.0,"enemies":"Jaw Worm","floor":2.0,"turns":1.0},{"damage":8.0,"enemies":"2 Louse","floor":4.0,"turns":3.0},{"damage":64.0,"enemies":"Lots of Slimes","floor":5.0,"turns":12.0},{"damage":22,"enemies":"Gremlin Nob","floor":6,"turns":3}],"seed_played":"-4451221059834302532","potions_obtained":[{"floor":2.0,"key":"Strength Potion"},{"floor":4.0,"key":"Fruit Juice"}],"is_trial":false,"path_per_floor":["M","M","?","M","M","E"],"character_chosen":"IRONCLAD","items_purchased":[],"campfire_rested":0,"item_purchase_floors":[],"current_hp_per_floor":[80,80,60,60,13,0,0],"gold":158,"neow_bonus":"","is_daily":false,"chose_seed":false,"campfire_upgraded":0,"win_rate":0.0,"timestamp":1609642444,"path_taken":["M","?","?","?","M","E"],"items_purchased_type":[],"build_version":"2020-12-22","purchased_purges":0,"victory":false,"max_hp_per_floor":[80,80,80,80,85,85,85],"relic_stats":{"counters":[5,22],"Golden Idol":7,"obtain_stats":[{"KeepersGift":0,"Chaos":0,"Lamp_r":5,"CogitoBucket":0,"AT_ATBox":0,"Golden Idol":3,"LetterFromLob":1,"HushsDoor":0,"Burning Blood":0,"REME_ComplimentaryCards":0},{"KeepersGift":0,"Chaos":0,"Lamp_r":4,"CogitoBucket":0,"AT_ATBox":0,"Golden Idol":2,"LetterFromLob":1,"HushsDoor":0,"Burning Blood":0,"REME_ComplimentaryCards":0},{"KeepersGift":0,"Chaos":0,"Lamp_r":19,"CogitoBucket":0,"AT_ATBox":0,"Golden Idol":4,"LetterFromLob":3,"HushsDoor":0,"Burning Blood":0,"REME_ComplimentaryCards":0}],"Burning Blood":18},"card_choices":[{"not_picked":[],"picked":"Bomb","floor":0.0},{"not_picked":["OSAHOGD","MeatLantern","UniverseFragment"],"picked":"Singing Bowl","floor":1.0},{"not_picked":["AT_GerminateFire","Run Through"],"picked":"ReplayTheSpireMod:Muscle Training","floor":1.0},{"not_picked":["UniverseFragment","FairyFestival","OldLady"],"picked":"Singing Bowl","floor":2.0},{"not_picked":["Clothesline","Second Wind","Metallicize"],"picked":"SKIP","floor":2.0},{"not_picked":["Clothesline","Second Wind"],"picked":"Metallicize","floor":2.0},{"not_picked":["Rudolta","MHz","HeroicMonk"],"picked":"Singing Bowl","floor":4.0},{"not_picked":["HappyTeddy","Wellcheers"],"picked":"BigBird","floor":4.0},{"not_picked":["Rampage","Cleave"],"picked":"Pommel Strike","floor":4.0},{"not_picked":["RedShoes","PunishingBird","ShyLook"],"picked":"Singing Bowl","floor":5.0},{"not_picked":["Shrug It Off","Perfected Strike"],"picked":"REME_ACTH","floor":5.0}],"player_experience":200512,"relics_obtained":[{"floor":1.0,"key":"LetterFromLob"}],"event_choices":[{"damage_healed":0.0,"max_hp_gain":0.0,"max_hp_loss":0.0,"gold_gain":0.0,"event_name":"Golden Idol","player_choice":"Take Damage","floor":3.0,"gold_loss":0.0,"damage_taken":20.0,"relics_obtained":["Golden Idol"]}],"is_beta":false,"boss_relics":[],"items_purged_floors":[],"is_endless":false,"potions_floor_spawned":[2,4],"killed_by":"Gremlin Nob","ascension_level":5}}