{"host":"91blwi3hgehj6ch9","time":1609706679,"event":{"mods":["2.2 Compatiblity","AchievementEnabler","BaseMod","Colored Map","DeckTracker","Keyboard Shortcuts","Minty Spire (QoL Compilation)","Permanent Neow","Quick Restart","StSLib","SuperFastMode"],"gold_per_floor":[113,130,130,147,166,195,195,214,514,514,514,532,558,572,572,572,572],"floor_reached":16,"playtime":442,"items_purged":[],"score":120,"play_id":"adee9bd9-b7de-48e6-8d76-6ec8ee42fae6","local_time":"20210104054439","is_ascension_mode":true,"campfire_choices":[{"data":"Body Slam","floor":7,"key":"SMITH"},{"floor":10,"key":"REST"},{"data":"Flex","floor":15,"key":"SMITH"}],"circlet_count":0,"master_deck":["Strike_R","Strike_R","Strike_R","Strike_R","Defend_R","Defend_R","Defend_R","Defend_R","Bash","Flex+1","Inflame","Body Slam+1","Pummel","Ghostly Armor","Reaper","Armaments","Shrug It Off"],"relics":["Burning Blood","NeowsBlessing","Nunchaku","Old Coin","Bottled Lightning"],"acts_visited":["Exordium"],"potions_floor_usage":[13],"damage_taken":[{"damage":0,"enemies":"Cultist","floor":1,"turns":1},{"damage":0,"enemies":"2 Louse","floor":2,"turns":1},{"damage":0,"enemies":"Jaw Worm","floor":4,"turns":1},{"damage":26,"enemies":"Lots of Slimes","floor":5,"turns":6},{"damage":42,"enemies":"3 Sentries","floor":6,"turns":12},{"damage":14,"enemies":"2 Fungi Beasts","floor":8,"turns":3},{"damage":3,"enemies":"Red Slaver","floor":12,"turns":3},{"damage":32,"enemies":"Gremlin Nob","floor":13,"turns":4},{"damage":22,"enemies":"Exordium Thugs","floor":14,"turns":6},{"damage":35,"enemies":"Slime Boss","floor":16,"turns":3}],"seed_played":"7988659982029811893","potions_obtained":[{"floor":5,"key":"SmokeBomb"},{"floor":6,"key":"Dexterity Potion"},{"floor":8,"key":"GamblersBrew"},{"floor":12,"key":"Swift Potion"}],"is_trial":false,"path_per_floor":["M","M","?","M","M","E","R","M","T","R","?","M","E","M","R","B"],"character_chosen":"IRONCLAD","items_purchased":[],"campfire_rested":1,"item_purchase_floors":[],"current_hp_per_floor":[80,80,80,80,60,24,24,16,16,40,40,49,23,15,15,0,0],"gold":572,"neow_bonus":"THREE_ENEMY_KILL","is_daily":false,"chose_seed":false,"campfire_upgraded":2,"win_rate":0.0,"timestamp":1609706679,"path_taken":["M","M","?","M","M","E","R","M","T","R","?","M","E","M","R","BOSS"],"items_purchased_type":[],"build_version":"2020-12-22","purchased_purges":0,"victory":false,"max_hp_per_floor":[80,80,80,80,80,80,80,80,80,80,80,80,80,80,80,80,80],"card_choices":[{"not_picked":["Warcry","Iron Wave"],"picked":"Flex","floor":1},{"not_picked":["Rupture","Uppercut"],"picked":"Inflame","floor":2},{"not_picked":["Sword Boomerang","Headbutt"],"picked":"Body Slam","floor":4},{"not_picked":["Wild Strike","Sword Boomerang","Rampage"],"picked":"SKIP","floor":5},{"not_picked":["Clash","Havoc"],"picked":"Pummel","floor":6},{"not_picked":["Headbutt","Carnage"],"picked":"Ghostly Armor","floor":8},{"not_picked":["Evolve","Reckless Charge","Perfected Strike"],"picked":"SKIP","floor":12},{"not_picked":["Power Through","Brutality"],"picked":"Armaments","floor":13},{"not_picked":["Clash","Rampage"],"picked":"Shrug It Off","floor":14}],"player_experience":144543,"relics_obtained":[{"floor":6,"key":"Nunchaku"},{"floor":9,"key":"Old Coin"},{"floor":13,"key":"Bottled Lightning"}],"event_choices":[{"damage_healed":0,"gold_gain":0,"player_choice":"Ignored","damage_taken":0,"max_hp_gain":0,"max_hp_loss":0,"event_name":"Liars Game","floor":3,"gold_loss":0},{"damage_healed":0,"gold_gain":0,"cards_transformed":["Strike_R"],"player_choice":"Transformed","damage_taken":0,"max_hp_gain":0,"max_hp_loss":0,"event_name":"Transmorgrifier","floor":11,"gold_loss":0,"cards_obtained":["Reaper"]}],"is_beta":false,"boss_relics":[],"items_purged_floors":[],"is_endless":false,"potions_floor_spawned":[5,6,8,12],"killed_by":"Slime Boss","ascension_level":1}}