{"host":"d4km6p8r92tm3vpl","time":1609697536,"event":{"mods":["AchievementEnabler","BaseMod","Colored Map","Colored Powertips","DeckTracker","Minty Spire (QoL Compilation)","Relic Stats","StSLib"],"gold_per_floor":[113,128,128,128,138,138,170,182,182,199,230,230,244,277,277,354,354,372,165,182,201,201,201,201,220,220,94,112,112,112,129,129,203,203,217,217,19,37,37,37,62,62,62,96,29,46,46,63,63,63,63,63,7,40,40],"floor_reached":56,"playtime":2009,"items_purged":[],"score":1917,"play_id":"c8205685-8f93-4b4b-9f24-8e9677f81981","local_time":"20210103131216","is_ascension_mode":true,"campfire_choices":[{"data":"Whirlwind","floor":6.0,"key":"SMITH"},{"data":"Impervious","floor":12.0,"key":"SMITH"},{"floor":15.0,"key":"REST"},{"data":"Feel No Pain","floor":23.0,"key":"SMITH"},{"floor":32.0,"key":"REST"},{"data":"Feel No Pain","floor":40.0,"key":"SMITH"},{"data":"Feel No Pain","floor":42.0,"key":"SMITH"},{"floor":49.0,"key":"RECALL"},{"data":"Demon Form","floor":52.0,"key":"SMITH"}],"circlet_count":0,"master_deck":["AscendersBane","Bash","Cleave","Reckless Charge","Feel No Pain+1","Corruption+1","Barricade","Havoc","Seeing Red","Wild Strike","Whirlwind+1","Shrug It Off","Disarm","Impervious+1","Sentinel","True Grit","Double Tap","Havoc","Feed","Demon Form+1","Thunderclap+1","Battle Trance","Evolve","Shockwave","Feel No Pain+1","Shrug It Off","Flame Barrier","Armaments","Spot Weakness+1","Reaper","Feel No Pain+1","Uppercut","Armaments","Fire Breathing","True Grit","Shrug It Off","True Grit","Infernal Blade"],"relics":["Pandora\u0027s Box","Bottled Flame","Pear","The Courier","Blood Vial","Philosopher\u0027s Stone","Magic Flower","Pen Nib","Mummified Hand","Busted Crown","Bottled Tornado","Kunai","Omamori","Red Skull"],"acts_visited":["Exordium","TheCity","TheBeyond","TheEnding"],"potions_floor_usage":[55],"damage_taken":[{"damage":12.0,"enemies":"Jaw Worm","floor":1.0,"turns":2.0},{"damage":3.0,"enemies":"2 Louse","floor":2.0,"turns":2.0},{"damage":4.0,"enemies":"Small Slimes","floor":5.0,"turns":2.0},{"damage":19.0,"enemies":"Gremlin Nob","floor":7.0,"turns":4.0},{"damage":5.0,"enemies":"Looter","floor":8.0,"turns":4.0},{"damage":0.0,"enemies":"Gremlin Gang","floor":10.0,"turns":1.0},{"damage":0.0,"enemies":"Lagavulin","floor":11.0,"turns":7.0},{"damage":0.0,"enemies":"Exordium Thugs","floor":13.0,"turns":5.0},{"damage":52.0,"enemies":"Gremlin Nob","floor":14.0,"turns":7.0},{"damage":27.0,"enemies":"Slime Boss","floor":16.0,"turns":15.0},{"damage":0.0,"enemies":"3 Byrds","floor":18.0,"turns":3.0},{"damage":9.0,"enemies":"Spheric Guardian","floor":20.0,"turns":5.0},{"damage":28.0,"enemies":"Snake Plant","floor":21.0,"turns":5.0},{"damage":7.0,"enemies":"Cultist and Chosen","floor":25.0,"turns":8.0},{"damage":25.0,"enemies":"Centurion and Healer","floor":28.0,"turns":5.0},{"damage":17.0,"enemies":"Shelled Parasite and Fungi","floor":31.0,"turns":5.0},{"damage":10.0,"enemies":"Automaton","floor":33.0,"turns":8.0},{"damage":38.0,"enemies":"3 Shapes","floor":35.0,"turns":8.0},{"damage":15.0,"enemies":"Orb Walker","floor":38.0,"turns":6.0},{"damage":0.0,"enemies":"Nemesis","floor":44.0,"turns":7.0},{"damage":0.0,"enemies":"Jaw Worm Horde","floor":46.0,"turns":5.0},{"damage":15.0,"enemies":"4 Shapes","floor":48.0,"turns":9.0},{"damage":85.0,"enemies":"Awakened One","floor":50.0,"turns":9.0},{"damage":44.0,"enemies":"Shield and Spear","floor":54.0,"turns":8.0},{"damage":83,"enemies":"The Heart","floor":55,"turns":10}],"seed_played":"-9165130856835614830","potions_obtained":[{"floor":1.0,"key":"BloodPotion"},{"floor":5.0,"key":"Regen Potion"},{"floor":11.0,"key":"BlessingOfTheForge"},{"floor":16.0,"key":"DistilledChaos"},{"floor":38.0,"key":"Fire Potion"},{"floor":46.0,"key":"Ancient Potion"}],"is_trial":false,"path_per_floor":["M","M","?","?","M","R","E","M","T","M","E","R","M","E","R","B",null,"M","$","M","M","?","R","?","M","T","$","M","T","?","M","R","B",null,"M","?","$","M","?","R","T","R","T","E","$","M","?","M","R","B",null,"R","$","E","B",null],"character_chosen":"IRONCLAD","items_purchased":["Battle Trance","Evolve","Shockwave","Feel No Pain","Pen Nib","Bottled Tornado","Armaments","Fire Breathing","Shrug It Off","True Grit"],"campfire_rested":2,"item_purchase_floors":[19,19,19,19,27,37,45,45,53,53],"current_hp_per_floor":[56,53,75,75,71,71,52,47,57,57,72,72,72,20,45,20,69,71,71,64,38,38,38,32,30,30,30,8,8,8,25,52,45,80,67,67,67,84,84,84,84,84,84,94,94,101,96,86,86,49,87,87,87,73,2],"gold":40,"neow_bonus":"BOSS_RELIC","is_daily":false,"chose_seed":false,"campfire_upgraded":6,"win_rate":0.0,"timestamp":1609697536,"path_taken":["M","M","?","?","M","R","E","M","T","M","E","R","M","E","R","BOSS","M","$","M","M","?","R","?","?","T","$","M","?","?","M","R","BOSS","M","?","$","M","?","R","?","R","T","E","?","M","?","?","R","BOSS","R","$","E","BOSS"],"items_purchased_type":["Card","Card","Card","Card","Relic","Relic","Card","Card","Card","Card"],"build_version":"2020-12-22","purchased_purges":0,"victory":true,"max_hp_per_floor":[75,75,75,75,75,75,75,75,85,85,85,85,85,85,85,85,85,85,85,85,85,85,85,85,88,88,88,88,88,88,91,91,91,91,94,94,94,94,94,94,94,94,94,97,97,101,96,99,99,99,99,99,99,99,99],"relic_stats":{"Blood Vial":40,"Busted Crown":14,"counters":[25,150],"Mummified Hand":[61],"Magic Flower":[71],"Pandora\u0027s Box":["Cleave","Reckless Charge","Feel No Pain","Corruption","Barricade","Havoc","Seeing Red","Wild Strike","Whirlwind"],"Pen Nib":[11],"Kunai":[13],"obtain_stats":[{"Pear":9,"Magic Flower":26,"The Courier":11,"Pen Nib":27,"Omamori":44,"Bottled Tornado":37,"Burning Blood":0,"Blood Vial":14,"Bottled Flame":7,"Busted Crown":34,"Mummified Hand":29,"Pandora\u0027s Box":0,"Philosopher\u0027s Stone":17,"Kunai":43,"Red Skull":54},{"Pear":5,"Magic Flower":14,"The Courier":7,"Pen Nib":14,"Omamori":20,"Bottled Tornado":18,"Burning Blood":0,"Blood Vial":9,"Bottled Flame":4,"Busted Crown":17,"Mummified Hand":15,"Pandora\u0027s Box":0,"Philosopher\u0027s Stone":10,"Kunai":19,"Red Skull":24},{"Pear":14,"Magic Flower":70,"The Courier":22,"Pen Nib":70,"Omamori":109,"Bottled Tornado":96,"Burning Blood":0,"Blood Vial":34,"Bottled Flame":10,"Busted Crown":88,"Mummified Hand":75,"Pandora\u0027s Box":0,"Philosopher\u0027s Stone":49,"Kunai":102,"Red Skull":140}]},"card_choices":[{"not_picked":["Reckless Charge","Battle Trance"],"picked":"Shrug It Off","floor":1.0},{"not_picked":["Combust","Twin Strike"],"picked":"Disarm","floor":2.0},{"not_picked":["Warcry","Hemokinesis"],"picked":"Iron Wave","floor":5.0},{"not_picked":["Havoc","Cleave"],"picked":"Impervious","floor":7.0},{"not_picked":["Pommel Strike","Carnage"],"picked":"Sentinel","floor":8.0},{"not_picked":["Reckless Charge","Spot Weakness"],"picked":"True Grit","floor":10.0},{"not_picked":["Rampage","Cleave"],"picked":"Double Tap","floor":11.0},{"not_picked":["Rupture","Wild Strike"],"picked":"Havoc","floor":13.0},{"not_picked":["Headbutt","Anger"],"picked":"Feed","floor":14.0},{"not_picked":["Barricade","Double Tap"],"picked":"Demon Form","floor":16.0},{"not_picked":["Combust","Pommel Strike"],"picked":"Thunderclap+1","floor":18.0},{"not_picked":["Cleave","Disarm"],"picked":"Shrug It Off","floor":20.0},{"not_picked":["Iron Wave","Warcry"],"picked":"Flame Barrier","floor":21.0},{"not_picked":["Iron Wave","Cleave+1"],"picked":"Armaments","floor":25.0},{"not_picked":["Clothesline","Anger+1"],"picked":"Spot Weakness+1","floor":28.0},{"not_picked":["Spot Weakness","Clash","Armaments"],"picked":"SKIP","floor":31.0},{"not_picked":["Corruption","Impervious"],"picked":"Reaper","floor":33.0},{"not_picked":[],"picked":"Feel No Pain","floor":35.0},{"not_picked":["Perfected Strike"],"picked":"SKIP","floor":38.0},{"not_picked":[],"picked":"Uppercut","floor":44.0},{"not_picked":[],"picked":"True Grit","floor":46.0},{"not_picked":["Carnage+1"],"picked":"SKIP","floor":48.0},{"not_picked":[],"picked":"Infernal Blade","floor":54.0}],"player_experience":807839,"relics_obtained":[{"floor":7.0,"key":"Bottled Flame"},{"floor":9.0,"key":"Pear"},{"floor":11.0,"key":"The Courier"},{"floor":14.0,"key":"Blood Vial"},{"floor":26.0,"key":"Magic Flower"},{"floor":29.0,"key":"Mummified Hand"},{"floor":43.0,"key":"Kunai"},{"floor":44.0,"key":"Omamori"},{"floor":54.0,"key":"Red Skull"}],"event_choices":[{"damage_healed":25.0,"max_hp_gain":0.0,"max_hp_loss":0.0,"gold_gain":0.0,"event_name":"Big Fish","player_choice":"Banana","floor":3.0,"gold_loss":0.0,"damage_taken":0.0},{"damage_healed":0.0,"max_hp_gain":0.0,"max_hp_loss":0.0,"gold_gain":0.0,"event_name":"Living Wall","player_choice":"Grow","floor":4.0,"gold_loss":0.0,"damage_taken":0.0,"cards_upgraded":["Corruption"]},{"damage_healed":0.0,"max_hp_gain":0.0,"max_hp_loss":0.0,"gold_gain":0.0,"event_name":"Beggar","player_choice":"Ignored","floor":22.0,"gold_loss":0.0,"damage_taken":0.0},{"damage_healed":0.0,"max_hp_gain":0.0,"max_hp_loss":0.0,"gold_gain":0.0,"event_name":"Knowing Skull","player_choice":"","floor":24.0,"potions_obtained":[],"gold_loss":0.0,"damage_taken":6.0,"cards_obtained":[]},{"damage_healed":0.0,"max_hp_gain":0.0,"max_hp_loss":0.0,"gold_gain":0.0,"event_name":"Ghosts","player_choice":"Ignored","floor":30.0,"gold_loss":0.0,"damage_taken":0.0},{"cards_removed":["Iron Wave"],"damage_healed":0.0,"max_hp_gain":0.0,"max_hp_loss":0.0,"gold_gain":0.0,"event_name":"Falling","player_choice":"Removed Attack","floor":36.0,"gold_loss":0.0,"damage_taken":0.0},{"damage_healed":0.0,"max_hp_gain":0.0,"max_hp_loss":0.0,"gold_gain":0.0,"event_name":"SensoryStone","player_choice":"Memory 1","floor":39.0,"gold_loss":0.0,"damage_taken":0.0},{"damage_healed":0.0,"max_hp_gain":0.0,"max_hp_loss":5.0,"gold_gain":0.0,"event_name":"Winding Halls","player_choice":"Max HP","floor":47.0,"gold_loss":0.0,"damage_taken":0.0}],"is_beta":false,"boss_relics":[{"not_picked":["Runic Cube","Astrolabe"],"picked":"Philosopher\u0027s Stone"},{"not_picked":["SlaversCollar","Runic Dome"],"picked":"Busted Crown"}],"items_purged_floors":[],"is_endless":false,"potions_floor_spawned":[1,5,11,13,14,16,18,25,38,46],"ascension_level":14}}