{"host":"wd61oal3roi78fzc","time":1609674928,"event":{"mods":["Act Like it!","BaseMod","KinomotoSakuraMod(木之本樱)","Minty Spire (QoL Compilation)","Replay The Spire","StSLib","WarShipGirlsR/战舰少女R mod"],"gold_per_floor":[114,114,114,133,58,97,122,122,147,23,23,47,90,105,105,105,105],"floor_reached":16,"playtime":530,"items_purged":["Defend_R","Strike_R"],"score":135,"play_id":"f3c14505-1485-4120-9d62-bb3ee91976ef","local_time":"20210103195528","is_ascension_mode":false,"campfire_choices":[{"data":"Defend_R","floor":8,"key":"SMITH"},{"data":"Flex","floor":11,"key":"SMITH"}],"circlet_count":0,"master_deck":["Strike_R","Strike_R","Strike_R+1","Strike_R","Defend_R+1","Defend_R","Defend_R+1","Bash","Flex+1"],"relics":["Burning Blood","NeowsBlessing","Golden Idol","Replay:Rubber Ducky","Bronze Scales","Mummified Hand"],"acts_visited":["Exordium"],"potions_floor_usage":[7,13,13],"damage_taken":[{"damage":0,"enemies":"2 Louse","floor":1,"turns":1},{"damage":0,"enemies":"Small Slimes","floor":4,"turns":1},{"damage":0,"enemies":"Gremlin Nob","floor":6,"turns":1},{"damage":0,"enemies":"Jaw Worm","floor":7,"turns":2},{"damage":10,"enemies":"Looter","floor":12,"turns":2},{"damage":20,"enemies":"Lagavulin","floor":13,"turns":4},{"damage":19,"enemies":"Large Slime","floor":14,"turns":5},{"damage":58,"enemies":"Fading Forest","floor":16,"turns":8}],"seed_played":"-3024047770278782179","potions_obtained":[{"floor":1,"key":"Energy Potion"},{"floor":4,"key":"Adrenaline Potion"},{"floor":7,"key":"ColorlessPotion"},{"floor":13,"key":"BlessingOfTheForge"}],"is_trial":false,"path_per_floor":["M","?","?","M","$","E","M","R","T","$","R","M","E","M","R","B"],"character_chosen":"IRONCLAD","items_purchased":["Flex"],"campfire_rested":0,"item_purchase_floors":[10],"current_hp_per_floor":[80,64,44,50,50,56,62,62,62,62,62,58,44,31,55,7,7],"gold":105,"neow_bonus":"THREE_ENEMY_KILL","is_daily":false,"chose_seed":false,"campfire_upgraded":2,"win_rate":0.0,"timestamp":1609674928,"path_taken":["M","?","?","M","$","E","M","R","T","$","R","M","E","M","R","BOSS"],"items_purchased_type":["Card"],"build_version":"2020-12-22","purchased_purges":2,"victory":false,"max_hp_per_floor":[80,80,80,80,80,80,80,80,80,80,80,80,80,80,80,80,80],"card_choices":[{"not_picked":["Hemokinesis","Shrug It Off","Defy Death"],"picked":"SKIP","floor":1},{"not_picked":["Rupture","Run Through","Pommel Strike"],"picked":"SKIP","floor":4},{"not_picked":["ReplayTheSpireMod:Limb From Limb","Clothesline","Fire Breathing"],"picked":"SKIP","floor":6},{"not_picked":["Replay:Undeath\u0027s Touch","Iron Wave","Warcry"],"picked":"SKIP","floor":7},{"not_picked":["Iron Wave","Hemogenesis","Clash"],"picked":"SKIP","floor":12},{"not_picked":["ReplayTheSpireMod:Stacked","Demonic Infusion","Thunderclap"],"picked":"SKIP","floor":13},{"not_picked":["Perfected Strike","Clash","Warcry"],"picked":"SKIP","floor":14}],"player_experience":229446,"relics_obtained":[{"floor":6,"key":"Replay:Rubber Ducky"},{"floor":9,"key":"Bronze Scales"},{"floor":13,"key":"Mummified Hand"}],"event_choices":[{"damage_healed":0,"gold_gain":0,"player_choice":"Entered Light","damage_taken":16,"max_hp_gain":0,"max_hp_loss":0,"event_name":"Shining Light","floor":2,"gold_loss":0,"cards_upgraded":["Defend_R","Strike_R"]},{"damage_healed":0,"gold_gain":0,"player_choice":"Take Damage","damage_taken":20,"relics_obtained":["Golden Idol"],"max_hp_gain":0,"max_hp_loss":0,"event_name":"Golden Idol","floor":3,"gold_loss":0}],"is_beta":false,"boss_relics":[],"items_purged_floors":[5,10],"is_endless":false,"potions_floor_spawned":[1,4,7,13],"killed_by":"Fading Forest","ascension_level":0}}