{"host":"kev6uqotw4tlyx8l","time":1609715976,"event":{"mods":["Act Like it!","Aspiration","BaseMod","Colored Powertips","Dota2Spire","Downfall","Hallownest","Infinite Spire","Marisa????????","Minty Spire (QoL Compilation)","Quick Restart","Remilia??????","Replay The Spire","StSLib","The Cursed","The Jungle","The Marked","The Mystic","The Servant 0.9.4"],"gold_per_floor":[110,160,35,35,50,69,88,99,153,7,22,22,22,39,39,137,137,149,149,163,63,63,96,107,107,107,6,6,6,37,52,52,52,52],"floor_reached":33,"playtime":1112,"items_purged":[],"score":377,"play_id":"b8ea9778-4f23-4799-be42-d65b6b9bca7c","local_time":"20210104061936","is_ascension_mode":false,"campfire_choices":[{"data":"TheCursedMod:Grudge","floor":12,"key":"SMITH"},{"floor":15,"key":"REST"},{"data":"TheCursedMod:SpitefulStrike","floor":25,"key":"SMITH"},{"data":"TheCursedMod:ReleasedKnowledge","floor":29,"key":"SMITH"}],"circlet_count":0,"master_deck":["TheCursedMod:Strike_TheCursed+1","TheCursedMod:Strike_TheCursed+1","TheCursedMod:Strike_TheCursed+1","TheCursedMod:Strike_TheCursed+1","TheCursedMod:Defend_TheCursed+1","TheCursedMod:Defend_TheCursed+1","TheCursedMod:Defend_TheCursed+1","TheCursedMod:Defend_TheCursed+1","TheCursedMod:CursedWand","TheCursedMod:CleanUpWorkshop+1","TheCursedMod:Dregs","TheCursedMod:TacticalStrike","Voices","TheCursedMod:CircleOfCorruption+1","TheCursedMod:StingEye+1","TheCursedMod:CircleOfFlame","TheCursedMod:Grudge+1","TheCursedMod:SpitefulStrike+1","TheCursedMod:SpitefulStrike","Amnesia","TheCursedMod:AbyssShockwave","TheCursedMod:ReleasedKnowledge+1","TheCursedMod:ShockAndAwe+1","ReplayTheSpireMod:Splinters","TheCursedMod:Obscuration","TheCursedMod:RapidMovement+1","TheCursedMod:LuckyCharm+1","TheCursedMod:CursedShiv+1","TheCursedMod:CursedStaff","TheCursedMod:ShockAndAwe+1","TheCursedMod:ShockAndAwe+1","Shame","TheCursedMod:CircleOfBlood","TheCursedMod:TacticalStrike+1"],"relics":["TheCursedMod:BlackMagic101","War Paint","Ring of Greed","Blue Doll","Golden Egg","ReplayFunnel","Juzu Bracelet","Dota2Spire:Mjollnir","TheCursedMod:OminousMark","Ornamental Fan","infinitespire:FocusingShard","Dota2Spire:DrumOfEndurance","Orichalcum"],"acts_visited":["Exordium","TheCity"],"potions_floor_usage":[16,20,23,33,33],"damage_taken":[{"damage":9,"enemies":"Jaw Worm","floor":1,"turns":4},{"damage":7,"enemies":"infinitespire:Voidling","floor":5,"turns":3},{"damage":0,"enemies":"Small Slimes","floor":6,"turns":2},{"damage":1,"enemies":"2 Fungi Beasts","floor":7,"turns":3},{"damage":0,"enemies":"3 Louse","floor":8,"turns":3},{"damage":2,"enemies":"Looter","floor":11,"turns":2},{"damage":0,"enemies":"Exordium Thugs","floor":14,"turns":3},{"damage":38,"enemies":"Hexaghost","floor":16,"turns":10},{"damage":0,"enemies":"Spheric Guardian","floor":18,"turns":1},{"damage":1,"enemies":"Shell Parasite","floor":20,"turns":3},{"damage":3,"enemies":"Book of Stabbing","floor":23,"turns":4},{"damage":0,"enemies":"Cultist and Chosen","floor":24,"turns":6},{"damage":13,"enemies":"Gremlin Leader","floor":30,"turns":5},{"damage":15,"enemies":"Snake Plant","floor":31,"turns":2},{"damage":53,"enemies":"Champ","floor":33,"turns":8}],"seed_played":"2605333266335685898","potions_obtained":[{"floor":6,"key":"Venom Potion"},{"floor":14,"key":"Explosive Potion"},{"floor":16,"key":"ColorlessPotion"},{"floor":24,"key":"AttackPotion"},{"floor":30,"key":"Death Potion"},{"floor":31,"key":"Explosive Potion"}],"is_trial":false,"path_per_floor":["M","?","$","?","M","M","M","M","T","$","M","R","?","M","R","B",null,"M","?","M","$","?","E","M","R","T","$","?","R","E","M","R","B"],"character_chosen":"THE_CURSED","items_purchased":["TheCursedMod:CircleOfCorruption","TheCursedMod:StingEye","Juzu Bracelet","TheCursedMod:LuckyCharm+1","TheCursedMod:CursedShiv","TheCursedMod:ShockAndAwe"],"campfire_rested":1,"item_purchase_floors":[3,3,10,21,21,27],"current_hp_per_floor":[66,66,66,66,59,59,58,58,58,58,56,56,56,56,75,37,75,75,75,74,74,74,71,71,71,71,71,71,71,58,43,43,0,0],"gold":52,"neow_bonus":"RANDOM_COMMON_RELIC","is_daily":false,"chose_seed":false,"campfire_upgraded":3,"win_rate":0.0,"timestamp":1609715976,"path_taken":["M","?","$","?","?","M","M","M","T","$","M","R","?","M","R","BOSS","M","?","M","$","?","E","M","R","T","$","?","R","E","M","R","BOSS"],"items_purchased_type":["Card","Card","Relic","Card","Card","Card"],"build_version":"2020-12-22","purchased_purges":0,"victory":false,"max_hp_per_floor":[75,75,75,75,75,75,75,75,75,75,75,75,75,75,75,75,75,75,75,75,75,75,75,75,75,75,75,75,75,75,75,75,75,75],"card_choices":[{"not_picked":["TheCursedMod:Stretching","TheCursedMod:FleshFromBone"],"picked":"TheCursedMod:TacticalStrike","floor":1},{"not_picked":["TheCursedMod:Stretching","TheCursedMod:TacticalStrike"],"picked":"TheCursedMod:CircleOfFlame","floor":5},{"not_picked":["TheCursedMod:Torture","TheCursedMod:SurpriseAttack"],"picked":"TheCursedMod:Grudge","floor":6},{"not_picked":["TheCursedMod:RapidMovement","TheCursedMod:CursedBoomerang"],"picked":"TheCursedMod:SpitefulStrike","floor":7},{"not_picked":["TheCursedMod:WearCloak","TheCursedMod:SpreadPlague"],"picked":"TheCursedMod:SpitefulStrike","floor":8},{"not_picked":["TheCursedMod:Torture","TheCursedMod:CursedAmulet"],"picked":"TheCursedMod:AbyssShockwave","floor":11},{"not_picked":["TheCursedMod:AbyssShockwave","TheCursedMod:FleshFromBone"],"picked":"TheCursedMod:ReleasedKnowledge","floor":14},{"not_picked":["TheCursedMod:UltimatePain","TheCursedMod:Neurasthenia"],"picked":"TheCursedMod:ShockAndAwe","floor":16},{"not_picked":["TheCursedMod:FleshFromBone","TheCursedMod:RavingStaff"],"picked":"TheCursedMod:Obscuration","floor":18},{"not_picked":["TheCursedMod:Stretching+1","TheCursedMod:CursedBlade+1"],"picked":"TheCursedMod:RapidMovement+1","floor":20},{"not_picked":["TheCursedMod:DoubleShield","TheCursedMod:FleshFromBone"],"picked":"TheCursedMod:CursedStaff","floor":23},{"not_picked":["TheCursedMod:FleshFromBone","TheCursedMod:StingEye","TheCursedMod:CursedAmulet"],"picked":"SKIP","floor":24},{"not_picked":["TheCursedMod:CursedMace+1","TheCursedMod:SpitefulPray"],"picked":"TheCursedMod:CircleOfBlood","floor":30},{"not_picked":["TheCursedMod:PrepareRite","TheCursedMod:DoubleShield"],"picked":"TheCursedMod:TacticalStrike+1","floor":31}],"player_experience":86178,"relics_obtained":[{"floor":2,"key":"Ring of Greed"},{"floor":2,"key":"Blue Doll"},{"floor":2,"key":"Golden Egg"},{"floor":9,"key":"ReplayFunnel"},{"floor":13,"key":"Dota2Spire:Mjollnir"},{"floor":23,"key":"Ornamental Fan"},{"floor":26,"key":"infinitespire:FocusingShard"},{"floor":30,"key":"Orichalcum"}],"event_choices":[{"damage_healed":0,"gold_gain":0,"player_choice":"Ignored","damage_taken":0,"max_hp_gain":0,"max_hp_loss":0,"event_name":"WeMeetAgain","floor":4,"gold_loss":0},{"damage_healed":0,"gold_gain":0,"player_choice":"Ignored","damage_taken":0,"max_hp_gain":0,"max_hp_loss":0,"event_name":"N\u0027loth","floor":19,"gold_loss":0},{"damage_healed":0,"gold_gain":0,"player_choice":"Simplicity","damage_taken":0,"max_hp_gain":0,"max_hp_loss":0,"event_name":"Back to Basics","floor":22,"gold_loss":0,"cards_upgraded":["TheCursedMod:Strike_TheCursed","TheCursedMod:Strike_TheCursed","TheCursedMod:Strike_TheCursed","TheCursedMod:Strike_TheCursed","TheCursedMod:Defend_TheCursed","TheCursedMod:Defend_TheCursed","TheCursedMod:Defend_TheCursed"]},{"damage_healed":0,"gold_gain":0,"player_choice":"Stole Relic","damage_taken":0,"relics_obtained":["Dota2Spire:DrumOfEndurance"],"max_hp_gain":0,"max_hp_loss":0,"event_name":"Addict","floor":28,"gold_loss":0,"cards_obtained":["Shame"]},{"damage_healed":0,"gold_gain":0,"player_choice":"Ignored","damage_taken":0,"max_hp_gain":0,"max_hp_loss":0,"event_name":"Beggar","floor":32,"gold_loss":0}],"is_beta":false,"boss_relics":[{"not_picked":["Tiny House","Philosopher\u0027s Stone"],"picked":"TheCursedMod:OminousMark"}],"items_purged_floors":[],"is_endless":false,"potions_floor_spawned":[6,14,16,24,30,31],"killed_by":"Champ","ascension_level":0}}