{"host":"7gewg82ormp6yt4e","time":1609676901,"event":{"mods":["BaseMod","Block Reminder","Colored Map","Colored Powertips","DeckTracker","Highlight Path","Minty Spire (QoL Compilation)","Relic Stats","StSLib"],"gold_per_floor":[112,112,28,28,28,28,47,63,89,48,62,62,62,96,96,186,186,200,200,216,216,235,235,251,251,326,326,326,326,341,266,266,266,266],"floor_reached":33,"playtime":1246,"items_purged":[],"score":486,"play_id":"8330b45c-69e7-4970-84ea-8c4c7d9aa576","local_time":"20210103212821","is_ascension_mode":true,"campfire_choices":[{"data":"Sunder","floor":6,"key":"SMITH"},{"data":"Defragment","floor":13,"key":"SMITH"},{"data":"Barrage","floor":15,"key":"SMITH"},{"data":"Biased Cognition","floor":23,"key":"SMITH"},{"data":"Ghostly","floor":27,"key":"SMITH"},{"data":"Ghostly","floor":29,"key":"SMITH"},{"data":"Ghostly","floor":32,"key":"SMITH"}],"circlet_count":0,"master_deck":["AscendersBane","Strike_B","Defend_B","Defend_B","Defend_B","Zap","Dualcast","Leap","Conserve Battery","Sunder+1","Coolheaded","Glacier","Defragment+1","Chill","Lockon","Barrage+1","Biased Cognition+1","Aggregate","Cold Snap","Ghostly+1","Ghostly+1","Ghostly+1","Shame"],"relics":["Golden Idol","Akabeko","Ornamental Fan","Cursed Key","Nloth\u0027s Gift","Shuriken"],"acts_visited":["Exordium","TheCity"],"potions_floor_usage":[14,16,22],"damage_taken":[{"damage":0,"enemies":"2 Louse","floor":1,"turns":2},{"damage":0,"enemies":"Jaw Worm","floor":7,"turns":4},{"damage":0,"enemies":"Cultist","floor":8,"turns":4},{"damage":4,"enemies":"Red Slaver","floor":11,"turns":6},{"damage":24,"enemies":"Gremlin Nob","floor":14,"turns":6},{"damage":5,"enemies":"Hexaghost","floor":16,"turns":10},{"damage":5,"enemies":"Shell Parasite","floor":18,"turns":8},{"damage":0,"enemies":"3 Byrds","floor":20,"turns":7},{"damage":0,"enemies":"3 Cultists","floor":22,"turns":6},{"damage":3,"enemies":"Centurion and Healer","floor":24,"turns":7},{"damage":0,"enemies":"Shelled Parasite and Fungi","floor":30,"turns":9},{"damage":32,"enemies":"Collector","floor":33,"turns":8}],"seed_played":"1263913717343177217","potions_obtained":[{"floor":7,"key":"PowerPotion"},{"floor":14,"key":"CultistPotion"},{"floor":20,"key":"AttackPotion"}],"is_trial":false,"path_per_floor":["M","?","$","?","?","R","M","M","T","$","M","?","R","E","R","B",null,"M","?","M","?","M","R","M","?","T","R","?","R","M","?","R","B"],"character_chosen":"DEFECT","items_purchased":["Sunder","Defragment"],"campfire_rested":0,"item_purchase_floors":[3,10],"current_hp_per_floor":[64,64,64,64,64,64,64,64,64,64,60,60,60,36,36,31,56,51,51,51,51,51,51,48,32,32,32,32,32,32,32,32,0,0],"gold":266,"neow_bonus":"BOSS_RELIC","is_daily":false,"chose_seed":false,"campfire_upgraded":7,"win_rate":0.0,"timestamp":1609676901,"path_taken":["M","?","$","?","?","R","M","?","T","?","M","?","R","E","R","BOSS","M","?","?","?","?","R","?","?","T","R","?","R","M","?","R","BOSS"],"items_purchased_type":["Card","Card"],"build_version":"2020-12-22","purchased_purges":0,"victory":false,"max_hp_per_floor":[71,71,71,64,64,64,64,64,64,64,64,64,64,64,64,64,64,64,64,64,64,64,64,64,32,32,32,32,32,32,32,32,32,32],"relic_stats":{"counters":[12,77],"Golden Idol":51,"Ornamental Fan":[16],"Shuriken":[1],"Nloth\u0027s Gift":1,"Cursed Key":1,"obtain_stats":[{"Golden Idol":4,"Ornamental Fan":14,"Shuriken":26,"SacredBark":0,"Nloth\u0027s Gift":21,"Cracked Core":0,"Cursed Key":17,"Akabeko":9},{"Golden Idol":1,"Ornamental Fan":5,"Shuriken":10,"SacredBark":0,"Nloth\u0027s Gift":8,"Cracked Core":0,"Cursed Key":6,"Akabeko":3},{"Golden Idol":2,"Ornamental Fan":22,"Shuriken":60,"SacredBark":0,"Nloth\u0027s Gift":47,"Cracked Core":0,"Cursed Key":32,"Akabeko":10}]},"card_choices":[{"not_picked":["Stack","Capacitor"],"picked":"Leap","floor":1},{"not_picked":["Aggregate","Static Discharge"],"picked":"Coolheaded","floor":7},{"not_picked":["Lockon","Go for the Eyes"],"picked":"Glacier","floor":8},{"not_picked":["Recycle","Conserve Battery"],"picked":"Chill","floor":11},{"not_picked":["Heatsinks","Melter"],"picked":"Barrage","floor":14},{"not_picked":["Core Surge","Creative AI"],"picked":"Biased Cognition","floor":16},{"not_picked":["Gash","Consume","Go for the Eyes"],"picked":"SKIP","floor":18},{"not_picked":["Leap","Go for the Eyes"],"picked":"Aggregate","floor":20},{"not_picked":["Redo","Thunder Strike"],"picked":"Cold Snap","floor":22},{"not_picked":["Steam","Gash","Streamline"],"picked":"SKIP","floor":24},{"not_picked":["Streamline+1","Beam Cell","Redo"],"picked":"SKIP","floor":30}],"player_experience":2452288,"relics_obtained":[{"floor":9,"key":"Akabeko"},{"floor":14,"key":"Ornamental Fan"},{"floor":26,"key":"Shuriken"}],"event_choices":[{"damage_healed":0,"gold_gain":0,"cards_transformed":["Strike_B"],"player_choice":"Change","damage_taken":0,"max_hp_gain":0,"max_hp_loss":0,"event_name":"Living Wall","floor":2,"gold_loss":0,"cards_obtained":["Conserve Battery"]},{"damage_healed":0,"gold_gain":0,"player_choice":"Lose Max HP","damage_taken":0,"relics_obtained":["Golden Idol"],"max_hp_gain":0,"max_hp_loss":7,"event_name":"Golden Idol","floor":4,"gold_loss":0},{"damage_healed":0,"gold_gain":0,"player_choice":"Full Heal","damage_taken":0,"max_hp_gain":0,"max_hp_loss":0,"event_name":"Wheel of Change","floor":5,"gold_loss":0},{"damage_healed":0,"gold_gain":0,"cards_transformed":["Strike_B"],"player_choice":"Transformed","damage_taken":0,"max_hp_gain":0,"max_hp_loss":0,"event_name":"Transmorgrifier","floor":12,"gold_loss":0,"cards_obtained":["Lockon"]},{"cards_removed":["Strike_B"],"damage_healed":0,"gold_gain":0,"player_choice":"Offered Basic","damage_taken":0,"max_hp_gain":0,"max_hp_loss":0,"event_name":"Bonfire Elementals","floor":19,"gold_loss":0},{"damage_healed":0,"gold_gain":0,"player_choice":"Traded Relic","damage_taken":0,"relics_obtained":["Nloth\u0027s Gift"],"max_hp_gain":0,"max_hp_loss":0,"event_name":"N\u0027loth","floor":21,"relics_lost":["SacredBark"],"gold_loss":0},{"damage_healed":0,"gold_gain":0,"player_choice":"Became a Ghost","damage_taken":0,"max_hp_gain":0,"max_hp_loss":32,"event_name":"Ghosts","floor":25,"gold_loss":0,"cards_obtained":["Ghostly","Ghostly","Ghostly"]},{"damage_healed":0,"gold_gain":0,"player_choice":"Ignored","damage_taken":0,"max_hp_gain":0,"max_hp_loss":0,"event_name":"Vampires","floor":28,"gold_loss":0},{"cards_removed":["Defend_B"],"damage_healed":0,"gold_gain":0,"player_choice":"Gave Gold","damage_taken":0,"max_hp_gain":0,"max_hp_loss":0,"event_name":"Beggar","floor":31,"gold_loss":75}],"is_beta":false,"boss_relics":[{"not_picked":["Busted Crown","Coffee Dripper"],"picked":"Cursed Key"}],"items_purged_floors":[],"is_endless":false,"potions_floor_spawned":[7,14,20],"killed_by":"Collector","ascension_level":20}}