{"host":"1q1wpq6df472foxy","time":1609648767,"event":{"mods":["BaseMod","DeckTracker","Highlight Path","Minty Spire (QoL Compilation)","Quick Restart","StSLib","SuperFastMode"],"gold_per_floor":[119,133,152,152,171,205,205,233,233,233,265,265,280,309,309,414,464,482,482,482,497,207,207,207],"floor_reached":23,"playtime":716,"items_purged":["Strike_R"],"score":339,"play_id":"55c82b1c-83e0-40dc-90dd-45204497c9da","local_time":"20210103133927","is_ascension_mode":true,"campfire_choices":[{"floor":7,"key":"RECALL"},{"floor":10,"key":"REST"},{"floor":15,"key":"REST"}],"circlet_count":0,"master_deck":["AscendersBane","Strike_R","Strike_R","Strike_R","Strike_R","Defend_R","Defend_R","Defend_R","Defend_R","Armaments","Metallicize","Bash+1","Demon Form","Whirlwind","Mayhem","Metallicize"],"relics":["Velvet Choker","Smiling Mask","Bottled Lightning","Girya","FossilizedHelix","Tiny House"],"acts_visited":["Exordium","TheCity"],"potions_floor_usage":[8,16,23],"damage_taken":[{"damage":0,"enemies":"Cultist","floor":1,"turns":2},{"damage":0,"enemies":"Small Slimes","floor":2,"turns":3},{"damage":2,"enemies":"Jaw Worm","floor":3,"turns":4},{"damage":0,"enemies":"Exordium Wildlife","floor":5,"turns":4},{"damage":13,"enemies":"3 Sentries","floor":6,"turns":12},{"damage":12,"enemies":"Lagavulin","floor":8,"turns":10},{"damage":25,"enemies":"Gremlin Nob","floor":11,"turns":5},{"damage":4,"enemies":"Red Slaver","floor":13,"turns":4},{"damage":16,"enemies":"Lagavulin","floor":14,"turns":6},{"damage":19,"enemies":"Slime Boss","floor":16,"turns":8},{"damage":19,"enemies":"Chosen","floor":18,"turns":5},{"damage":22,"enemies":"Shell Parasite","floor":21,"turns":5},{"damage":69,"enemies":"Slavers","floor":23,"turns":4}],"seed_played":"7527093690895977462","potions_obtained":[{"floor":3,"key":"Swift Potion"},{"floor":5,"key":"LiquidMemories"},{"floor":13,"key":"Regen Potion"},{"floor":16,"key":"PowerPotion"}],"is_trial":false,"path_per_floor":["M","M","M","?","M","E","R","E","T","R","E","?","M","E","R","B",null,"M","?","?","M","$","E"],"character_chosen":"IRONCLAD","items_purchased":["Mayhem","Metallicize"],"campfire_rested":2,"item_purchase_floors":[22,22],"current_hp_per_floor":[72,72,70,70,70,57,57,45,45,69,44,44,40,24,48,44,76,57,85,85,63,63,0,0],"gold":207,"neow_bonus":"BOSS_RELIC","is_daily":false,"chose_seed":false,"campfire_upgraded":0,"win_rate":0.0,"timestamp":1609648767,"path_taken":["M","?","M","?","M","E","R","E","T","R","E","?","?","E","R","BOSS","M","?","?","M","$","E"],"items_purchased_type":["Card","Card"],"build_version":"2020-12-22","purchased_purges":1,"victory":false,"max_hp_per_floor":[80,80,80,80,80,80,80,80,80,80,80,80,80,80,80,80,85,85,85,85,85,85,85,85],"card_choices":[{"not_picked":["Clothesline","Anger"],"picked":"Armaments","floor":1},{"not_picked":["Disarm","Carnage","Warcry"],"picked":"SKIP","floor":2},{"not_picked":["True Grit","Rampage"],"picked":"Metallicize","floor":3},{"not_picked":["Hemokinesis","Wild Strike","Anger"],"picked":"SKIP","floor":5},{"not_picked":["Heavy Blade","Flame Barrier","Berserk"],"picked":"SKIP","floor":6},{"not_picked":["Heavy Blade","Flame Barrier","Berserk"],"picked":"SKIP","floor":6},{"not_picked":["Flex","Clothesline","Iron Wave"],"picked":"SKIP","floor":8},{"not_picked":["Havoc","Headbutt","Wild Strike"],"picked":"SKIP","floor":11},{"not_picked":["Cleave","True Grit"],"picked":"Demon Form","floor":13},{"not_picked":["Clash","Rampage","Disarm"],"picked":"SKIP","floor":14},{"not_picked":["Carnage+1","Clothesline","Rampage"],"picked":"SKIP","floor":18},{"not_picked":["Heavy Blade","Headbutt+1"],"picked":"Whirlwind","floor":21}],"player_experience":374310,"relics_obtained":[{"floor":6,"key":"Smiling Mask"},{"floor":8,"key":"Bottled Lightning"},{"floor":11,"key":"Girya"},{"floor":14,"key":"FossilizedHelix"}],"event_choices":[{"damage_healed":0,"gold_gain":0,"player_choice":"Ignored","damage_taken":0,"max_hp_gain":0,"max_hp_loss":0,"event_name":"Liars Game","floor":4,"gold_loss":0},{"damage_healed":0,"gold_gain":0,"player_choice":"1 cards matched","damage_taken":0,"max_hp_gain":0,"max_hp_loss":0,"event_name":"Match and Keep!","floor":12,"gold_loss":0,"cards_obtained":["Bash"]},{"damage_healed":28,"gold_gain":0,"player_choice":"Heal","damage_taken":0,"max_hp_gain":0,"max_hp_loss":0,"event_name":"The Library","floor":19,"gold_loss":0},{"cards_removed":["Bash"],"damage_healed":0,"gold_gain":0,"player_choice":"Offered Basic","damage_taken":0,"max_hp_gain":0,"max_hp_loss":0,"event_name":"Bonfire Elementals","floor":20,"gold_loss":0}],"is_beta":false,"boss_relics":[{"not_picked":["Calling Bell","SacredBark"],"picked":"Tiny House"}],"items_purged_floors":[22],"is_endless":false,"potions_floor_spawned":[3,5,6,13,16],"killed_by":"Slavers","ascension_level":11}}