{"host":"g01l53quoe6lrer0","time":1609694900,"event":{"mods":["2.2 Compatiblity","AchievementEnabler","BaseMod","Colored Map","Highlight Path","Keyboard Shortcuts","Minty Spire (QoL Compilation)","Permanent Neow","Quick Restart","StSLib","SuperFastMode","everything is the same but u backflip on backflip"],"gold_per_floor":[362,372,158,158,170,196,196,216,216,229,244,244,244,270,270,375,375,345,345,357,376,376,376],"floor_reached":22,"playtime":849,"items_purged":["Strike_B"],"score":245,"play_id":"a7b9d8cf-f835-4bf9-842a-db206409433d","local_time":"20210104022820","is_ascension_mode":true,"campfire_choices":[{"data":"Zap","floor":7.0,"key":"SMITH"},{"floor":12.0,"key":"REST"},{"data":"Go for the Eyes","floor":15.0,"key":"SMITH"}],"circlet_count":0,"master_deck":["Strike_B","Strike_B","Defend_B","Defend_B","Defend_B","Defend_B","Zap+1","Dualcast+1","Turbo","Leap","All For One","Gash","Reboot","Hologram","Beam Cell","Beam Cell","Go for the Eyes+1","Reboot","CurseOfTheBell","Streamline+1"],"relics":["Cracked Core","Nunchaku","The Courier","Lizard Tail","Calling Bell","Dream Catcher","Singing Bowl","WingedGreaves"],"acts_visited":["Exordium","TheCity"],"potions_floor_usage":[],"damage_taken":[{"damage":0.0,"enemies":"Cultist","floor":1.0,"turns":3.0},{"damage":6.0,"enemies":"2 Louse","floor":2.0,"turns":3.0},{"damage":2.0,"enemies":"Jaw Worm","floor":5.0,"turns":3.0},{"damage":21.0,"enemies":"Gremlin Nob","floor":6.0,"turns":5.0},{"damage":3.0,"enemies":"Blue Slaver","floor":8.0,"turns":4.0},{"damage":2.0,"enemies":"Exordium Thugs","floor":10.0,"turns":4.0},{"damage":0.0,"enemies":"Gremlin Gang","floor":11.0,"turns":3.0},{"damage":0.0,"enemies":"3 Sentries","floor":14.0,"turns":3.0},{"damage":25.0,"enemies":"Slime Boss","floor":16.0,"turns":5.0},{"damage":29,"enemies":"2 Thieves","floor":18,"turns":5},{"damage":28,"enemies":"Shell Parasite","floor":20,"turns":7},{"damage":28,"enemies":"Snake Plant","floor":21,"turns":3},{"damage":38,"enemies":"Chosen and Byrds","floor":22,"turns":6}],"seed_played":"-977374477481623660","potions_obtained":[{"floor":1.0,"key":"DuplicationPotion"},{"floor":10.0,"key":"DuplicationPotion"},{"floor":11.0,"key":"Strength Potion"}],"is_trial":false,"path_per_floor":["M","M","$","?","M","E","R","M","T","M","M","R","?","E","R","B",null,"M","?","M","M","M"],"character_chosen":"DEFECT","items_purchased":["All For One"],"campfire_rested":1,"item_purchase_floors":[3],"current_hp_per_floor":[54,48,48,48,46,25,25,22,22,20,20,42,42,42,42,17,75,48,48,22,33,0,0],"gold":376,"neow_bonus":"TWO_FIFTY_GOLD","is_daily":false,"chose_seed":false,"campfire_upgraded":2,"win_rate":0.0,"timestamp":1609694900,"path_taken":["M","M","$","?","M","E","R","M","T","?","?","R","?","E","R","BOSS","M","?","?","?","M"],"items_purchased_type":["Card"],"build_version":"2020-12-22","purchased_purges":1,"victory":false,"max_hp_per_floor":[75,75,75,75,75,75,75,75,75,75,75,75,75,75,75,75,75,77,77,79,79,79,79],"card_choices":[{"not_picked":["Self Repair","Loop"],"picked":"Turbo","floor":1.0},{"not_picked":["Stack","Go for the Eyes"],"picked":"Leap","floor":2.0},{"not_picked":["Force Field","Leap"],"picked":"Gash","floor":5.0},{"not_picked":["Compile Driver","Redo"],"picked":"Reboot","floor":6.0},{"not_picked":["Lockon","Stack","Hologram"],"picked":"SKIP","floor":8.0},{"not_picked":["Lockon","Stack"],"picked":"Hologram","floor":8.0},{"not_picked":["Hologram","Steam"],"picked":"Beam Cell","floor":10.0},{"not_picked":["Reprogram","Storm"],"picked":"Beam Cell","floor":11.0},{"not_picked":["Chill","Meteor Strike"],"picked":"Go for the Eyes","floor":14.0},{"not_picked":["Creative AI","Multi-Cast"],"picked":"Reboot","floor":16.0},{"not_picked":["Ball Lightning","Loop+1","Static Discharge+1"],"picked":"Singing Bowl","floor":18},{"not_picked":["Storm","Rip and Tear","Streamline"],"picked":"Singing Bowl","floor":20},{"not_picked":["Chill","Reboot"],"picked":"Streamline+1","floor":21}],"player_experience":54271,"relics_obtained":[{"floor":6.0,"key":"Nunchaku"},{"floor":9.0,"key":"The Courier"},{"floor":14.0,"key":"Lizard Tail"},{"floor":17.0,"key":"Dream Catcher"},{"floor":17.0,"key":"Singing Bowl"},{"floor":17.0,"key":"WingedGreaves"}],"event_choices":[{"cards_removed":["Strike_B"],"damage_healed":0.0,"max_hp_gain":0.0,"max_hp_loss":0.0,"gold_gain":0.0,"event_name":"Purifier","player_choice":"Purged","floor":4.0,"gold_loss":0.0,"damage_taken":0.0},{"damage_healed":0.0,"max_hp_gain":0.0,"max_hp_loss":0.0,"gold_gain":0.0,"event_name":"Accursed Blacksmith","player_choice":"Forge","floor":13.0,"gold_loss":0.0,"damage_taken":0.0,"cards_upgraded":["Dualcast"]},{"damage_healed":0,"gold_gain":0,"player_choice":"Ignored","damage_taken":0,"max_hp_gain":0,"max_hp_loss":0,"event_name":"N\u0027loth","floor":19,"gold_loss":0}],"is_beta":false,"boss_relics":[{"not_picked":["Runic Pyramid","Cursed Key"],"picked":"Calling Bell"}],"items_purged_floors":[3],"is_endless":false,"potions_floor_spawned":[1,10,11],"killed_by":"Chosen and Byrds","ascension_level":2}}