{"host":"kpklgwyuz86bov3e","time":1609712549,"event":{"mods":["Aspiration","BaseMod","Better Third Choice","BetterRewards","Colored Map","Colored Powertips","Conspire","Energized Spire","GifTheSpireLib","Halation","Highlight Path","Hubris","Infinite Spire","Jedi Mod","Melee Mod","Minty Spire (QoL Compilation)","Permanent Neow","Relic Sorter","Replay The Spire","Shop Mod","Spicy Shops","Spikes Relics","StSLib","Stuff the Spire","The Blue Laboratory","The Construct","The Jungle","Waifu the Spire","slay the spire mod where everything is the same but ironclad has a cowboy hat","vexMod"],"gold_per_floor":[112,212,232,46,59,59,78,97,97,124,150,35,70,127,127,223,223,233,20,20,20,34,65,78,88,88,88,105,105,124,141,141,141,141],"floor_reached":33,"playtime":3591,"items_purged":["meleeMod_Jab"],"score":304,"play_id":"e0497198-013d-43a4-b281-f789ef2550b3","local_time":"20210103172229","is_ascension_mode":false,"campfire_choices":[{"data":"meleeMod_DashDance","floor":6.0,"key":"SMITH"},{"data":"meleeMod_Jab","floor":15.0,"key":"PURGE"},{"floor":29,"key":"REST"},{"data":"meleeMod_EdgeGuard","floor":32,"key":"SMITH"}],"circlet_count":0,"master_deck":["meleeMod_Jab","meleeMod_Jab","meleeMod_Shield","meleeMod_Shield","meleeMod_Shield+1","meleeMod_Shield","meleeMod_NeutralAir","meleeMod_BackAir","meleeMod_RaptorBoost","meleeMod_SweetSpot","meleeMod_DashDance+1","meleeMod_RockCrock","meleeMod_CommandGrab+1","meleeMod_UpSmash+1","meleeMod_BlueFalcon+1","meleeMod_NeutralAir+1","meleeMod_AmsahTech","meleeMod_RaptorBoost+1","meleeMod_AirDodge","Shame","StuffTheSpire:BrainWave","meleeMod_EdgeGuard+1","meleeMod_BackAir+1","meleeMod_DropZone+1"],"relics":["meleeMod_LosersMang0","theJungle:SneckoAutograph","aspiration:DSix","Vajra","Odd Mushroom","Molten Egg 2","War Paint","aspiration:SecretTechniqueScroll","Ornamental Fan","Bag of Marbles","StuffTheSpire:HeavyRock"],"acts_visited":["Exordium","Exordium"],"potions_floor_usage":[31],"damage_taken":[{"damage":0.0,"enemies":"Small Slimes","floor":1.0,"turns":3.0},{"damage":0.0,"enemies":"Jaw Worm","floor":3.0,"turns":3.0},{"damage":2.0,"enemies":"conspire:RoseBush","floor":5.0,"turns":3.0},{"damage":0.0,"enemies":"3 Louse","floor":7.0,"turns":4.0},{"damage":7.0,"enemies":"conspire:2 RoseBushes","floor":8.0,"turns":3.0},{"damage":6.0,"enemies":"The Mushroom Lair","floor":10.0,"turns":4.0},{"damage":21.0,"enemies":"Lagavulin","floor":11.0,"turns":6.0},{"damage":0.0,"enemies":"3 Sentries","floor":13.0,"turns":2.0},{"damage":16.0,"enemies":"Gremlin Nob","floor":14.0,"turns":3.0},{"damage":14.0,"enemies":"Hexaghost","floor":16.0,"turns":6.0},{"damage":9.0,"enemies":"theJungle:GiantWrat","floor":18.0,"turns":3.0},{"damage":13.0,"enemies":"theJungle:5_Spyders","floor":22.0,"turns":6.0},{"damage":22.0,"enemies":"theJungle:MamaSnecko","floor":23.0,"turns":4.0},{"damage":14,"enemies":"theJungle:Lyon","floor":24,"turns":3},{"damage":3,"enemies":"theJungle:Snecko_Cultist_And_Trap","floor":25,"turns":4},{"damage":21,"enemies":"theJungle:2_Flameangoes","floor":28,"turns":3},{"damage":0,"enemies":"theJungle:SlimyTreeVines","floor":30,"turns":2},{"damage":0,"enemies":"theJungle:JungleHuntersEncounter","floor":31,"turns":4},{"damage":33,"enemies":"theJungle:TotemBoss","floor":33,"turns":3}],"seed_played":"-6633877598391135785","potions_obtained":[{"floor":7.0,"key":"Flashbang"},{"floor":11.0,"key":"Venom Potion"},{"floor":13.0,"key":"blueLaboratory:BottledHope"},{"floor":23.0,"key":"Dexterity Potion"},{"floor":25,"key":"SmokeBomb"},{"floor":28,"key":"DuplicationPotion"}],"is_trial":false,"path_per_floor":["M","?","M","$","M","R","M","M","T","?","E","$","E","?","R_BF","B",null,"M","$","?","?","M","E","M","M","T","$","M","R","M","M","R","B"],"character_chosen":"FALCON","items_purchased":["Vajra","meleeMod_DashDance","meleeMod_BlueFalcon+1","meleeMod_AirDodge"],"campfire_rested":1,"item_purchase_floors":[4,4,12,19],"current_hp_per_floor":[85,85,85,85,83,83,83,76,76,70,49,49,49,33,33,19,85,76,76,76,76,63,41,27,24,24,24,3,28,28,28,28,0,0],"gold":141,"neow_bonus":"DSIX","is_daily":false,"chose_seed":false,"campfire_upgraded":2,"win_rate":0.0,"timestamp":1609712549,"path_taken":["M","?","?","$","M","R","M","M","T","?","E","$","E","?","R_BF","BOSS","M","$","?","?","?","E","M","M","T","$","M","R","M","M","R","BOSS"],"items_purchased_type":["Relic","Card","Card","Card"],"build_version":"2020-12-22","purchased_purges":1,"victory":false,"max_hp_per_floor":[85,85,85,85,85,85,85,85,85,85,85,85,85,85,85,85,85,85,85,85,85,85,85,85,85,85,85,85,85,85,85,85,85,85],"card_choices":[{"not_picked":["meleeMod_FalconDive","meleeMod_GetUpAttack"],"picked":"meleeMod_RaptorBoost","floor":1.0},{"not_picked":["meleeMod_DIMixUp","meleeMod_UpAir"],"picked":"meleeMod_SweetSpot","floor":3.0},{"not_picked":["meleeMod_CommandGrab","meleeMod_SoftKnee"],"picked":"meleeMod_RockCrock","floor":5.0},{"not_picked":["meleeMod_FalconKick","meleeMod_DIMixUp","meleeMod_ShieldDrop"],"picked":"SKIP","floor":7.0},{"not_picked":["meleeMod_Fishing","meleeMod_MindReader"],"picked":"meleeMod_CommandGrab","floor":8.0},{"not_picked":["meleeMod_SoftKnee+1","meleeMod_CommandGrab"],"picked":"meleeMod_UpSmash+1","floor":11.0},{"not_picked":["meleeMod_L_Cancel","meleeMod_Gentleman+1"],"picked":"meleeMod_NeutralAir+1","floor":13.0},{"not_picked":["meleeMod_LoseStock","meleeMod_EdgeGuard"],"picked":"meleeMod_AmsahTech","floor":16.0},{"not_picked":["meleeMod_SoftKnee+1","meleeMod_UnclePunch"],"picked":"meleeMod_RaptorBoost+1","floor":18.0},{"not_picked":["StuffTheSpire:Brawn","StuffTheSpire:Vigor"],"picked":"StuffTheSpire:BrainWave","floor":21.0},{"not_picked":["meleeMod_WaveLand","meleeMod_NoDI","meleeMod_AirDodge+1"],"picked":"SKIP","floor":22.0},{"not_picked":["meleeMod_UpAir+1","meleeMod_FalconKick+1"],"picked":"meleeMod_EdgeGuard","floor":23.0},{"not_picked":["meleeMod_ShieldPoke+1","meleeMod_WaveLand"],"picked":"meleeMod_BackAir+1","floor":24},{"not_picked":["meleeMod_CrouchCancel","meleeMod_UnclePunch","meleeMod_NeutralAir+1"],"picked":"SKIP","floor":25},{"not_picked":["meleeMod_UpAir+1","meleeMod_NoDI"],"picked":"meleeMod_DropZone+1","floor":28},{"not_picked":["meleeMod_ShieldPoke+1","meleeMod_Roll","meleeMod_DashDance+1"],"picked":"SKIP","floor":30},{"not_picked":["meleeMod_SweetSpot+1","meleeMod_SuperSpicyCurry","meleeMod_UpSmash+1"],"picked":"SKIP","floor":31}],"player_experience":366381,"relics_obtained":[{"floor":10.0,"key":"Odd Mushroom"},{"floor":11.0,"key":"Molten Egg 2"},{"floor":13.0,"key":"Replay:Rubber Ducky"},{"floor":14.0,"key":"War Paint"},{"floor":23.0,"key":"Ornamental Fan"},{"floor":26,"key":"Bag of Marbles"}],"event_choices":[{"damage_healed":0.0,"max_hp_gain":0.0,"max_hp_loss":0.0,"gold_gain":100.0,"event_name":"Wheel of Change","player_choice":"Gold","floor":2.0,"gold_loss":0.0,"damage_taken":0.0},{"damage_healed":0.0,"max_hp_gain":0.0,"max_hp_loss":0.0,"gold_gain":0.0,"event_name":"Mushrooms","player_choice":"Fought Mushrooms","floor":10.0,"gold_loss":0.0,"damage_taken":0.0},{"damage_healed":0.0,"max_hp_gain":0.0,"max_hp_loss":0.0,"gold_gain":0.0,"event_name":"Dead Adventurer","player_choice":"Searched \u00272\u0027 times","floor":14.0,"gold_loss":0.0,"damage_taken":0.0}],"is_beta":false,"boss_relics":[{"not_picked":["aspiration:RitualDagger","energizedSpire:HugeHouse"],"picked":"aspiration:SecretTechniqueScroll"}],"items_purged_floors":[19],"is_endless":false,"potions_floor_spawned":[7,11,13,23,25,28,30],"killed_by":"theJungle:TotemBoss","ascension_level":0}}