{"host":"obbn5gje3893ci3z","time":1609672068,"event":{"mods":["BaseMod","Colored Powertips","Minty Spire (QoL Compilation)","The Servant 0.9.4"],"gold_per_floor":[110,123,48,48,62,96,96,124,147,166,180,180,180,4,4,134,134,153,193,193,193,68,68,107,121,121,135,159,9,9,47,47,167,167,182,195,20,78,141,176,176,196,247,47,71,86,86,119,119,119],"floor_reached":51,"playtime":3504,"items_purged":["Strike_S","Injury","Defend_S","Strike_S","Defend_S","Defend_S+1"],"score":936,"play_id":"aa616910-4e60-4abb-9661-489864d804f5","local_time":"20210103190748","is_ascension_mode":true,"campfire_choices":[{"data":"ShatteredReality","floor":7.0,"key":"SMITH"},{"data":"TimeWarp","floor":12.0,"key":"SMITH"},{"data":"Comet","floor":15.0,"key":"SMITH"},{"data":"Rewind","floor":23.0,"key":"SMITH"},{"data":"Dilation","floor":30.0,"key":"SMITH"},{"data":"ShatteredReality","floor":32.0,"key":"SMITH"},{"data":"SoulSculpture","floor":41,"key":"SMITH"},{"data":"MurderousAura","floor":47,"key":"SMITH"},{"floor":49,"key":"REST"}],"circlet_count":0,"master_deck":["KidneyShot","Exchange+1","Potential+1","TimeWarp+1","ShatteredReality+1","MurderousAura+1","Comet+1","SoulSculpture+1","Rewind+1","Dilation+1","Replace+1","ShatteredReality+1","Comet+1"],"relics":["Uniform","NeowsBlessing","Happy Flower","Centennial Puzzle","Bag of Preparation","Golden Idol","Empty Cage","Red Mask","Orichalcum","Regal Pillow","Bottled Lightning","Meat on the Bone","Black Star","Bird Faced Urn","CaptainsWheel","Unceasing Top","Gambling Chip","War Paint","Lantern","Frozen Egg 2"],"acts_visited":["Exordium","TheCity","TheBeyond"],"potions_floor_usage":[38],"damage_taken":[{"damage":0.0,"enemies":"Small Slimes","floor":1.0,"turns":2.0},{"damage":0.0,"enemies":"Cultist","floor":2.0,"turns":1.0},{"damage":0.0,"enemies":"2 Louse","floor":5.0,"turns":1.0},{"damage":18.0,"enemies":"Gremlin Nob","floor":6.0,"turns":4.0},{"damage":21.0,"enemies":"Lagavulin","floor":8.0,"turns":8.0},{"damage":0.0,"enemies":"Exordium Wildlife","floor":10.0,"turns":2.0},{"damage":5.0,"enemies":"2 Fungi Beasts","floor":11.0,"turns":2.0},{"damage":2.0,"enemies":"Hexaghost","floor":16.0,"turns":5.0},{"damage":3.0,"enemies":"Chosen","floor":18.0,"turns":2.0},{"damage":1.0,"enemies":"Masked Bandits","floor":19.0,"turns":2.0},{"damage":0.0,"enemies":"Gremlin Leader","floor":24.0,"turns":2.0},{"damage":0.0,"enemies":"Spheric Guardian","floor":25.0,"turns":2.0},{"damage":0.0,"enemies":"Chosen and Byrds","floor":27.0,"turns":3.0},{"damage":0.0,"enemies":"Centurion and Healer","floor":28.0,"turns":3.0},{"damage":0.0,"enemies":"Book of Stabbing","floor":31.0,"turns":4.0},{"damage":15.0,"enemies":"Collector","floor":33.0,"turns":4.0},{"damage":0.0,"enemies":"Orb Walker","floor":35.0,"turns":2.0},{"damage":4.0,"enemies":"3 Shapes","floor":36.0,"turns":1.0},{"damage":0,"enemies":"2 Orb Walkers","floor":38,"turns":3},{"damage":0,"enemies":"Mind Bloom Boss Battle","floor":39,"turns":4},{"damage":0,"enemies":"Reptomancer","floor":40,"turns":4},{"damage":0,"enemies":"Jaw Worm Horde","floor":42,"turns":1},{"damage":0,"enemies":"Maw","floor":45,"turns":3},{"damage":8,"enemies":"4 Shapes","floor":46,"turns":1},{"damage":0,"enemies":"Giant Head","floor":48,"turns":3},{"damage":6,"enemies":"Donu and Deca","floor":50,"turns":4}],"seed_played":"-8522424781373788163","potions_obtained":[{"floor":6.0,"key":"BlessingOfTheForge"},{"floor":8.0,"key":"Strength Potion"},{"floor":10.0,"key":"LiquidMemories"},{"floor":39,"key":"SpeedPotion"},{"floor":46,"key":"GamblersBrew"}],"is_trial":false,"path_per_floor":["M","M","$","?","M","E","R","E","T","M","M","R","?","$","R","B",null,"M","?","?","?","$","R","E","M","T","M","M","$","R","E","R","B",null,"M","M","$","?","?","E","R","M","T","$","M","M","R","E","R","B",null],"character_chosen":"THE_SERVANT","items_purchased":["Comet"],"campfire_rested":1,"item_purchase_floors":[14],"current_hp_per_floor":[65,65,65,65,65,47,47,26,26,26,21,21,21,21,21,19,65,62,61,61,61,61,61,61,61,61,61,61,61,61,61,61,46,65,65,61,61,61,63,65,65,65,65,65,65,57,57,59,65,59],"gold":119,"neow_bonus":"THREE_ENEMY_KILL","is_daily":false,"chose_seed":false,"campfire_upgraded":8,"win_rate":0.0,"timestamp":1609672068,"path_taken":["M","M","$","?","?","E","R","E","T","M","M","R","?","?","R","BOSS","M","?","?","?","$","R","E","M","T","?","M","$","R","E","R","BOSS","M","M","$","?","?","E","R","M","T","$","M","M","R","E","R","BOSS"],"items_purchased_type":["Card"],"build_version":"2020-12-22","purchased_purges":6,"victory":true,"max_hp_per_floor":[65,65,65,65,65,65,65,65,65,65,65,65,65,65,65,65,65,65,65,65,65,65,65,65,65,65,65,65,65,65,65,65,65,65,65,65,65,65,65,65,65,65,65,65,65,65,65,65,65,65],"card_choices":[{"not_picked":["FastForward","Revamp"],"picked":"Potential","floor":1.0},{"not_picked":["Unruled","FanOfKnives"],"picked":"TimeWarp","floor":2.0},{"not_picked":["ShiftingGears","DualDimension"],"picked":"ShatteredReality","floor":5.0},{"not_picked":["Ricochet","KillingDoll","Unruled"],"picked":"SKIP","floor":6.0},{"not_picked":["Alleviate","Sabotage"],"picked":"MurderousAura","floor":8.0},{"not_picked":["Collapse","FastForward","DoubleEdge"],"picked":"SKIP","floor":10.0},{"not_picked":["Defy","FastForward","Collapse"],"picked":"SKIP","floor":11.0},{"not_picked":["Embodiment","Sunlight"],"picked":"SoulSculpture","floor":16.0},{"not_picked":["SpecialFormula","Alleviate"],"picked":"Rewind","floor":18.0},{"not_picked":["Unruled","Spin"],"picked":"Dilation","floor":24.0},{"not_picked":["BottledTime+1","Defy+1","Gouge+1"],"picked":"SKIP","floor":25.0},{"not_picked":["BottledTime","Rearm+1","MoonPhase+1"],"picked":"SKIP","floor":27.0},{"not_picked":["DoubleEdge","Barrier"],"picked":"Replace+1","floor":28.0},{"not_picked":["Alleviate","Ricochet+1"],"picked":"ShatteredReality","floor":31.0},{"not_picked":["DoubleEdge","Defy+1","Potential"],"picked":"SKIP","floor":35.0},{"not_picked":["TimeWarp+1","Potential+1","ShatteredReality"],"picked":"SKIP","floor":36.0},{"not_picked":["Ricochet+1","RealityMarble"],"picked":"Comet+1","floor":39},{"not_picked":["Starlight+1","Ricochet","Snipe"],"picked":"SKIP","floor":40},{"not_picked":["Starlight+1","Ricochet","Snipe"],"picked":"SKIP","floor":40},{"not_picked":["Potential+1","ShiftingGears","BottledTime+1"],"picked":"SKIP","floor":42},{"not_picked":["Hightail","Alleviate","RealityMarble"],"picked":"SKIP","floor":45},{"not_picked":["Desolation","BottledTime","TimeWarp+1"],"picked":"SKIP","floor":46},{"not_picked":["Starlight+1","MoonPhase+1","Embodiment+1"],"picked":"SKIP","floor":48}],"player_experience":40817,"relics_obtained":[{"floor":6.0,"key":"Happy Flower"},{"floor":8.0,"key":"Centennial Puzzle"},{"floor":9.0,"key":"Bag of Preparation"},{"floor":19.0,"key":"Red Mask"},{"floor":24.0,"key":"Regal Pillow"},{"floor":26.0,"key":"Bottled Lightning"},{"floor":31.0,"key":"Meat on the Bone"},{"floor":38,"key":"Bird Faced Urn"},{"floor":39,"key":"CaptainsWheel"},{"floor":40,"key":"Unceasing Top"},{"floor":40,"key":"Gambling Chip"},{"floor":43,"key":"War Paint"},{"floor":48,"key":"Lantern"},{"floor":48,"key":"Frozen Egg 2"}],"event_choices":[{"damage_healed":0.0,"max_hp_gain":0.0,"max_hp_loss":0.0,"gold_gain":0.0,"event_name":"Upgrade Shrine","player_choice":"Upgraded","floor":4.0,"gold_loss":0.0,"damage_taken":0.0,"cards_upgraded":["Potential"]},{"damage_healed":0.0,"max_hp_gain":0.0,"max_hp_loss":0.0,"gold_gain":0.0,"event_name":"Golden Idol","player_choice":"Take Wound","floor":13.0,"gold_loss":0.0,"damage_taken":0.0,"relics_obtained":["Golden Idol"],"cards_obtained":["Injury"]},{"damage_healed":0.0,"max_hp_gain":0.0,"max_hp_loss":0.0,"gold_gain":0.0,"event_name":"Masked Bandits","player_choice":"Fought Bandits","floor":19.0,"gold_loss":0.0,"damage_taken":0.0},{"damage_healed":0.0,"max_hp_gain":0.0,"max_hp_loss":0.0,"gold_gain":0.0,"event_name":"The Mausoleum","player_choice":"Opened","floor":20.0,"gold_loss":0.0,"damage_taken":0.0,"relics_obtained":["Orichalcum"]},{"cards_removed":["Strike_S"],"damage_healed":0.0,"max_hp_gain":0.0,"max_hp_loss":0.0,"gold_gain":0.0,"event_name":"Bonfire Elementals","player_choice":"Offered Basic","floor":21.0,"gold_loss":0.0,"damage_taken":0.0},{"damage_healed":0,"gold_gain":0,"player_choice":"Fight","damage_taken":0,"max_hp_gain":0,"max_hp_loss":0,"event_name":"Mysterious Sphere","floor":38,"gold_loss":0},{"damage_healed":0,"gold_gain":0,"player_choice":"Fight","damage_taken":0,"max_hp_gain":0,"max_hp_loss":0,"event_name":"MindBloom","floor":39,"gold_loss":0}],"is_beta":false,"boss_relics":[{"not_picked":["Sozu","Tiny House"],"picked":"Empty Cage"},{"not_picked":["SlaversCollar","Velvet Choker"],"picked":"Black Star"}],"items_purged_floors":[3,14,22,29,37,44],"is_endless":false,"potions_floor_spawned":[6,8,10,16,19,25,28,31,39,40,46],"ascension_level":2}}