{"host":"6pfj0wha12yu6wq3","time":1609705582,"event":{"mods":["BaseMod","Colored Map","Colored Powertips","Curses Come First","DeckTracker","Minty Spire (QoL Compilation)","RNG Fix","Relic Sorter","Relic Stats","StSLib","ojb\u0027s Better Paths Mod","ojb\u0027s Info Mod"],"gold_per_floor":[113,128,128,128,141,172,172,188,270,283,312,324,324,405,405,479,479,497,509,509,509,524,551,551,580,657,657,672,687,257,15,15,92,92,104,122,48,68,81,81,106,121,197,213,88,105,105,105,105,105,105,105,105,105,131,131],"floor_reached":57,"playtime":5073,"items_purged":["Bane","Endless Agony"],"score":3197,"play_id":"e30669cb-1164-4dff-af61-8ccffd0e262e","local_time":"20210103152622","is_ascension_mode":true,"campfire_choices":[{"data":"Wraith Form v2","floor":13,"key":"SMITH"},{"data":"Leg Sweep","floor":15,"key":"SMITH"},{"data":"Burst","floor":24,"key":"SMITH"},{"data":"Corpse Explosion","floor":27,"key":"SMITH"},{"data":"Acrobatics","floor":32,"key":"SMITH"},{"data":"Wraith Form v2","floor":40,"key":"SMITH"},{"floor":49,"key":"RECALL"},{"data":"Doppelganger","floor":53,"key":"SMITH"}],"circlet_count":0,"master_deck":["AscendersBane","Survivor","Neutralize","Dash","Poisoned Stab","Deadly Poison","Doppelganger+1","Acrobatics+1","Leg Sweep+1","Wraith Form v2+1","Dash","Corpse Explosion+1","Reflex","Glass Knife","Venomology","Underhanded Strike","Endless Agony","Burst+1","Terror","Backflip","RitualDagger","Dash","Leg Sweep","PiercingWail","Leg Sweep","Tools of the Trade","Wraith Form v2+1","Acrobatics","Reflex","Bullet Time","Catalyst+1","Envenom","Blade Dance","PiercingWail","Underhanded Strike+1","Backflip"],"relics":["Coffee Dripper","Sundial","Girya","FossilizedHelix","Gremlin Horn","Pandora\u0027s Box","TungstenRod","Regal Pillow","Kunai","Lee\u0027s Waffle","Snecko Eye","Bronze Scales","Ninja Scroll","Akabeko"],"acts_visited":["Exordium","TheCity","TheBeyond","TheEnding"],"potions_floor_usage":[6,8,16,16,19,19,22,23,23,28,29,33,33,35,35,38,39,41,41,42,44],"damage_taken":[{"damage":4,"enemies":"2 Louse","floor":1,"turns":3},{"damage":1,"enemies":"Cultist","floor":2,"turns":4},{"damage":7,"enemies":"Small Slimes","floor":5,"turns":4},{"damage":15,"enemies":"Gremlin Nob","floor":6,"turns":4},{"damage":10,"enemies":"Gremlin Gang","floor":8,"turns":3},{"damage":0,"enemies":"2 Fungi Beasts","floor":10,"turns":3},{"damage":15,"enemies":"3 Sentries","floor":11,"turns":9},{"damage":0,"enemies":"Red Slaver","floor":12,"turns":3},{"damage":0,"enemies":"The Guardian","floor":16,"turns":10},{"damage":9,"enemies":"Spheric Guardian","floor":18,"turns":5},{"damage":7,"enemies":"3 Byrds","floor":19,"turns":4},{"damage":0,"enemies":"Cultist and Chosen","floor":22,"turns":3},{"damage":0,"enemies":"Gremlin Leader","floor":23,"turns":7},{"damage":8,"enemies":"Slavers","floor":25,"turns":5},{"damage":6,"enemies":"Shelled Parasite and Fungi","floor":28,"turns":7},{"damage":0,"enemies":"Centurion and Healer","floor":29,"turns":5},{"damage":1,"enemies":"Champ","floor":33,"turns":13},{"damage":0,"enemies":"3 Shapes","floor":35,"turns":5},{"damage":0,"enemies":"Orb Walker","floor":36,"turns":3},{"damage":10,"enemies":"Sphere and 2 Shapes","floor":38,"turns":6},{"damage":0,"enemies":"Writhing Mass","floor":39,"turns":5},{"damage":0,"enemies":"Giant Head","floor":41,"turns":7},{"damage":0,"enemies":"Spire Growth","floor":42,"turns":4},{"damage":0,"enemies":"Transient","floor":44,"turns":6},{"damage":0,"enemies":"Sphere and 2 Shapes","floor":46,"turns":6},{"damage":0,"enemies":"Awakened One","floor":50,"turns":10},{"damage":0,"enemies":"Donu and Deca","floor":51,"turns":6},{"damage":0,"enemies":"Shield and Spear","floor":55,"turns":3},{"damage":0,"enemies":"The Heart","floor":56,"turns":9}],"seed_played":"4898771950504740885","potions_obtained":[{"floor":1,"key":"Ancient Potion"},{"floor":6,"key":"CunningPotion"},{"floor":11,"key":"BlessingOfTheForge"},{"floor":12,"key":"Explosive Potion"},{"floor":16,"key":"LiquidBronze"},{"floor":18,"key":"LiquidMemories"},{"floor":28,"key":"Fruit Juice"},{"floor":33,"key":"Block Potion"},{"floor":44,"key":"FairyPotion"}],"is_trial":false,"path_per_floor":["M","M","?","?","M","E","?","M","T","M","E","M","R","T","R","B",null,"M","M","?","?","M","E","R","E","T","R","M","M","$","$","R","B",null,"M","M","$","M","M","R","E","M","T","M","$","M","?","?","R","B","B",null,"R","$","E","B",null],"character_chosen":"THE_SILENT","items_purchased":["Leg Sweep","Kunai","Lee\u0027s Waffle","Tools of the Trade","Bullet Time","PiercingWail"],"campfire_rested":0,"item_purchase_floors":[30,30,31,31,37,45],"current_hp_per_floor":[55,54,54,54,47,32,32,22,22,22,7,7,7,7,7,7,51,42,35,29,29,29,29,29,21,21,21,15,20,20,78,78,77,78,78,78,78,68,68,68,68,68,68,68,68,68,68,78,78,78,78,78,78,78,78,78],"gold":131,"neow_bonus":"BOSS_RELIC","is_daily":false,"chose_seed":false,"campfire_upgraded":7,"win_rate":0.0,"timestamp":1609705582,"path_taken":["M","M","?","?","M","E","?","M","T","M","E","?","R","?","R","BOSS","M","?","?","?","M","E","R","E","T","R","M","M","?","$","R","BOSS","M","M","?","M","M","R","E","M","T","M","$","M","?","?","R","BOSS","BOSS","R","$","E","BOSS"],"items_purchased_type":["Card","Relic","Relic","Card","Card","Card"],"build_version":"2020-12-22","purchased_purges":2,"victory":true,"max_hp_per_floor":[66,66,66,66,66,66,66,66,66,66,66,66,66,66,66,66,66,66,66,66,66,66,66,66,66,66,66,66,71,71,78,78,78,78,78,78,78,78,78,78,78,78,78,78,78,78,78,78,78,78,78,78,78,78,78,78],"relic_stats":{"Regal Pillow":0,"Lee\u0027s Waffle":58,"Gremlin Horn":[14,14],"counters":[29,162],"Sundial":[16],"Bronze Scales":[214],"Snecko Eye":[157,164,170,152],"Pandora\u0027s Box":["Reflex","Infinite Blades","Glass Knife","Venomology","Masterful Stab","Underhanded Strike","Endless Agony","Burst"],"Kunai":[39],"obtain_stats":[{"Girya":6,"Regal Pillow":25,"Lee\u0027s Waffle":31,"Gremlin Horn":14,"Akabeko":55,"Sundial":26,"Ninja Scroll":43,"Bronze Scales":41,"Snecko Eye":34,"Pandora\u0027s Box":17,"Coffee Dripper":0,"Kunai":30,"FossilizedHelix":11,"TungstenRod":23,"Ring of the Snake":0},{"Girya":4,"Regal Pillow":14,"Lee\u0027s Waffle":16,"Gremlin Horn":8,"Akabeko":28,"Sundial":14,"Ninja Scroll":23,"Bronze Scales":22,"Snecko Eye":17,"Pandora\u0027s Box":9,"Coffee Dripper":0,"Kunai":16,"FossilizedHelix":7,"TungstenRod":13,"Ring of the Snake":0},{"Girya":15,"Regal Pillow":67,"Lee\u0027s Waffle":79,"Gremlin Horn":33,"Akabeko":153,"Sundial":67,"Ninja Scroll":122,"Bronze Scales":118,"Snecko Eye":92,"Pandora\u0027s Box":43,"Coffee Dripper":0,"Kunai":79,"FossilizedHelix":30,"TungstenRod":62,"Ring of the Snake":0}],"TungstenRod":49},"card_choices":[{"not_picked":["Sucker Punch","Tactician"],"picked":"Dash","floor":1},{"not_picked":["Dagger Spray","Acrobatics"],"picked":"Poisoned Stab","floor":2},{"not_picked":["Concentrate","Dodge and Roll"],"picked":"Deadly Poison","floor":5},{"not_picked":["Sucker Punch","Storm of Steel"],"picked":"Doppelganger","floor":6},{"not_picked":["Blur","Outmaneuver"],"picked":"Acrobatics","floor":8},{"not_picked":["Sucker Punch","Tactician"],"picked":"Leg Sweep","floor":10},{"not_picked":["Adrenaline","Sucker Punch"],"picked":"Wraith Form v2","floor":11},{"not_picked":["Distraction","Dagger Spray"],"picked":"Dash","floor":12},{"not_picked":["Storm of Steel","Burst"],"picked":"Corpse Explosion","floor":16},{"not_picked":["Poisoned Stab","Slice+1"],"picked":"Terror","floor":18},{"not_picked":["Blade Dance","Outmaneuver"],"picked":"Backflip","floor":19},{"not_picked":["Dagger Throw","Deadly Poison"],"picked":"PiercingWail","floor":22},{"not_picked":["Quick Slash","Distraction","Caltrops"],"picked":"SKIP","floor":23},{"not_picked":["Caltrops+1","Dagger Spray","Prepared"],"picked":"SKIP","floor":25},{"not_picked":["Slice","Sucker Punch","Prepared"],"picked":"SKIP","floor":28},{"not_picked":["Riddle With Holes","Deadly Poison+1","Slice"],"picked":"SKIP","floor":29},{"not_picked":["Venomology","Doppelganger"],"picked":"Wraith Form v2","floor":33},{"not_picked":["Outmaneuver","Bane"],"picked":"Acrobatics","floor":35},{"not_picked":["Backflip","Dagger Spray"],"picked":"Reflex","floor":36},{"not_picked":["Setup","Deflect+1"],"picked":"Catalyst+1","floor":38},{"not_picked":["Concentrate","Prepared+1","Venomology"],"picked":"SKIP","floor":39},{"not_picked":["Heel Hook+1","Caltrops"],"picked":"Envenom","floor":41},{"not_picked":["Blade Dance","Dagger Throw+1","Slice"],"picked":"SKIP","floor":42},{"not_picked":["Dagger Throw+1","Slice"],"picked":"Blade Dance","floor":42},{"not_picked":["Bane","Cloak And Dagger","Concentrate"],"picked":"SKIP","floor":44},{"not_picked":["Expertise+1","Cloak And Dagger+1"],"picked":"Underhanded Strike+1","floor":46},{"not_picked":["Deflect+1","Quick Slash"],"picked":"Backflip","floor":55}],"player_experience":93277,"relics_obtained":[{"floor":6,"key":"Girya"},{"floor":11,"key":"FossilizedHelix"},{"floor":14,"key":"Gremlin Horn"},{"floor":23,"key":"TungstenRod"},{"floor":25,"key":"Regal Pillow"},{"floor":26,"key":"Sundial"},{"floor":41,"key":"Bronze Scales"},{"floor":43,"key":"Ninja Scroll"},{"floor":55,"key":"Akabeko"}],"event_choices":[{"damage_healed":0,"gold_gain":0,"cards_transformed":["Strike_G"],"player_choice":"Transformed","damage_taken":0,"max_hp_gain":0,"max_hp_loss":0,"event_name":"Transmorgrifier","floor":3,"gold_loss":0,"cards_obtained":["Bane"]},{"damage_healed":0,"gold_gain":0,"player_choice":"1 cards matched","damage_taken":0,"max_hp_gain":0,"max_hp_loss":0,"event_name":"Match and Keep!","floor":4,"gold_loss":0,"cards_obtained":["Endless Agony"]},{"cards_removed":["Strike_G"],"damage_healed":0,"gold_gain":0,"player_choice":"Purged","damage_taken":0,"max_hp_gain":0,"max_hp_loss":0,"event_name":"Purifier","floor":7,"gold_loss":0},{"damage_healed":0,"gold_gain":0,"player_choice":"Joined the Cult","damage_taken":6,"max_hp_gain":0,"max_hp_loss":0,"event_name":"Nest","floor":20,"gold_loss":0,"cards_obtained":["RitualDagger"]},{"damage_healed":0,"gold_gain":0,"cards_transformed":["Masterful Stab","Infinite Blades"],"player_choice":"Became Test Subject","damage_taken":0,"max_hp_gain":0,"max_hp_loss":0,"event_name":"Drug Dealer","floor":21,"gold_loss":0,"cards_obtained":["Dash","Leg Sweep"]},{"damage_healed":0,"gold_gain":0,"player_choice":"Ignored","damage_taken":0,"max_hp_gain":0,"max_hp_loss":0,"event_name":"Tomb of Lord Red Mask","floor":47,"gold_loss":0},{"damage_healed":10,"gold_gain":0,"player_choice":"Full Heal","damage_taken":0,"max_hp_gain":0,"max_hp_loss":0,"event_name":"Wheel of Change","floor":48,"gold_loss":0}],"is_beta":false,"boss_relics":[{"not_picked":["Fusion Hammer","WristBlade"],"picked":"Pandora\u0027s Box"},{"not_picked":["Astrolabe","Empty Cage"],"picked":"Snecko Eye"}],"items_purged_floors":[30,45],"is_endless":false,"potions_floor_spawned":[1,6,11,12,16,18,28,29,33,35,39,44,46],"ascension_level":20}}