{"host":"29nokk5suv5vtcrv","time":1609704962,"event":{"mods":["BaseMod","Minty Spire (QoL Compilation)","Slay-I"],"gold_per_floor":[110,110,110,185,196,196,211,211,258,285,54,54,84,84,84,84,84],"floor_reached":16,"playtime":525,"items_purged":[],"score":179,"play_id":"b4010208-5fd9-428d-9957-ae86b6f43207","local_time":"20210103211602","is_ascension_mode":true,"campfire_choices":[{"data":"Pommel Strike","floor":6,"key":"SMITH"},{"data":"Evolve","floor":8,"key":"SMITH"},{"data":"Flame Barrier","floor":12,"key":"SMITH"},{"data":"Shrug It Off","floor":15,"key":"SMITH"}],"circlet_count":0,"master_deck":["Strike_R","Strike_R","Strike_R","Strike_R","Strike_R","Defend_R","Defend_R","Defend_R","Defend_R","Bash","Pommel Strike+1","Evolve+1","Shrug It Off+1","Flame Barrier+1"],"relics":["Burning Blood","NeowsBlessing","Pear","Strawberry","Blood Vial","Anchor","Sundial"],"acts_visited":["Exordium"],"potions_floor_usage":[10,10,10,13,16],"damage_taken":[{"damage":0,"enemies":"Jaw Worm","floor":1,"turns":1},{"damage":0,"enemies":"Small Slimes","floor":5,"turns":1},{"damage":0,"enemies":"2 Louse","floor":7,"turns":1},{"damage":15,"enemies":"3 Sentries","floor":10,"turns":8},{"damage":40,"enemies":"Gremlin Nob","floor":13,"turns":5},{"damage":62,"enemies":"The Guardian","floor":16,"turns":14}],"seed_played":"-4832919465062134160","potions_obtained":[{"floor":5,"key":"EntropicBrew"},{"floor":7,"key":"SkillPotion"}],"is_trial":false,"path_per_floor":["M","?","?","?","M","R","M","R","T","E","$","R","E","$","R","B"],"character_chosen":"IRONCLAD","items_purchased":["Anchor","Flame Barrier"],"campfire_rested":0,"item_purchase_floors":[11,11],"current_hp_per_floor":[78,83,68,57,63,63,69,69,76,67,67,67,35,35,35,0,0],"gold":84,"neow_bonus":"THREE_ENEMY_KILL","is_daily":false,"chose_seed":false,"campfire_upgraded":4,"win_rate":0.0,"timestamp":1609704962,"path_taken":["M","?","?","?","M","R","M","R","T","E","$","R","E","$","R","BOSS"],"items_purchased_type":["Relic","Card"],"build_version":"2020-12-22","purchased_purges":0,"victory":false,"max_hp_per_floor":[80,85,95,95,95,95,95,95,102,102,102,102,102,102,102,102,102],"card_choices":[{"not_picked":["Armaments","Burning Pact"],"picked":"Pommel Strike","floor":1},{"not_picked":["Intimidate","Armaments","Pommel Strike"],"picked":"SKIP","floor":5},{"not_picked":["Perfected Strike","Pommel Strike"],"picked":"Evolve","floor":7},{"not_picked":["Clash","Havoc"],"picked":"Shrug It Off","floor":10},{"not_picked":["Second Wind","Shrug It Off","Immolate"],"picked":"SKIP","floor":13}],"player_experience":850917,"relics_obtained":[{"floor":9,"key":"Strawberry"},{"floor":10,"key":"Blood Vial"},{"floor":13,"key":"Sundial"}],"event_choices":[{"damage_healed":0,"gold_gain":0,"player_choice":"Donut","damage_taken":0,"max_hp_gain":5,"max_hp_loss":0,"event_name":"Big Fish","floor":2,"gold_loss":0},{"damage_healed":0,"gold_gain":0,"player_choice":"Success","damage_taken":25,"relics_obtained":["Pear"],"max_hp_gain":0,"max_hp_loss":0,"event_name":"Scrap Ooze","floor":3,"gold_loss":0},{"damage_healed":0,"gold_gain":75,"player_choice":"Gather Gold","damage_taken":11,"max_hp_gain":0,"max_hp_loss":0,"event_name":"World of Goop","floor":4,"gold_loss":0}],"is_beta":false,"boss_relics":[],"items_purged_floors":[],"is_endless":false,"potions_floor_spawned":[5,7],"killed_by":"The Guardian","ascension_level":9}}