{"host":"doxo6v3vhswwfk80","time":1609648686,"event":{"mods":["2.2 Compatiblity","AchievementEnabler","Act Like it!","BaseMod","Better Altar","Better Match","Better Note","Better Sensory Stone","Better Skull","Better Third Choice","Curses Come First","Hermit","Minty Spire (QoL Compilation)","Quick Restart","Relic Stats","Shade Mod","StSLib","The Hierophant","The Runesmith"],"gold_per_floor":[118,138,148,148,162,187,187,204,231,231,263,275,69,87,87,186,186,199,199,199,114,124,154,174,174,174],"floor_reached":25,"playtime":1670,"items_purged":["Shade:Strike_Shade"],"score":235,"play_id":"e419f000-819d-4afb-9490-04b4e5c33a41","local_time":"20210102223806","is_ascension_mode":false,"campfire_choices":[{"floor":7,"key":"REST"},{"floor":10,"key":"REST"},{"floor":15,"key":"REST"}],"circlet_count":0,"master_deck":["Shade:Strike_Shade","Shade:Strike_Shade","Shade:Strike_Shade","Shade:Defend_Shade","Shade:Defend_Shade","Shade:Defend_Shade","Shade:AnimateDead","Shade:CarefulCut","Shade:GoDigging","Shade:FreshBones","Shade:GraveStillness","Shade:SkeletonHug","Shade:FreshBones","Shade:GraveStillness","Shade:Brains","Shade:FreshBones","Shade:CommandSoldier","Shade:CloudOfShrapnel","Shade:SkeletonArmy","Shade:Coordination","Shade:AuraOfUnlife","Shade:RavenousHorde+1","Shade:Premonition+1","Shade:Bonestorm"],"relics":["Shade:YorickSkull","Orichalcum","Ancient Tea Set","Art of War","SacredBark","PreservedInsect","Toxic Egg 2"],"acts_visited":["Exordium","TheCity"],"potions_floor_usage":[23,23,25,25],"damage_taken":[{"damage":0,"enemies":"Small Slimes","floor":1,"turns":4},{"damage":0,"enemies":"Cultist","floor":2,"turns":4},{"damage":0,"enemies":"2 Louse","floor":3,"turns":2},{"damage":19,"enemies":"Lots of Slimes","floor":5,"turns":5},{"damage":25,"enemies":"3 Sentries","floor":6,"turns":8},{"damage":0,"enemies":"Large Slime","floor":8,"turns":4},{"damage":12,"enemies":"Gremlin Nob","floor":11,"turns":4},{"damage":0,"enemies":"Blue Slaver","floor":12,"turns":3},{"damage":4,"enemies":"Looter","floor":14,"turns":3},{"damage":7,"enemies":"The Guardian","floor":16,"turns":7},{"damage":0,"enemies":"Spheric Guardian","floor":18,"turns":3},{"damage":23,"enemies":"3 Byrds","floor":22,"turns":4},{"damage":17,"enemies":"Gremlin Leader","floor":23,"turns":7},{"damage":13,"enemies":"Snake Plant","floor":24,"turns":4},{"damage":20,"enemies":"Book of Stabbing","floor":25,"turns":4}],"seed_played":"-2936353252160421492","potions_obtained":[{"floor":2,"key":"Explosive Potion"},{"floor":3,"key":"Weak Potion"},{"floor":12,"key":"Dexterity Potion"},{"floor":24,"key":"Strength Potion"}],"is_trial":false,"path_per_floor":["M","M","M","?","M","E","R","M","T","R","E","M","$","M","R","B",null,"M","?","?","?","M","E","M","E"],"character_chosen":"SHADE","items_purchased":["Shade:CommandSoldier","Shade:CloudOfShrapnel"],"campfire_rested":3,"item_purchase_floors":[13,13],"current_hp_per_floor":[71,71,71,71,52,27,48,48,48,69,57,57,57,53,71,64,71,71,71,71,71,48,31,18,0,0],"gold":174,"neow_bonus":"TEN_PERCENT_HP_BONUS","is_daily":false,"chose_seed":false,"campfire_upgraded":0,"win_rate":0.0,"timestamp":1609648686,"path_taken":["M","M","M","?","M","E","R","?","T","R","E","M","?","M","R","BOSS","M","?","?","?","M","E","M","E"],"items_purchased_type":["Card","Card"],"build_version":"2020-12-22","purchased_purges":1,"victory":false,"max_hp_per_floor":[71,71,71,71,71,71,71,71,71,71,71,71,71,71,71,71,71,71,71,71,71,71,71,71,71,71],"relic_stats":{"counters":[15,66],"PreservedInsect":84,"Art of War":[23],"Orichalcum":[96],"obtain_stats":[{"Shade:YorickSkull":0,"SacredBark":17,"PreservedInsect":21,"Art of War":11,"Orichalcum":6,"Toxic Egg 2":23,"Ancient Tea Set":9},{"Shade:YorickSkull":0,"SacredBark":10,"PreservedInsect":11,"Art of War":7,"Orichalcum":5,"Toxic Egg 2":13,"Ancient Tea Set":6},{"Shade:YorickSkull":0,"SacredBark":44,"PreservedInsect":47,"Art of War":31,"Orichalcum":23,"Toxic Egg 2":58,"Ancient Tea Set":27}]},"card_choices":[{"not_picked":["Shade:CoffinDance","Shade:FuneraryArmor"],"picked":"Shade:GoDigging","floor":1},{"not_picked":["Shade:SkeletonHug","Shade:Frenzy"],"picked":"Shade:FreshBones","floor":2},{"not_picked":["Shade:AncientSpear","Shade:FleshLikeOak"],"picked":"Shade:GraveStillness","floor":3},{"not_picked":["Shade:Frenzy","Shade:LyeBath"],"picked":"Shade:SkeletonHug","floor":5},{"not_picked":["Shade:AblativeArmor","Shade:DarkOfNight"],"picked":"Shade:FreshBones","floor":6},{"not_picked":["Shade:Excise","Shade:LyeBath"],"picked":"Shade:GraveStillness","floor":8},{"not_picked":["Shade:FeralStrike","Shade:SpectralStrikes"],"picked":"Shade:Brains","floor":11},{"not_picked":["Shade:AblativeArmor","Shade:DarkOfNight"],"picked":"Shade:FreshBones","floor":12},{"not_picked":["Shade:ClawBack","Shade:Premonition"],"picked":"Shade:SkeletonArmy","floor":14},{"not_picked":["Shade:Putrefaction","Shade:Consume"],"picked":"Shade:Coordination","floor":16},{"not_picked":["Shade:Brains","Shade:SensePrey"],"picked":"Shade:AuraOfUnlife","floor":18},{"not_picked":["Shade:AblativeArmor","Shade:Haruspicy"],"picked":"Shade:RavenousHorde+1","floor":22},{"not_picked":["Shade:PressTheAttack","Shade:BoneShards"],"picked":"Shade:Premonition+1","floor":23},{"not_picked":["Shade:CoffinDance","Shade:CallOfTheGrave"],"picked":"Shade:Bonestorm","floor":24}],"player_experience":113965,"relics_obtained":[{"floor":6,"key":"Orichalcum"},{"floor":9,"key":"Ancient Tea Set"},{"floor":11,"key":"Art of War"},{"floor":23,"key":"Toxic Egg 2"}],"event_choices":[{"cards_removed":["Shade:Defend_Shade"],"damage_healed":0,"gold_gain":0,"player_choice":"Purged","damage_taken":0,"max_hp_gain":0,"max_hp_loss":0,"event_name":"Purifier","floor":4,"gold_loss":0},{"cards_removed":["Shade:AuraOfUnlife"],"damage_healed":0,"gold_gain":0,"player_choice":"Give","damage_taken":0,"max_hp_gain":0,"max_hp_loss":0,"event_name":"betterNote:BetterNote","floor":19,"gold_loss":0,"cards_obtained":["Runesmith:CraftSpiculum"]},{"damage_healed":0,"gold_gain":0,"player_choice":"Ignored","damage_taken":0,"max_hp_gain":0,"max_hp_loss":0,"event_name":"Ghosts","floor":20,"gold_loss":0},{"damage_healed":0,"gold_gain":0,"player_choice":"Obtained Relic","damage_taken":0,"relics_obtained":["PreservedInsect"],"max_hp_gain":0,"max_hp_loss":0,"event_name":"Addict","floor":21,"gold_loss":85}],"is_beta":false,"boss_relics":[{"not_picked":["Snecko Eye","Ectoplasm"],"picked":"SacredBark"}],"items_purged_floors":[13],"is_endless":false,"potions_floor_spawned":[2,3,12,14,18,24],"killed_by":"Book of Stabbing","ascension_level":0}}