{"host":"hjw1ay65n7jm40lc","time":1609709709,"event":{"mods":["AchievementEnabler","BaseMod","Block Reminder","Colored Map","Colored Powertips","Curses Come First","Downfall","Googly Eyes","Hermit","Highlight Path","Jorbs\u0027s Wanderer Trilogy","Minty Spire (QoL Compilation)","Quick Restart","Relic Stats","StSLib"],"gold_per_floor":[114,289,300,44,54,54,82,98,98,123,123,141,141,43,43,142,142,161,192,192,192,204,204,230,230,230,244,269,6,45,84,84,186,186,225,185,109,125,142,142,417,442,469,513,528,528,546,601,601,601,601],"floor_reached":50,"playtime":4645,"items_purged":[],"score":627,"play_id":"21a4d1ca-01e8-4d83-89e3-a8c2a15a44fa","local_time":"20210103163509","is_ascension_mode":false,"campfire_choices":[{"data":"hermit:WideOpen","floor":6.0,"key":"SMITH"},{"data":"hermit:FlashPowder","floor":11.0,"key":"SMITH"},{"data":"hermit:Gambit","floor":13.0,"key":"SMITH"},{"floor":15.0,"key":"REST"},{"data":"hermit:Gestalt","floor":23.0,"key":"SMITH"},{"data":"hermit:HighCaliber","floor":25.0,"key":"SMITH"},{"data":"HandOfGreed","floor":32.0,"key":"SMITH"},{"data":"hermit:Determination","floor":40.0,"key":"SMITH"},{"data":"hermit:RoundhouseKick","floor":46.0,"key":"SMITH"},{"data":"hermit:Dissolve","floor":49,"key":"SMITH"}],"circlet_count":0,"master_deck":["hermit:Strike_Hermit","hermit:Strike_Hermit","hermit:Strike_Hermit","hermit:Strike_Hermit","hermit:Defend_Hermit","hermit:Defend_Hermit","hermit:Defend_Hermit","hermit:Defend_Hermit","hermit:Snapshot+1","hermit:Covet","Doubt","hermit:WideOpen+1","hermit:FlashPowder+1","hermit:HighCaliber+1","hermit:PistolWhip","hermit:Gambit+1","hermit:Desperado+1","hermit:RoundhouseKick+1","hermit:Gestalt+1","hermit:FatalDesire","hermit:Determination+1","HandOfGreed+1","hermit:BlackWind","hermit:Snipe+1","hermit:Gestalt+1","hermit:BlackWind","hermit:Snipe+1","hermit:Dissolve+1"],"relics":["hermit:Momento","Turnip","Ornamental Fan","Bronze Scales","Pen Nib","Bottled Lightning","Snecko Eye","Red Mask","White Beast Statue","Pantograph","Omamori","Membership Card","hermit:DentedPlate","DollysMirror","Lantern","Blood Vial","Frozen Egg 2"],"acts_visited":["Exordium","TheCity","TheBeyond"],"potions_floor_usage":[50,50,50,50,50,50],"damage_taken":[{"damage":0.0,"enemies":"Small Slimes","floor":1.0,"turns":4.0},{"damage":4.0,"enemies":"Jaw Worm","floor":3.0,"turns":4.0},{"damage":0.0,"enemies":"2 Louse","floor":5.0,"turns":3.0},{"damage":15.0,"enemies":"3 Sentries","floor":7.0,"turns":9.0},{"damage":11.0,"enemies":"Large Slime","floor":8.0,"turns":7.0},{"damage":4.0,"enemies":"Gremlin Nob","floor":10.0,"turns":3.0},{"damage":2.0,"enemies":"2 Fungi Beasts","floor":12.0,"turns":2.0},{"damage":31.0,"enemies":"The Guardian","floor":16.0,"turns":13.0},{"damage":0.0,"enemies":"3 Byrds","floor":18.0,"turns":3.0},{"damage":0.0,"enemies":"Masked Bandits","floor":19.0,"turns":3.0},{"damage":7.0,"enemies":"Chosen","floor":22.0,"turns":4.0},{"damage":6.0,"enemies":"Book of Stabbing","floor":24.0,"turns":4.0},{"damage":0.0,"enemies":"Snecko","floor":27.0,"turns":2.0},{"damage":1.0,"enemies":"Slavers","floor":28.0,"turns":2.0},{"damage":6.0,"enemies":"Centurion and Healer","floor":30.0,"turns":5.0},{"damage":2.0,"enemies":"Shelled Parasite and Fungi","floor":31.0,"turns":3.0},{"damage":10.0,"enemies":"Automaton","floor":33.0,"turns":8.0},{"damage":1.0,"enemies":"3 Shapes","floor":35.0,"turns":6.0},{"damage":12.0,"enemies":"3 Darklings","floor":38.0,"turns":7.0},{"damage":2.0,"enemies":"Spire Growth","floor":39.0,"turns":4.0},{"damage":3.0,"enemies":"Giant Head","floor":42.0,"turns":7.0},{"damage":26.0,"enemies":"4 Shapes","floor":44.0,"turns":5.0},{"damage":8.0,"enemies":"Maw","floor":45.0,"turns":6.0},{"damage":2.0,"enemies":"3 Darklings","floor":47.0,"turns":4.0},{"damage":2,"enemies":"Nemesis","floor":48,"turns":4},{"damage":91,"enemies":"Time Eater","floor":50,"turns":10}],"seed_played":"2607601259793833650","potions_obtained":[{"floor":1.0,"key":"hexamod:EctoCoolerPotion"},{"floor":8.0,"key":"DistilledChaos"},{"floor":16.0,"key":"AttackPotion"},{"floor":18.0,"key":"Block Potion"},{"floor":22.0,"key":"SmokeBomb"},{"floor":27.0,"key":"Block Potion"},{"floor":28.0,"key":"champ:CounterPotion"},{"floor":30.0,"key":"PowerPotion"},{"floor":31.0,"key":"ColorlessPotion"},{"floor":33.0,"key":"LiquidBronze"},{"floor":35.0,"key":"Weak Potion"},{"floor":38.0,"key":"EntropicBrew"},{"floor":39.0,"key":"Regen Potion"},{"floor":42.0,"key":"CultistPotion"},{"floor":45.0,"key":"LiquidMemories"},{"floor":47.0,"key":"LiquidMemories"}],"is_trial":false,"path_per_floor":["M","?","M","$","M","R","E","M","T","E","R","M","R","$","R","B",null,"M","?","?","?","M","R","E","R","T","M","E","$","M","M","R","B",null,"M","?","$","M","M","R","?","E","T","M","M","R","M","E","R","B"],"character_chosen":"HERMIT","items_purchased":["Ornamental Fan","hermit:Desperado","ColorlessPotion","Membership Card","PowerPotion","HandOfGreed","DollysMirror"],"campfire_rested":1,"item_purchase_floors":[4,14,14,29,29,29,37],"current_hp_per_floor":[54,54,50,50,50,50,35,24,24,20,20,18,18,18,40,9,75,75,75,75,75,68,68,62,62,62,62,61,61,55,53,53,65,97,96,96,96,84,82,82,82,93,93,69,63,63,63,63,63,0,0],"gold":601,"neow_bonus":"ONE_RARE_RELIC","is_daily":false,"chose_seed":false,"campfire_upgraded":9,"win_rate":0.0,"timestamp":1609709709,"path_taken":["M","?","M","$","M","R","E","M","T","E","R","M","R","?","R","BOSS","M","?","?","?","M","R","E","R","T","M","E","$","M","M","R","BOSS","M","?","?","M","M","R","?","E","T","M","M","R","?","E","R","BOSS"],"items_purchased_type":["Relic","Card","Potion","Relic","Potion","Card","Relic"],"build_version":"2020-12-22","purchased_purges":0,"victory":false,"max_hp_per_floor":[75,75,75,75,75,75,75,75,75,75,75,75,75,75,75,75,75,75,75,75,75,75,75,75,75,75,75,75,75,75,75,75,75,107,107,107,107,107,107,107,107,107,107,107,107,107,107,107,107,107,107],"relic_stats":{"Blood Vial":10,"counters":[26,132],"Ornamental Fan":[208],"Bronze Scales":[338],"Pantograph":47,"Snecko Eye":[153,138,131,138],"Turnip":[53],"Pen Nib":[22],"obtain_stats":[{"Lantern":42,"hermit:DentedPlate":34,"Pen Nib":9,"Omamori":28,"Frozen Egg 2":48,"White Beast Statue":24,"Blood Vial":43,"Ornamental Fan":4,"DollysMirror":37,"Bronze Scales":7,"Pantograph":26,"Snecko Eye":17,"Turnip":0,"Red Mask":19,"Bottled Lightning":10,"Membership Card":29,"hermit:Momento":0},{"Lantern":21,"hermit:DentedPlate":17,"Pen Nib":5,"Omamori":14,"Frozen Egg 2":25,"White Beast Statue":12,"Blood Vial":21,"Ornamental Fan":2,"DollysMirror":18,"Bronze Scales":4,"Pantograph":12,"Snecko Eye":8,"Turnip":0,"Red Mask":10,"Bottled Lightning":6,"Membership Card":14,"hermit:Momento":0},{"Lantern":103,"hermit:DentedPlate":79,"Pen Nib":27,"Omamori":63,"Frozen Egg 2":122,"White Beast Statue":59,"Blood Vial":103,"Ornamental Fan":8,"DollysMirror":85,"Bronze Scales":20,"Pantograph":59,"Snecko Eye":45,"Turnip":0,"Red Mask":51,"Bottled Lightning":30,"Membership Card":63,"hermit:Momento":0}]},"card_choices":[{"not_picked":["hermit:CursedWeapon","hermit:Horror","hermit:Vantage"],"picked":"SKIP","floor":1.0},{"not_picked":["hermit:Brawl","hermit:Showdown"],"picked":"hermit:WideOpen","floor":3.0},{"not_picked":["hermit:GoldenBullet","hermit:SprayPray"],"picked":"hermit:FlashPowder","floor":5.0},{"not_picked":["hermit:HoleUp","hermit:Vantage"],"picked":"hermit:HighCaliber","floor":7.0},{"not_picked":["hermit:Roulette","hermit:TrackingShot"],"picked":"hermit:PistolWhip","floor":8.0},{"not_picked":["hermit:HoleUp","hermit:Ricochet","hermit:Coalescence"],"picked":"SKIP","floor":10.0},{"not_picked":["hermit:BodyArmor","hermit:TrackingShot"],"picked":"hermit:Gambit","floor":12.0},{"not_picked":["hermit:BlackWind","hermit:Roughhouse"],"picked":"hermit:RoundhouseKick","floor":16.0},{"not_picked":["hermit:TrackingShot","hermit:ItchyTrigger","hermit:PistolWhip"],"picked":"SKIP","floor":18.0},{"not_picked":["hermit:Enervate","hermit:HoleUp","hermit:LowProfile+1"],"picked":"SKIP","floor":22.0},{"not_picked":["hermit:Roulette","hermit:SprayPray","hermit:Vantage"],"picked":"SKIP","floor":24.0},{"not_picked":["hermit:EyeOfTheStorm","hermit:Coalescence"],"picked":"hermit:FatalDesire","floor":27.0},{"not_picked":["hermit:Desperado+1","hermit:ItchyTrigger+1"],"picked":"hermit:Determination","floor":28.0},{"not_picked":["hermit:ItchyTrigger","hermit:LuckOfTheDraw","hermit:Maintenance"],"picked":"SKIP","floor":30.0},{"not_picked":["hermit:HighCaliber","hermit:Desperado+1","hermit:Malice"],"picked":"SKIP","floor":31.0},{"not_picked":["hermit:Magnum","hermit:FinalCanter"],"picked":"hermit:BlackWind","floor":33.0},{"not_picked":["hermit:Feint","hermit:HighCaliber"],"picked":"hermit:Snipe+1","floor":35.0},{"not_picked":["hermit:Coalescence","hermit:BigShot+1","hermit:EyeOfTheStorm"],"picked":"SKIP","floor":38.0},{"not_picked":["hermit:LowProfile","hermit:SprayPray+1"],"picked":"hermit:BlackWind","floor":39.0},{"not_picked":["hermit:SprayPray+1","hermit:Misfire","hermit:Shortfuse+1"],"picked":"SKIP","floor":42.0},{"not_picked":["hermit:FullyLoaded","hermit:GhostlyPresence+1","hermit:TakeAim"],"picked":"SKIP","floor":44.0},{"not_picked":["hermit:LowProfile","hermit:Coalescence"],"picked":"hermit:Snipe+1","floor":45.0},{"not_picked":["hermit:Midnight+1","hermit:TrackingShot"],"picked":"hermit:Dissolve","floor":47.0},{"not_picked":["hermit:TrackingShot","hermit:Dive","hermit:OverwhelmingPower+1"],"picked":"SKIP","floor":48}],"player_experience":785559,"relics_obtained":[{"floor":7.0,"key":"Bronze Scales"},{"floor":9.0,"key":"Pen Nib"},{"floor":10.0,"key":"Bottled Lightning"},{"floor":19.0,"key":"Red Mask"},{"floor":24.0,"key":"White Beast Statue"},{"floor":26.0,"key":"Pantograph"},{"floor":28.0,"key":"Omamori"},{"floor":42.0,"key":"Lantern"},{"floor":43.0,"key":"Blood Vial"},{"floor":48,"key":"Frozen Egg 2"}],"event_choices":[{"damage_healed":0.0,"max_hp_gain":0.0,"max_hp_loss":0.0,"gold_gain":175.0,"event_name":"Liars Game","player_choice":"AGREE","floor":2.0,"gold_loss":0.0,"damage_taken":0.0,"cards_obtained":["Doubt"]},{"damage_healed":0.0,"max_hp_gain":0.0,"max_hp_loss":0.0,"gold_gain":0.0,"event_name":"Masked Bandits","player_choice":"Fought Bandits","floor":19.0,"gold_loss":0.0,"damage_taken":0.0},{"damage_healed":0.0,"max_hp_gain":0.0,"max_hp_loss":0.0,"gold_gain":0.0,"event_name":"The Library","player_choice":"Read","floor":20.0,"gold_loss":0.0,"damage_taken":0.0,"cards_obtained":["hermit:Gestalt"]},{"damage_healed":0.0,"max_hp_gain":0.0,"max_hp_loss":0.0,"gold_gain":0.0,"event_name":"Vampires","player_choice":"Ignored","floor":21.0,"gold_loss":0.0,"damage_taken":0.0},{"damage_healed":0.0,"max_hp_gain":0.0,"max_hp_loss":0.0,"gold_gain":0.0,"event_name":"Designer","player_choice":"Upgraded Two","floor":36.0,"gold_loss":40.0,"damage_taken":0.0,"cards_upgraded":["hermit:Desperado","hermit:Snapshot"]},{"damage_healed":0.0,"max_hp_gain":0.0,"max_hp_loss":0.0,"gold_gain":275.0,"event_name":"Golden Shrine","player_choice":"Desecrate","floor":41.0,"gold_loss":0.0,"damage_taken":0.0,"cards_obtained":["Regret"]}],"is_beta":false,"boss_relics":[{"not_picked":["SlaversCollar","Philosopher\u0027s Stone"],"picked":"Snecko Eye"},{"not_picked":["Tiny House","Sozu"],"picked":"hermit:DentedPlate"}],"items_purged_floors":[],"is_endless":false,"potions_floor_spawned":[1,8,16,18,22,27,28,30,31,33,35,38,39,42,44,45,47,48],"killed_by":"Time Eater","ascension_level":0}}