{"host":"soyfmymeou4emntr","time":1609652585,"event":{"mods":["BaseMod","Minty Spire (QoL Compilation)","Relic Sorter","Relic Stats","StSLib"],"gold_per_floor":[115,133,153,2,2,35,35,49,95,127,27,45,45,61,61,133,133,149,163,163,163,163],"floor_reached":21,"playtime":2467,"items_purged":["Strike_G","Strike_G"],"score":382,"play_id":"a844382a-b7e4-41a3-85f9-80a3636f5163","local_time":"20210102224305","is_ascension_mode":true,"campfire_choices":[{"floor":13,"key":"REST"},{"floor":15,"key":"REST"}],"circlet_count":0,"master_deck":["AscendersBane","Strike_G","Strike_G","Strike_G","Defend_G","Defend_G","Defend_G","Defend_G","Defend_G","Survivor","Neutralize","Grand Finale","Dagger Spray+1","Noxious Fumes","Backstab","Noxious Fumes","Backflip","Poisoned Stab","Footwork","Wraith Form v2","Bouncing Flask","Deflect"],"relics":["Ring of the Snake","Ninja Scroll","GremlinMask","PreservedInsect","Happy Flower","Cursed Key","Toy Ornithopter"],"acts_visited":["Exordium","TheCity"],"potions_floor_usage":[6,12,14],"damage_taken":[{"damage":2.0,"enemies":"Jaw Worm","floor":1.0,"turns":7.0},{"damage":6.0,"enemies":"2 Louse","floor":2.0,"turns":3.0},{"damage":1.0,"enemies":"Cultist","floor":3.0,"turns":4.0},{"damage":48,"enemies":"Gremlin Nob","floor":6,"turns":5},{"damage":4,"enemies":"Exordium Wildlife","floor":8,"turns":4},{"damage":11,"enemies":"3 Sentries","floor":10,"turns":5},{"damage":0,"enemies":"Red Slaver","floor":12,"turns":4},{"damage":3,"enemies":"Looter","floor":14,"turns":3},{"damage":25,"enemies":"Slime Boss","floor":16,"turns":11},{"damage":8,"enemies":"Shell Parasite","floor":18,"turns":7},{"damage":19,"enemies":"3 Byrds","floor":19,"turns":6},{"damage":38,"enemies":"Shelled Parasite and Fungi","floor":21,"turns":5}],"seed_played":"-8793664367209908904","potions_obtained":[{"floor":2.0,"key":"Regen Potion"},{"floor":10,"key":"Block Potion"},{"floor":12,"key":"Weak Potion"}],"is_trial":false,"path_per_floor":["M","M","M","$","?","E","?","M","T","E","$","M","R","M","R","B",null,"M","M","?","M"],"character_chosen":"THE_SILENT","items_purchased":["Noxious Fumes"],"campfire_rested":2,"item_purchase_floors":[4],"current_hp_per_floor":[57,51,50,50,50,16,16,12,12,1,1,1,20,17,36,11,52,44,25,25,0,0],"gold":163,"neow_bonus":"ONE_RANDOM_RARE_CARD","is_daily":false,"chose_seed":false,"campfire_upgraded":0,"win_rate":0.0,"timestamp":1609652585,"path_taken":["M","M","M","$","?","E","?","?","T","E","$","M","R","M","R","BOSS","M","M","?","?"],"items_purchased_type":["Card"],"build_version":"2020-12-22","purchased_purges":2,"victory":false,"max_hp_per_floor":[66,66,66,66,66,66,66,66,66,66,66,66,66,66,66,66,66,66,66,66,66,66],"relic_stats":{"Happy Flower":[12],"counters":[12,64],"PreservedInsect":33,"Cursed Key":0,"obtain_stats":[{"Happy Flower":10,"Ninja Scroll":6,"GremlinMask":7,"PreservedInsect":9,"Cursed Key":17,"Toy Ornithopter":20,"Ring of the Snake":0},{"Happy Flower":6,"Ninja Scroll":4,"GremlinMask":4,"PreservedInsect":5,"Cursed Key":9,"Toy Ornithopter":11,"Ring of the Snake":0},{"Happy Flower":28,"Ninja Scroll":19,"GremlinMask":19,"PreservedInsect":23,"Cursed Key":46,"Toy Ornithopter":59,"Ring of the Snake":0}],"Toy Ornithopter":0,"Ring of the Snake":[24]},"card_choices":[{"not_picked":["Sucker Punch","Cloak And Dagger"],"picked":"Dagger Spray","floor":1.0},{"not_picked":["Heel Hook","Expertise"],"picked":"Noxious Fumes","floor":2.0},{"not_picked":["Acrobatics","Accuracy"],"picked":"Backstab","floor":3.0},{"not_picked":["Backstab","Masterful Stab","Prepared"],"picked":"SKIP","floor":6},{"not_picked":["Acrobatics","Blade Dance","Backstab"],"picked":"SKIP","floor":8},{"not_picked":["Malaise","Infinite Blades"],"picked":"Backflip","floor":10},{"not_picked":["Bane","Heel Hook"],"picked":"Poisoned Stab","floor":12},{"not_picked":["Underhanded Strike","Dodge and Roll"],"picked":"Footwork","floor":14},{"not_picked":["Venomology","Bullet Time"],"picked":"Wraith Form v2","floor":16},{"not_picked":["Underhanded Strike","Dagger Throw"],"picked":"Bouncing Flask","floor":18},{"not_picked":["Dagger Throw","Deadly Poison+1"],"picked":"Deflect","floor":19}],"player_experience":2800224,"relics_obtained":[{"floor":6,"key":"Ninja Scroll"},{"floor":9,"key":"PreservedInsect"},{"floor":10,"key":"Happy Flower"},{"floor":20,"key":"Toy Ornithopter"}],"event_choices":[{"damage_healed":0.0,"max_hp_gain":0.0,"max_hp_loss":0.0,"gold_gain":0.0,"event_name":"Living Wall","player_choice":"Grow","floor":5.0,"gold_loss":0.0,"damage_taken":0.0,"cards_upgraded":["Dagger Spray"]},{"damage_healed":0,"gold_gain":0,"player_choice":"Trade","damage_taken":0,"relics_obtained":["GremlinMask"],"max_hp_gain":0,"max_hp_loss":0,"event_name":"FaceTrader","floor":7,"gold_loss":0},{"damage_healed":0,"gold_gain":0,"player_choice":"Relic","damage_taken":0,"max_hp_gain":0,"max_hp_loss":0,"event_name":"Wheel of Change","floor":20,"gold_loss":0}],"is_beta":false,"boss_relics":[{"not_picked":["Runic Dome","WristBlade"],"picked":"Cursed Key"}],"items_purged_floors":[4,11],"is_endless":false,"potions_floor_spawned":[2,10,12],"killed_by":"Shelled Parasite and Fungi","ascension_level":20}}