{"host":"at64dhdf9kc8hjax","time":1609632030,"event":{"mods":["Act Like it!","BaseMod","Dota2Spire","Friendly Minions","Gensokyo","Highlight Path","Minty Spire (QoL Compilation)","Quick Restart","RumiaBox-露米娅的神秘盒子","Spicy Shops","StSLib","SuperFastMode","【遗物卡牌】REMEMod"],"gold_per_floor":[113,132,307,350,365,365,377,377,377,377,377,388,404,424,424,495,495,506,506,506,103,122,122,122,151,151,151,161,195,195,222,222,301,301,317,336,389,88,113,113,148,148,229,247,247,281,297,327,327,327],"floor_reached":51,"playtime":2405,"items_purged":["Strike_G","Strike_G","Strike_G"],"score":1640,"play_id":"daad5c7b-6beb-4269-8160-595df6419884","local_time":"20210103080030","is_ascension_mode":true,"campfire_choices":[{"data":"REME_Flogging","floor":6.0,"key":"SMITH"},{"data":"Prepared","floor":8.0,"key":"SMITH"},{"data":"Corpse Explosion","floor":10.0,"key":"SMITH"},{"data":"Neutralize","floor":15.0,"key":"SMITH"},{"data":"Well Laid Plans","floor":23.0,"key":"SMITH"},{"data":"Backflip","floor":27.0,"key":"SMITH"},{"data":"Prepared","floor":30.0,"key":"SMITH"},{"data":"Survivor","floor":32.0,"key":"SMITH"},{"data":"Adrenaline","floor":40.0,"key":"SMITH"},{"data":"REME_GreenPollution","floor":42.0,"key":"SMITH"},{"data":"REME_GreenPollution","floor":49.0,"key":"SMITH"}],"circlet_count":0,"master_deck":["AscendersBane","Defend_G","Defend_G","Defend_G","Defend_G","Defend_G","Survivor+1","Neutralize+1","REME_Flogging+1","REME_GreenPollution+1","Prepared+1","Corpse Explosion+1","Backflip+1","Acrobatics","After Image","REME_GreenPollution+1","Well Laid Plans+1","REME_GreenPollution","Prepared+1","Adrenaline+1"],"relics":["Ring of the Snake","REME_ComplimentaryCards","AddBug","SecretRecord","SecretRecord","SecretRecord","SecretRecord","SecretRecord","SecretRecord","SecretRecord"],"acts_visited":["Exordium","TheCity","TheBeyond"],"potions_floor_usage":[50,50],"damage_taken":[{"damage":0.0,"enemies":"Small Slimes","floor":1.0,"turns":3.0},{"damage":0.0,"enemies":"Cultist","floor":2.0,"turns":3.0},{"damage":1.0,"enemies":"2 Louse","floor":4.0,"turns":2.0},{"damage":0.0,"enemies":"Looter","floor":5.0,"turns":3.0},{"damage":0.0,"enemies":"Blue Slaver","floor":7.0,"turns":3.0},{"damage":0.0,"enemies":"3 Louse","floor":12.0,"turns":1.0},{"damage":0.0,"enemies":"Looter","floor":13.0,"turns":3.0},{"damage":4.0,"enemies":"2 Fungi Beasts","floor":14.0,"turns":3.0},{"damage":0.0,"enemies":"Slime Boss","floor":16.0,"turns":5.0},{"damage":1.0,"enemies":"Shell Parasite","floor":18.0,"turns":4.0},{"damage":0.0,"enemies":"Chosen","floor":22.0,"turns":3.0},{"damage":15.0,"enemies":"Slavers","floor":25.0,"turns":3.0},{"damage":8.0,"enemies":"Shelled Parasite and Fungi","floor":28.0,"turns":3.0},{"damage":0.0,"enemies":"Gremlin Leader","floor":29.0,"turns":3.0},{"damage":0.0,"enemies":"Slavers","floor":31.0,"turns":1.0},{"damage":1.0,"enemies":"Collector","floor":33.0,"turns":3.0},{"damage":0.0,"enemies":"3 Shapes","floor":35.0,"turns":2.0},{"damage":0.0,"enemies":"3 Darklings","floor":36.0,"turns":1.0},{"damage":4.0,"enemies":"2 Orb Walkers","floor":37.0,"turns":2.0},{"damage":0.0,"enemies":"Mind Bloom Boss Battle","floor":39.0,"turns":1.0},{"damage":0.0,"enemies":"Reptomancer","floor":41.0,"turns":1.0},{"damage":0.0,"enemies":"4 Shapes","floor":44.0,"turns":1.0},{"damage":0.0,"enemies":"Giant Head","floor":46.0,"turns":1.0},{"damage":0.0,"enemies":"Sphere and 2 Shapes","floor":47.0,"turns":1.0},{"damage":0.0,"enemies":"Nemesis","floor":48.0,"turns":1.0},{"damage":31,"enemies":"Donu and Deca","floor":50,"turns":3}],"seed_played":"3998806946759536779","potions_obtained":[{"floor":1.0,"key":"REME_GoldPotion"},{"floor":12.0,"key":"SteroidPotion"},{"floor":13.0,"key":"Regen Potion"},{"floor":18.0,"key":"DuplicationPotion"},{"floor":28.0,"key":"Dexterity Potion"},{"floor":31.0,"key":"Swift Potion"},{"floor":36.0,"key":"Dota2Spire:Clarity"},{"floor":37.0,"key":"Swift Potion"},{"floor":48.0,"key":"Swift Potion"}],"is_trial":false,"path_per_floor":["M","M","?","M","M","R","M","R","T","R","?","M","M","M","R","B",null,"M","?","?","$","M","R","?","E","T","R","M","E","R","E","R","B",null,"M","M","?","$","?","R","E","R","T","M","?","E","M","E","R","B",null],"character_chosen":"THE_SILENT","items_purchased":["REME_GreenPollution","SSSystem","ClockworkSouvenir","Boot"],"campfire_rested":0,"item_purchase_floors":[21,21,21,38],"current_hp_per_floor":[65,65,65,64,64,64,64,64,64,64,64,64,64,60,60,60,69,68,52,52,52,52,52,52,37,37,37,29,29,29,29,29,28,61,61,61,57,57,57,57,57,57,57,57,57,57,57,57,57,38],"gold":327,"neow_bonus":"TEN_PERCENT_HP_BONUS","is_daily":false,"chose_seed":false,"campfire_upgraded":11,"win_rate":0.0,"timestamp":1609632030,"path_taken":["M","M","?","M","M","R","M","R","T","R","?","?","?","M","R","BOSS","M","?","?","?","M","R","?","E","T","R","M","E","R","E","R","BOSS","M","M","?","$","?","R","E","R","T","M","?","E","M","E","R","BOSS"],"items_purchased_type":["Card","Relic","Relic","Relic"],"build_version":"2020-12-22","purchased_purges":3,"victory":true,"max_hp_per_floor":[72,72,72,72,72,72,72,72,72,72,72,72,72,72,72,72,72,72,72,72,72,72,72,72,72,72,72,72,72,72,72,72,72,72,72,72,72,72,72,72,72,72,72,72,72,72,72,72,72,72],"card_choices":[{"not_picked":["Choke","Dodge and Roll"],"picked":"REME_GreenPollution","floor":1.0},{"not_picked":["Sucker Punch","Poisoned Stab"],"picked":"Prepared","floor":2.0},{"not_picked":["Dagger Throw","Sucker Punch","Deadly Poison"],"picked":"SKIP","floor":4.0},{"not_picked":["Setup","Skewer"],"picked":"Corpse Explosion","floor":5.0},{"not_picked":["Outmaneuver","Flying Knee","Dagger Spray"],"picked":"SKIP","floor":7.0},{"not_picked":["Setup","Blur"],"picked":"Backflip","floor":12.0},{"not_picked":["Backflip","Underhanded Strike","Cloak And Dagger"],"picked":"SKIP","floor":13.0},{"not_picked":["Corpse Explosion","Blade Dance"],"picked":"Acrobatics","floor":14.0},{"not_picked":["Unload","Burst"],"picked":"After Image","floor":16.0},{"not_picked":["Terror+1","Leg Sweep","Poisoned Stab"],"picked":"SKIP","floor":18.0},{"not_picked":["Deflect","PiercingWail"],"picked":"Well Laid Plans","floor":22.0},{"not_picked":["PiercingWail","Finisher","Poisoned Stab"],"picked":"SKIP","floor":25.0},{"not_picked":["Dagger Throw","Flying Knee","Noxious Fumes"],"picked":"SKIP","floor":28.0},{"not_picked":["Blade Dance","Finisher"],"picked":"Prepared","floor":29.0},{"not_picked":["Expertise","A Thousand Cuts","Die Die Die"],"picked":"SKIP","floor":31.0},{"not_picked":["Corpse Explosion","A Thousand Cuts"],"picked":"Adrenaline","floor":33.0},{"not_picked":["Deadly Poison","Prepared","Acrobatics"],"picked":"SKIP","floor":35.0},{"not_picked":["Skewer","Acrobatics","Underhanded Strike+1"],"picked":"SKIP","floor":36.0},{"not_picked":["Deflect+1","Setup+1","Slice"],"picked":"SKIP","floor":41.0},{"not_picked":["Quick Slash","Dagger Spray+1","Dagger Throw"],"picked":"SKIP","floor":44.0},{"not_picked":["Setup","Slice","Sucker Punch+1"],"picked":"SKIP","floor":46.0},{"not_picked":["Poisoned Stab","Dagger Spray","Underhanded Strike"],"picked":"SKIP","floor":47.0},{"not_picked":["Backstab","Acrobatics","Slice"],"picked":"SKIP","floor":48.0}],"player_experience":235762,"relics_obtained":[{"floor":1.0,"key":"AddBug"},{"floor":7.0,"key":"SecretRecord"},{"floor":9.0,"key":"The Specimen"},{"floor":19.0,"key":"Enchiridion"},{"floor":22.0,"key":"SecretRecord"},{"floor":25.0,"key":"Bottled Lightning"},{"floor":26.0,"key":"Oddly Smooth Stone"},{"floor":29.0,"key":"Dota2Spire:Satanic"},{"floor":31.0,"key":"MagicDraw2"},{"floor":33.0,"key":"SecretRecord"},{"floor":36.0,"key":"SecretRecord"},{"floor":37.0,"key":"Tingsha"},{"floor":39.0,"key":"Ginger"},{"floor":41.0,"key":"SecretRecord"},{"floor":43.0,"key":"LastBattle"},{"floor":46.0,"key":"Dota2Spire:ArmletOfMordiggian"},{"floor":47.0,"key":"SecretRecord"},{"floor":48.0,"key":"Dota2Spire:PowerTreads"}],"event_choices":[{"damage_healed":0.0,"max_hp_gain":0.0,"max_hp_loss":0.0,"gold_gain":175.0,"event_name":"Liars Game","player_choice":"AGREE","floor":3.0,"gold_loss":0.0,"damage_taken":0.0,"cards_obtained":["Doubt"]},{"cards_removed":["Doubt"],"damage_healed":0.0,"max_hp_gain":0.0,"max_hp_loss":0.0,"gold_gain":0.0,"event_name":"Wheel of Change","player_choice":"Card Removal","floor":11.0,"gold_loss":0.0,"damage_taken":0.0},{"damage_healed":0.0,"max_hp_gain":0.0,"max_hp_loss":0.0,"gold_gain":0.0,"event_name":"Cursed Tome","player_choice":"Obtained Book","floor":19.0,"gold_loss":0.0,"damage_taken":16.0},{"cards_removed":["Strike_G"],"damage_healed":0.0,"max_hp_gain":0.0,"max_hp_loss":0.0,"gold_gain":0.0,"event_name":"Back to Basics","player_choice":"Elegance","floor":20.0,"gold_loss":0.0,"damage_taken":0.0},{"damage_healed":0.0,"max_hp_gain":0.0,"max_hp_loss":0.0,"gold_gain":0.0,"event_name":"The Library","player_choice":"Read","floor":24.0,"gold_loss":0.0,"damage_taken":0.0,"cards_obtained":["REME_GreenPollution"]},{"damage_healed":0.0,"max_hp_gain":0.0,"max_hp_loss":0.0,"gold_gain":0.0,"event_name":"Mysterious Sphere","player_choice":"Fight","floor":37.0,"gold_loss":0.0,"damage_taken":0.0},{"damage_healed":0.0,"max_hp_gain":0.0,"max_hp_loss":0.0,"gold_gain":0.0,"event_name":"MindBloom","player_choice":"Fight","floor":39.0,"gold_loss":0.0,"damage_taken":0.0},{"cards_removed":["Strike_G"],"damage_healed":0.0,"max_hp_gain":0.0,"max_hp_loss":0.0,"gold_gain":0.0,"event_name":"Falling","player_choice":"Removed Attack","floor":45.0,"gold_loss":0.0,"damage_taken":0.0}],"is_beta":false,"boss_relics":[{"not_picked":["WristBlade","Velvet Choker"],"picked":"SacredBark"},{"not_picked":["Coffee Dripper","Dota2Spire:Bloodstone"],"picked":"Dota2Spire:RefresherOrb"}],"items_purged_floors":[21,38,38],"is_endless":false,"potions_floor_spawned":[1,12,13,18,28,31,36,37,39,41,48],"ascension_level":14}}