{"host":"36ls4ricihodphgx","time":1609716110,"event":{"mods":["AchievementEnabler","BaseMod","Colored Map","Downfall","Hermit","HololiveMod","Marisa????????","Minty Spire (QoL Compilation)","Replay The Spire","Shop Mod","StSLib","SuperFastMode","The Animator","The Bug Knight","The Cursed","The Servant 0.9.4"],"gold_per_floor":[81,81,81,99,99,99,132,132,132,164,164,144,144,109,109,227,227,249,268,292,292,292,322,334,334,380,406,463,463,473,487,487,594,594,607,607,607,621],"floor_reached":39,"playtime":1490,"items_purged":[],"score":683,"play_id":"b62e98cf-8ed9-4ddc-8bb0-76842c3304aa","local_time":"20210103162150","is_ascension_mode":true,"campfire_choices":[{"data":"Hololive_CallOkamiMio","floor":6,"key":"SMITH"},{"data":"Hololive_CallAyundaRisu","floor":8,"key":"SMITH"},{"data":"Hololive_Spy","floor":11,"key":"SMITH"},{"data":"Hololive_CallAkaiHaato","floor":13,"key":"SMITH"},{"data":"Hololive_CallNekomataOkayu","floor":15,"key":"SMITH"},{"data":"Hololive_CallHoshimachiSuisei","floor":29,"key":"SMITH"},{"data":"Hololive_Rebirth","floor":32,"key":"SMITH"}],"circlet_count":0,"master_deck":["Hololive_CallNatsuiroMatsuri","Hololive_CallAkaiHaato+1","Hololive_CallNekomataOkayu+1","Hololive_CallSpadeEcho","Hololive_FlyingPonyTail","Hololive_Defend","Hololive_Defend","Hololive_Recruit+1","Hololive_Psychosis+1","Hololive_CallOkamiMio+1","Hololive_CallAyundaRisu+1","Hololive_Spy+1","Hololive_CallNatsuiroMatsuri","Hololive_Rebirth+1","Hololive_CallAiraniIofifteen","Hololive_CallHimemoriLuna","Bite","Bite","Bite","Bite","Bite+1","Hololive_CallHoshimachiSuisei+1","Hololive_Teleport+1","Hololive_StrengthChampion","Hololive_IdolExercise","Hallucinations"],"relics":["Hololive_TheStar","Peace Pipe","Chameleon Ring","ReplayTheSpireMod:TigerMarble","Sozu","Bag of Preparation","ReplayTheSpireMod:Lightbulb","Whetstone","Blood Vial","Philosopher\u0027s Stone","ReplayTheSpireMod:Ring of Collecting"],"acts_visited":["Exordium","TheCity","TheBeyond"],"potions_floor_usage":[23,38],"damage_taken":[{"damage":0,"enemies":"2 Louse","floor":1,"turns":3},{"damage":0,"enemies":"Small Slimes","floor":4,"turns":4},{"damage":0,"enemies":"Gremlin Nob","floor":7,"turns":5},{"damage":0,"enemies":"3 Sentries","floor":10,"turns":6},{"damage":0,"enemies":"Fading Forest","floor":16,"turns":11},{"damage":4,"enemies":"2 Thieves","floor":18,"turns":4},{"damage":0,"enemies":"3 Byrds","floor":19,"turns":3},{"damage":0,"enemies":"Sentry and Sphere","floor":20,"turns":4},{"damage":12,"enemies":"Slavers","floor":23,"turns":6},{"damage":6,"enemies":"Snake Plant","floor":24,"turns":4},{"damage":0,"enemies":"Cultist and Chosen","floor":30,"turns":4},{"damage":0,"enemies":"Snecko","floor":31,"turns":3},{"damage":0,"enemies":"Champ","floor":33,"turns":7},{"damage":0,"enemies":"Orb Walker","floor":35,"turns":3},{"damage":0,"enemies":"Replay:Hell Engine","floor":38,"turns":8}],"seed_played":"-1034291274873413633","potions_obtained":[{"floor":4,"key":"Swift Potion"},{"floor":7,"key":"hexamod:EctoCoolerPotion"},{"floor":12,"key":"Energy Potion"}],"is_trial":false,"path_per_floor":["M","?","?","M","$","R","E","R","T","E","R","?","R","$","R","B",null,"M","M","M","?","?","E","M","?","T","T","?","R","M","M","R","B",null,"M","?","?","B",null],"character_chosen":"Hololive_HololiveCharacter","items_purchased":["Hololive_CallNatsuiroMatsuri"],"campfire_rested":0,"item_purchase_floors":[14],"current_hp_per_floor":[32,32,25,25,25,25,25,25,25,25,25,25,25,25,25,32,32,28,28,28,28,22,18,14,14,14,14,6,6,15,19,19,22,22,22,22,22,22],"gold":621,"neow_bonus":"THREE_RARE_CARDS","is_daily":false,"chose_seed":false,"campfire_upgraded":7,"win_rate":0.0,"timestamp":1609716110,"path_taken":["M","?","?","M","$","R","E","R","T","E","R","?","R","$","R","BOSS","M","?","?","?","?","E","M","?","T","?","?","R","M","M","R","BOSS","M","?","?","BOSS"],"items_purchased_type":["Card"],"build_version":"2020-12-22","purchased_purges":0,"victory":true,"max_hp_per_floor":[32,32,32,32,32,32,32,32,32,32,32,32,32,32,32,32,32,32,32,32,32,22,22,22,22,22,22,22,22,22,22,22,22,22,22,22,22,22],"card_choices":[{"not_picked":["Hololive_BeCareful","Hololive_AWSL"],"picked":"Hololive_Recruit","floor":0},{"not_picked":["Hololive_Trident","Hololive_Breathe","Hololive_Rebound"],"picked":"Hololive_Psychosis","floor":1},{"not_picked":["Hololive_CocoNews","Hololive_Sequa","Hololive_OvertimeWork"],"picked":"Hololive_CallOkamiMio","floor":4},{"not_picked":["Hololive_LuckPotion","Hololive_OvertimeWork","Hololive_CallMinatoAqua"],"picked":"Hololive_CallAyundaRisu","floor":7},{"not_picked":["Hololive_CallRosalyn","Hololive_CallAmaneKanata","Hololive_Rebound"],"picked":"Hololive_Spy","floor":10},{"not_picked":["Hololive_ASMR","Hololive_WolfAndLamb","Hololive_Recruit"],"picked":"Hololive_Rebirth","floor":16},{"not_picked":["Hololive_CallMomosuzuNene+1","Hololive_CallFriendA","Hololive_LuckPotion"],"picked":"Hololive_CallAiraniIofifteen","floor":18},{"not_picked":["Hololive_SummonFox","Hololive_CallRosalyn","Hololive_CallKiryuuCoco"],"picked":"Hololive_CallHimemoriLuna","floor":19},{"not_picked":["Hololive_Rebound+1","Hololive_Sequa","Hololive_HuntDinosaur","Hololive_RevenueBasedLive"],"picked":"SKIP","floor":20},{"not_picked":["Hololive_SummonFox","Hololive_LuckPotion","Hololive_Sequa+1"],"picked":"Hololive_CallHoshimachiSuisei","floor":23},{"not_picked":["Hololive_CallHoshimachiSuisei","Hololive_CallOzoraSubaru","Hololive_CallMurasakiShion+1"],"picked":"Hololive_Teleport+1","floor":24},{"not_picked":["Hololive_OpenUp","Hololive_FlyingPonyTail+1","Hololive_Watashimo+1"],"picked":"Hololive_StrengthChampion","floor":28},{"not_picked":["Hololive_CallMurasakiShion","Hololive_HuntDinosaur","Hololive_CallOzoraSubaru","Hololive_CallOkamiMio+1"],"picked":"SKIP","floor":30},{"not_picked":["Hololive_CallShiranuiFlare","Hololive_RevenueBasedLive","Hololive_Breathe","Hololive_CallShishiroBotan+1"],"picked":"SKIP","floor":31},{"not_picked":["Hololive_FlareMind","Hololive_BeCareful","Hololive_MaximGun"],"picked":"Hololive_IdolExercise","floor":33},{"not_picked":["Hololive_HuntDinosaur+1","Hololive_Trident+1","Hololive_Psychosis+1","Hololive_CallShiranuiFlare"],"picked":"SKIP","floor":35}],"player_experience":46453,"relics_obtained":[{"floor":7,"key":"Peace Pipe"},{"floor":9,"key":"Chameleon Ring"},{"floor":10,"key":"ReplayTheSpireMod:TigerMarble"},{"floor":23,"key":"Bag of Preparation"},{"floor":26,"key":"ReplayTheSpireMod:Lightbulb"},{"floor":27,"key":"Whetstone"},{"floor":28,"key":"Blood Vial"},{"floor":36,"key":"ReplayTheSpireMod:Ring of Collecting"}],"event_choices":[{"cards_removed":["Hololive_CallYogiri"],"damage_healed":0,"gold_gain":0,"player_choice":"Card Removal","damage_taken":7,"max_hp_gain":0,"max_hp_loss":0,"event_name":"Golden Wing","floor":3,"gold_loss":0},{"damage_healed":0,"gold_gain":0,"player_choice":"Bought 1 Potion","damage_taken":0,"max_hp_gain":0,"max_hp_loss":0,"event_name":"The Woman in Blue","floor":12,"gold_loss":0},{"damage_healed":0,"gold_gain":0,"player_choice":"Ignored","damage_taken":0,"max_hp_gain":0,"max_hp_loss":0,"event_name":"Beggar","floor":21,"gold_loss":0},{"damage_healed":0,"gold_gain":0,"player_choice":"Became a vampire","damage_taken":0,"max_hp_gain":0,"max_hp_loss":10,"event_name":"Vampires","floor":22,"gold_loss":0,"cards_obtained":["Bite","Bite","Bite","Bite","Bite"]},{"damage_healed":0,"gold_gain":0,"player_choice":"Took Portal","damage_taken":0,"max_hp_gain":0,"max_hp_loss":0,"event_name":"SecretPortal","floor":37,"gold_loss":0}],"is_beta":false,"boss_relics":[{"not_picked":["ReplayTheSpireMod:DimensionalGlitch","Snecko Eye"],"picked":"Sozu"},{"not_picked":["Replay:Bronze Core","Replay:Grab Bag"],"picked":"Philosopher\u0027s Stone"}],"items_purged_floors":[],"is_endless":false,"potions_floor_spawned":[4,7,16,20,23,31,33],"ascension_level":2}}