{"host":"61ejhfsushs0xmcl","time":1609670301,"event":{"mods":["ATMod(阿瑾Mod)","Act Like it!","BaseMod","Colored Map","Gold Saver","Minty Spire (QoL Compilation)","MostiFishMod","Pale of the Ancients","Spicy Shops","StSLib","TestMod","Waifu the Spire","[IsaacMod]以撒尖塔","【遗物卡牌】REMEMod","篝火指南"],"gold_per_floor":[826,839,385,385,58,58,89,105,105,105,132,145,176,195,195,267,267,314,314,104,115,129,155,155,175,246,272,284,296,296,321,321,398,398,415,715,715,715,727,727,761,761,761,249,265,265,280,300,300,300,300,300,300,212,245,245],"floor_reached":57,"playtime":1782,"items_purged":["Strike_G","Defend_G","Heel Hook","Storm of Steel","Neutralize","Blur","AT_WindFlip"],"score":3649,"play_id":"107fa1ee-3ab8-4153-85f6-e297b4aa2dc7","local_time":"20210103183821","is_ascension_mode":true,"campfire_choices":[{"data":"AT_ChampionStep","floor":6.0,"key":"SMITH"},{"data":"AT_FocusSwordFire","floor":15.0,"key":"SMITH"},{"data":"Wraith Form v2","floor":24.0,"key":"SMITH"},{"data":"Acrobatics","floor":30.0,"key":"SMITH"},{"data":"Reflex","floor":32.0,"key":"SMITH"},{"data":"MostiFishMod:Dislodge","floor":40,"key":"SMITH"},{"data":"Blade Dance","floor":42,"key":"SMITH"},{"floor":46,"key":"RECALL"},{"data":"Acrobatics","floor":49,"key":"SMITH"},{"data":"AT_ShadowStep","floor":53,"key":"SMITH"}],"circlet_count":0,"master_deck":["AscendersBane","Survivor+1","AT_ChampionStep+1","MostiFishMod:ShivMaster+1","Acrobatics+1","Well Laid Plans","AT_FocusSwordFire+1","Blade Dance+1","REME_SpectralBlade","Wraith Form v2","Night Terror","Wraith Form v2+1","Phantasmal Killer","Tantrum","AT_ShadowStep+1","Acrobatics+1","Reflex+1","Calculated Gamble","Prepared+1","MostiFishMod:Dislodge+1","Calculated Gamble","Acrobatics+1"],"relics":["Ring of the Snake","testmod-TestBox","AT_ATBox","REME_ComplimentaryCards","HushsDoor","testmod-CardMagician","JellyFishMachine","SatanicBible","SynthV:TestCard","Civilization","War Paint","Question Card","MoneyPower","AT_ForceNature","Pandora\u0027s Box","Damocles","DaCapo","TimeFreeze","AT_BladeRuinedKing","PunchingBag","REME_HourglassOfDeath","YumHeart","testmod-HeartOfStrike","AT_DeathDance","BookofShadows","AT_BellowingDragoncrestRing","PillsDrop","AT_ImmortalShieldbow","DoctorsRemote","Ninja Scroll","RhineFirstAidKit","SharpPlug","DaveBox","HollowDreamFlower","BelialBook","AT_RedNoBalance","Singing Bowl","SteamSale","REME_LimitBreaker","Frozen Egg 2","InkBottle","Ice Cream","EdensBlessing","Strawberry","Bottled Flame"],"acts_visited":["Exordium","TheCity","TheBeyond","TheEnding"],"potions_floor_usage":[56,56],"damage_taken":[{"damage":0.0,"enemies":"Small Slimes","floor":1.0,"turns":6.0},{"damage":13.0,"enemies":"Jaw Worm","floor":2.0,"turns":9.0},{"damage":18.0,"enemies":"Lagavulin","floor":7.0,"turns":7.0},{"damage":0.0,"enemies":"2 Louse","floor":8.0,"turns":3.0},{"damage":0.0,"enemies":"Gremlin Nob","floor":11.0,"turns":4.0},{"damage":0.0,"enemies":"2 Fungi Beasts","floor":12.0,"turns":2.0},{"damage":0.0,"enemies":"3 Sentries","floor":13.0,"turns":2.0},{"damage":0.0,"enemies":"Exordium Wildlife","floor":14.0,"turns":1.0},{"damage":0.0,"enemies":"Hexaghost","floor":16.0,"turns":2.0},{"damage":0.0,"enemies":"2 Thieves","floor":18.0,"turns":1.0},{"damage":0.0,"enemies":"Shell Parasite","floor":21.0,"turns":1.0},{"damage":0.0,"enemies":"Sentry and Sphere","floor":22.0,"turns":1.0},{"damage":0.0,"enemies":"Slavers","floor":23.0,"turns":1.0},{"damage":0.0,"enemies":"Shelled Parasite and Fungi","floor":25.0,"turns":1.0},{"damage":0.0,"enemies":"Book of Stabbing","floor":27.0,"turns":1.0},{"damage":0.0,"enemies":"Snake Plant","floor":28.0,"turns":1.0},{"damage":0.0,"enemies":"Snecko","floor":29.0,"turns":1.0},{"damage":0.0,"enemies":"Gremlin Leader","floor":31.0,"turns":1.0},{"damage":0.0,"enemies":"Champ","floor":33.0,"turns":1.0},{"damage":0.0,"enemies":"3 Darklings","floor":35.0,"turns":1.0},{"damage":0.0,"enemies":"Orb Walker","floor":39.0,"turns":1.0},{"damage":0,"enemies":"Giant Head","floor":41,"turns":1},{"damage":0,"enemies":"Jaw Worm Horde","floor":45,"turns":1},{"damage":0,"enemies":"4 Shapes","floor":47,"turns":1},{"damage":0,"enemies":"3 Darklings","floor":48,"turns":1},{"damage":0,"enemies":"Donu and Deca","floor":50,"turns":1},{"damage":0,"enemies":"Time Eater","floor":51,"turns":1},{"damage":0,"enemies":"Shield and Spear","floor":55,"turns":1},{"damage":0,"enemies":"Delirium","floor":56,"turns":7}],"seed_played":"4888977783639333990","potions_obtained":[{"floor":8.0,"key":"testmod-TimePotion"},{"floor":13.0,"key":"Strength Potion"},{"floor":14.0,"key":"REME_GoldPotion"},{"floor":23.0,"key":"SneckoOil"},{"floor":25.0,"key":"Energy Potion"},{"floor":27.0,"key":"DuplicationPotion"}],"is_trial":false,"path_per_floor":["M","M","$","?","$","R","E","M","T","?","E","M","E","M","R","B",null,"M","?","$","M","M","E","R","M","T","E","M","M","R","E","R","B",null,"M","?","?","?","M","R","E","R","T","$","M","R","M","M","R","B","B",null,"R","$","E","B",null],"character_chosen":"THE_SILENT","items_purchased":["Civilization","Acrobatics","War Paint","Fruit Juice","Damocles","TimeFreeze","SteamSale","REME_LimitBreaker","Frozen Egg 2"],"campfire_rested":0,"item_purchase_floors":[3,3,3,5,17,20,44,44,44],"current_hp_per_floor":[59,46,46,46,46,46,29,32,32,13,17,23,32,43,43,55,82,106,71,71,86,103,123,123,145,145,168,192,217,217,245,245,274,306,341,341,341,333,369,369,406,406,406,406,249,249,299,353,353,409,466,628,628,628,696,760],"gold":245,"neow_bonus":"THREE_RARE_CARDS","is_daily":false,"chose_seed":false,"campfire_upgraded":9,"win_rate":0.0,"timestamp":1609670301,"path_taken":["M","M","$","?","$","R","E","M","T","?","E","M","E","M","R","BOSS","M","?","$","M","M","E","R","M","T","E","M","?","R","E","R","BOSS","M","?","?","?","M","R","E","R","T","$","M","R","M","M","R","BOSS","BOSS","R","$","E","BOSS"],"items_purchased_type":["Relic","Card","Relic","Potion","Relic","Relic","Relic","Relic","Relic"],"build_version":"2020-12-22","purchased_purges":7,"victory":true,"max_hp_per_floor":[60,60,60,60,60,60,61,64,64,64,68,74,83,94,94,106,91,115,120,120,135,152,172,172,194,194,217,241,266,266,294,294,323,316,351,351,351,333,369,369,406,406,406,406,448,448,494,544,544,596,649,649,649,649,713,773],"card_choices":[{"not_picked":[],"picked":"Bomb","floor":0.0},{"not_picked":["Venomology","Malaise"],"picked":"MostiFishMod:ShivMaster","floor":0.0},{"not_picked":["Dodge and Roll","AT_ArcaneSupremacy","Poisoned Stab"],"picked":"SKIP","floor":1.0},{"not_picked":["Dagger Throw","MostiFishMod:PerfectParry","Noxious Fumes","Poisoned Stab","Prepared"],"picked":"SKIP","floor":2.0},{"not_picked":["Quick Slash","Bane","Deflect","Backflip"],"picked":"Well Laid Plans","floor":7.0},{"not_picked":["Bane","Poisoned Stab","Terror","Dodge and Roll","Dagger Spray","Prepared"],"picked":"SKIP","floor":8.0},{"not_picked":["AT_TwilightShroud","Tools of the Trade","Dagger Spray","Prepared","Cloak And Dagger"],"picked":"AT_FocusSwordFire","floor":11.0},{"not_picked":["Dagger Spray","AT_WindRun","AT_WindFlip","Deflect","Prepared"],"picked":"Blade Dance","floor":12.0},{"not_picked":["MostiFishMod:PerfectParry","AT_KneejerkReflex","Expertise","PiercingWail","Catalyst"],"picked":"REME_SpectralBlade","floor":13.0},{"not_picked":["Blade Dance","Footwork","Slice","Flying Knee","Backflip","MostiFishMod:PerfectParry"],"picked":"SKIP","floor":14.0},{"not_picked":["Phantasmal Killer","MostiFishMod:VineMother","MostiFishMod:Neurotoxin","AT_MyraUnstableElement","Grand Finale"],"picked":"Wraith Form v2","floor":16.0},{"not_picked":["Dagger Throw+1","Dagger Spray","Blade Dance","Distraction","AT_Desolate"],"picked":"AT_ShadowStep","floor":18.0},{"not_picked":["MostiFishMod:PerfectParry","AT_KingSlayer","Deflect","Deadly Poison","Dagger Spray","Underhanded Strike+1"],"picked":"SKIP","floor":21.0},{"not_picked":["Cloak And Dagger","AT_ShadowStep","MostiFishMod:HiddenBlade","Finisher","PiercingWail"],"picked":"Acrobatics","floor":22.0},{"not_picked":["Bouncing Flask+1","Quick Slash","Noxious Fumes","AT_WindFlip","Flying Knee","Dagger Spray+1"],"picked":"SKIP","floor":23.0},{"not_picked":["Footwork","Deadly Poison","All Out Attack","Dagger Spray","Escape Plan"],"picked":"Reflex","floor":25.0},{"not_picked":["Wraith Form v2","Bane","All Out Attack","Flying Knee","Blade Dance"],"picked":"Calculated Gamble","floor":27.0},{"not_picked":["Underhanded Strike+1","Choke","Outmaneuver+1","Prepared","Skewer","Finisher"],"picked":"SKIP","floor":28.0},{"not_picked":["MostiFishMod:PoisonShield","Dagger Throw","Sucker Punch","Skewer","AT_WindFlip","Choke"],"picked":"SKIP","floor":29.0},{"not_picked":["AT_WindFlip","MostiFishMod:ThornCasing","Tactician","Tools of the Trade","Slice"],"picked":"Prepared+1","floor":31.0},{"not_picked":["Unload","Phantasmal Killer","Grand Finale","Die Die Die","Tools of the Trade"],"picked":"MostiFishMod:Dislodge","floor":33.0},{"not_picked":["Dagger Spray+1","Backflip","Acrobatics","Expertise+1","Quick Slash","Glass Knife"],"picked":"SKIP","floor":35.0},{"not_picked":["Sucker Punch","Blade Dance","AT_ThistleTea+1","Bullet Time","Eviscerate"],"picked":"Calculated Gamble","floor":39},{"not_picked":["Dodge and Roll","MostiFishMod:InvigoratingSolution","AT_WindFlip","Blade Dance","Cloak And Dagger","REME_ShadowForm"],"picked":"SKIP","floor":41},{"not_picked":["MostiFishMod:FrostNova+1","Choke","Cloak And Dagger+1","MostiFishMod:PerfectParry","AT_FocusSwordFire","Accuracy+1"],"picked":"Singing Bowl","floor":45},{"not_picked":["Sucker Punch","Expertise","Backflip+1","Dodge and Roll+1","Underhanded Strike+1","MostiFishMod:PerfectParry"],"picked":"Singing Bowl","floor":47},{"not_picked":["MostiFishMod:InvigoratingSolution","Underhanded Strike","AT_TinkerSharpsword+1","Tactician","Skewer+1"],"picked":"Acrobatics+1","floor":48},{"not_picked":["Catalyst","Blur+1","Slice","Sucker Punch+1","Dodge and Roll+1","Flying Knee"],"picked":"Singing Bowl","floor":55}],"player_experience":774346,"relics_obtained":[{"floor":1.0,"key":"SynthV:TestCard"},{"floor":7.0,"key":"Question Card"},{"floor":11.0,"key":"MoneyPower"},{"floor":13.0,"key":"AT_ForceNature"},{"floor":18.0,"key":"DaCapo"},{"floor":21.0,"key":"AT_BladeRuinedKing"},{"floor":22.0,"key":"PunchingBag"},{"floor":23.0,"key":"REME_HourglassOfDeath"},{"floor":23.0,"key":"YumHeart"},{"floor":25.0,"key":"testmod-HeartOfStrike"},{"floor":26.0,"key":"AT_DeathDance"},{"floor":27.0,"key":"BookofShadows"},{"floor":27.0,"key":"AT_BellowingDragoncrestRing"},{"floor":28.0,"key":"PillsDrop"},{"floor":29.0,"key":"AT_ImmortalShieldbow"},{"floor":31.0,"key":"DoctorsRemote"},{"floor":31.0,"key":"Ninja Scroll"},{"floor":35.0,"key":"SharpPlug"},{"floor":41,"key":"BelialBook"},{"floor":41,"key":"AT_SilverBalance"},{"floor":43,"key":"Singing Bowl"},{"floor":45,"key":"InkBottle"},{"floor":47,"key":"Ice Cream"},{"floor":48,"key":"EdensBlessing"},{"floor":55,"key":"Strawberry"},{"floor":55,"key":"Bottled Flame"}],"event_choices":[{"cards_removed":["Defend_G"],"damage_healed":0.0,"max_hp_gain":0.0,"max_hp_loss":0.0,"gold_gain":0.0,"event_name":"Living Wall","player_choice":"Forget","floor":4.0,"gold_loss":0.0,"damage_taken":0.0},{"damage_healed":0.0,"max_hp_gain":0.0,"max_hp_loss":0.0,"gold_gain":0.0,"event_name":"Shining Light","player_choice":"Entered Light","floor":10.0,"gold_loss":0.0,"damage_taken":19.0,"cards_upgraded":["Strike_G","MostiFishMod:ShivMaster"]},{"damage_healed":0.0,"max_hp_gain":5.0,"max_hp_loss":0.0,"gold_gain":0.0,"event_name":"Forgotten Altar","player_choice":"Shed Blood","floor":19.0,"gold_loss":0.0,"damage_taken":40.0},{"damage_healed":0.0,"max_hp_gain":0.0,"max_hp_loss":0.0,"gold_gain":0.0,"event_name":"给自己的盒子","player_choice":"Swap Relic","floor":37.0,"relics_lost":["DaveBox"],"gold_loss":0.0,"damage_taken":0.0,"relics_obtained":["DaveBox"]},{"damage_healed":0.0,"max_hp_gain":0.0,"max_hp_loss":18.0,"gold_gain":0.0,"event_name":"Winding Halls","player_choice":"Max HP","floor":38.0,"gold_loss":0.0,"damage_taken":0.0}],"is_beta":false,"boss_relics":[{"not_picked":["HereWithMe","testmod-PortableAltar"],"picked":"Pandora\u0027s Box"},{"not_picked":[]},{"not_picked":["Runic Dome","ExusiaiGun"],"picked":"RhineFirstAidKit"},{"not_picked":[]}],"items_purged_floors":[3,5,17,20,34,44,54],"is_endless":false,"potions_floor_spawned":[8,13,14,23,25,27,29,31,35,48],"ascension_level":20}}