{"host":"2se5dq1do2gp0x9k","time":1609638643,"event":{"mods":["AchievementEnabler","BaseMod","Block Reminder","Colored Map","Colored Powertips","Minty Spire (QoL Compilation)","Relic Stats","StSLib","SuperFastMode"],"gold_per_floor":[110,110,126,126,136,136,155,155,155,183,37,52,70,87,87,182,182,192,392,403,422,449,483,483,508,579,606,312,312,237,237,237,333,333,351,251,270,284,303,303,336,336,336,369,369,387,404,437,437,437],"floor_reached":51,"playtime":2189,"items_purged":["Strike_P","Defend_P"],"score":1165,"play_id":"2177721d-2189-44cf-991b-0b04a8133450","local_time":"20210102175043","is_ascension_mode":true,"campfire_choices":[{"data":"SandsOfTime","floor":6.0,"key":"SMITH"},{"data":"WheelKick","floor":8.0,"key":"SMITH"},{"data":"Whirlwind","floor":15.0,"key":"SMITH"},{"data":"Doppelganger","floor":24.0,"key":"SMITH"},{"data":"WheelKick","floor":29.0,"key":"SMITH"},{"floor":32.0,"key":"REST"},{"floor":40.0,"key":"RECALL"},{"data":"Protect","floor":42,"key":"SMITH"},{"data":"Acrobatics","floor":45,"key":"SMITH"},{"floor":49,"key":"REST"}],"circlet_count":0,"master_deck":["Strike_P","Defend_P","Defend_P","Defend_P","Eruption","Vigilance","WheelKick+1","Tantrum","WreathOfFlame","SandsOfTime+1","CutThroughFate","Vault","Protect+1","Blade Dance","Whirlwind+1","Doppelganger+1","Riddle With Holes+1","Clothesline","Acrobatics+1","Echo Form+1","Undo+1","WheelKick+1","Barricade+1","Protect+1","Footwork+1","Body Slam+1","Predator+1"],"relics":["HolyWater","Bird Faced Urn","Turnip","Frozen Egg 2","Lantern","PrismaticShard","Snecko Eye","Orichalcum","Anchor","Bag of Preparation","Question Card","Nunchaku","Medical Kit","Du-Vu Doll","Mummified Hand","White Beast Statue","Centennial Puzzle"],"acts_visited":["Exordium","TheCity","TheBeyond"],"potions_floor_usage":[41,48,50,50,50],"damage_taken":[{"damage":0.0,"enemies":"2 Louse","floor":1.0,"turns":3.0},{"damage":0.0,"enemies":"Cultist","floor":3.0,"turns":2.0},{"damage":4.0,"enemies":"Jaw Worm","floor":5.0,"turns":3.0},{"damage":11.0,"enemies":"Exordium Wildlife","floor":7.0,"turns":3.0},{"damage":10.0,"enemies":"Gremlin Nob","floor":10.0,"turns":3.0},{"damage":2.0,"enemies":"3 Louse","floor":12.0,"turns":4.0},{"damage":0.0,"enemies":"2 Fungi Beasts","floor":13.0,"turns":2.0},{"damage":14.0,"enemies":"Lots of Slimes","floor":14.0,"turns":4.0},{"damage":4.0,"enemies":"Hexaghost","floor":16.0,"turns":8.0},{"damage":9.0,"enemies":"2 Thieves","floor":18.0,"turns":2.0},{"damage":0.0,"enemies":"Chosen","floor":20.0,"turns":1.0},{"damage":0.0,"enemies":"Shelled Parasite and Fungi","floor":21.0,"turns":2.0},{"damage":10.0,"enemies":"Gremlin Leader","floor":23.0,"turns":3.0},{"damage":0.0,"enemies":"Slavers","floor":25.0,"turns":2.0},{"damage":3.0,"enemies":"Gremlin Leader","floor":27.0,"turns":4.0},{"damage":0.0,"enemies":"Champ","floor":33.0,"turns":5.0},{"damage":0.0,"enemies":"3 Darklings","floor":35.0,"turns":4.0},{"damage":0.0,"enemies":"Orb Walker","floor":37.0,"turns":2.0},{"damage":0.0,"enemies":"Transient","floor":38.0,"turns":6.0},{"damage":8.0,"enemies":"Maw","floor":39.0,"turns":6.0},{"damage":15,"enemies":"Reptomancer","floor":41,"turns":5},{"damage":0,"enemies":"Giant Head","floor":44,"turns":5},{"damage":0,"enemies":"4 Shapes","floor":46,"turns":5},{"damage":0,"enemies":"Jaw Worm Horde","floor":47,"turns":2},{"damage":26,"enemies":"Reptomancer","floor":48,"turns":3},{"damage":21,"enemies":"Awakened One","floor":50,"turns":14}],"seed_played":"8698582222566984206","potions_obtained":[{"floor":1.0,"key":"PowerPotion"},{"floor":3.0,"key":"Fire Potion"},{"floor":10.0,"key":"BottledMiracle"},{"floor":13.0,"key":"Strength Potion"},{"floor":27.0,"key":"SteroidPotion"},{"floor":33.0,"key":"PowerPotion"},{"floor":44,"key":"BlessingOfTheForge"},{"floor":46,"key":"LiquidMemories"},{"floor":48,"key":"EssenceOfSteel"}],"is_trial":false,"path_per_floor":["M","?","M","?","M","R","M","R","T","E","$","M","M","M","R","B",null,"M","?","M","M","T","E","R","E","T","E","$","R","?","?","R","B",null,"M","$","M","M","M","R","E","R","T","E","R","M","M","E","R","B",null],"character_chosen":"WATCHER","items_purchased":["PrismaticShard","WheelKick","Medical Kit"],"campfire_rested":2,"item_purchase_floors":[11,28,28],"current_hp_per_floor":[65,58,58,58,54,54,43,43,43,33,33,31,31,17,17,13,52,43,43,43,43,43,33,33,33,33,30,30,30,30,30,49,51,62,62,62,64,65,57,57,46,46,46,50,50,58,58,34,53,42],"gold":437,"neow_bonus":"ONE_RARE_RELIC","is_daily":false,"chose_seed":false,"campfire_upgraded":7,"win_rate":0.0,"timestamp":1609638643,"path_taken":["M","?","M","?","M","R","M","R","T","E","$","?","M","M","R","BOSS","M","?","?","M","?","E","R","E","T","E","?","R","?","?","R","BOSS","M","$","M","M","M","R","E","R","T","E","R","M","M","E","R","BOSS"],"items_purchased_type":["Relic","Card","Relic"],"build_version":"2020-12-22","purchased_purges":2,"victory":true,"max_hp_per_floor":[65,65,65,65,65,65,65,65,65,65,65,65,65,65,65,65,65,65,65,65,65,65,65,65,65,65,65,65,65,65,65,65,65,65,65,65,65,65,65,65,65,65,65,65,65,65,65,65,65,65],"relic_stats":{"Nunchaku":[15],"Centennial Puzzle":[3],"counters":[26,103],"Mummified Hand":[25],"Bird Faced Urn":[33],"Snecko Eye":[127,129,136,126],"Turnip":[5],"Bag of Preparation":[4],"Orichalcum":[42],"Question Card":11,"Medical Kit":[0],"obtain_stats":[{"Lantern":10,"Bag of Preparation":25,"Frozen Egg 2":9,"Orichalcum":22,"PrismaticShard":11,"Question Card":26,"Medical Kit":28,"White Beast Statue":44,"Du-Vu Doll":41,"Anchor":23,"Nunchaku":27,"Centennial Puzzle":48,"Mummified Hand":43,"Bird Faced Urn":0,"Snecko Eye":17,"HolyWater":34,"Turnip":2,"PureWater":0},{"Lantern":5,"Bag of Preparation":14,"Frozen Egg 2":4,"Orichalcum":12,"PrismaticShard":5,"Question Card":14,"Medical Kit":15,"White Beast Statue":22,"Du-Vu Doll":21,"Anchor":13,"Nunchaku":15,"Centennial Puzzle":25,"Mummified Hand":21,"Bird Faced Urn":0,"Snecko Eye":9,"HolyWater":16,"Turnip":1,"PureWater":0},{"Lantern":14,"Bag of Preparation":42,"Frozen Egg 2":11,"Orichalcum":37,"PrismaticShard":14,"Question Card":42,"Medical Kit":46,"White Beast Statue":79,"Du-Vu Doll":74,"Anchor":40,"Nunchaku":46,"Centennial Puzzle":89,"Mummified Hand":74,"Bird Faced Urn":0,"Snecko Eye":32,"HolyWater":51,"Turnip":3,"PureWater":0}]},"card_choices":[{"not_picked":["Study","ClearTheMind"],"picked":"WheelKick","floor":1.0},{"not_picked":["CrushJoints","Indignation"],"picked":"Tantrum","floor":3.0},{"not_picked":["Halt","ClearTheMind"],"picked":"SandsOfTime","floor":5.0},{"not_picked":["ThirdEye","Collect"],"picked":"CutThroughFate","floor":7.0},{"not_picked":["FollowUp","JustLucky"],"picked":"Vault","floor":10.0},{"not_picked":["CarveReality","Deflect"],"picked":"Protect","floor":12.0},{"not_picked":["Prostrate","PiercingWail"],"picked":"Blade Dance","floor":13.0},{"not_picked":["Redo","FearNoEvil"],"picked":"Whirlwind","floor":14.0},{"not_picked":["Malaise","Venomology"],"picked":"Doppelganger","floor":16.0},{"not_picked":["Evaluate+1","Choke+1"],"picked":"Riddle With Holes+1","floor":18.0},{"not_picked":["Consecrate","Tactician"],"picked":"Clothesline","floor":20.0},{"not_picked":["Beam Cell","Protect"],"picked":"Acrobatics","floor":21.0},{"not_picked":["ReachHeaven","CrushJoints","FlyingSleeves+1"],"picked":"SKIP","floor":23.0},{"not_picked":["LessonLearned","FearNoEvil"],"picked":"Echo Form+1","floor":25.0},{"not_picked":["Blur+1","Poisoned Stab","Slice"],"picked":"Undo+1","floor":27.0},{"not_picked":["Seek","Doppelganger","Burst"],"picked":"Barricade+1","floor":33.0},{"not_picked":["Chaos","Infinite Blades+1","Anger","Hemokinesis"],"picked":"SKIP","floor":35.0},{"not_picked":["Wild Strike","Choke+1","Jack Of All Trades"],"picked":"Protect","floor":37.0},{"not_picked":["Jack Of All Trades","Enlightenment","Combust+1","Eviscerate+1"],"picked":"SKIP","floor":38.0},{"not_picked":["EmptyFist+1","WaveOfTheHand","Consecrate"],"picked":"Footwork+1","floor":39.0},{"not_picked":["Cold Snap+1","Sucker Punch","Mind Blast+1","Steam+1"],"picked":"SKIP","floor":41},{"not_picked":["Finesse+1","Perfected Strike","Mind Blast+1"],"picked":"Body Slam+1","floor":44},{"not_picked":["Power Through","Thunderclap","Sweeping Beam","Steam"],"picked":"SKIP","floor":46},{"not_picked":["Offering","Whirlwind","Pray+1","Blade Dance"],"picked":"SKIP","floor":47},{"not_picked":["Backflip","Tactician","Indignation"],"picked":"Predator+1","floor":48}],"player_experience":3722886,"relics_obtained":[{"floor":9.0,"key":"Frozen Egg 2"},{"floor":10.0,"key":"Lantern"},{"floor":22.0,"key":"Orichalcum"},{"floor":23.0,"key":"Anchor"},{"floor":25.0,"key":"Bag of Preparation"},{"floor":26.0,"key":"Question Card"},{"floor":27.0,"key":"Nunchaku"},{"floor":41,"key":"Du-Vu Doll"},{"floor":43,"key":"Mummified Hand"},{"floor":44,"key":"White Beast Statue"},{"floor":48,"key":"Centennial Puzzle"}],"event_choices":[{"damage_healed":0.0,"max_hp_gain":0.0,"max_hp_loss":0.0,"gold_gain":0.0,"event_name":"Scrap Ooze","player_choice":"Success","floor":2.0,"gold_loss":0.0,"damage_taken":7.0,"relics_obtained":["Turnip"]},{"damage_healed":0.0,"max_hp_gain":0.0,"max_hp_loss":0.0,"gold_gain":0.0,"cards_transformed":["Strike_P"],"event_name":"Transmorgrifier","player_choice":"Transformed","floor":4.0,"gold_loss":0.0,"damage_taken":0.0,"cards_obtained":["WreathOfFlame"]},{"damage_healed":0.0,"max_hp_gain":0.0,"max_hp_loss":0.0,"gold_gain":250.0,"event_name":"The Joust","player_choice":"Bet on Owner","floor":19.0,"gold_loss":50.0,"damage_taken":0.0},{"cards_removed":["Strike_P"],"damage_healed":0.0,"max_hp_gain":0.0,"max_hp_loss":0.0,"gold_gain":0.0,"event_name":"Beggar","player_choice":"Gave Gold","floor":30.0,"gold_loss":75.0,"damage_taken":0.0},{"damage_healed":0.0,"max_hp_gain":0.0,"max_hp_loss":0.0,"gold_gain":0.0,"event_name":"Accursed Blacksmith","player_choice":"Forge","floor":31.0,"gold_loss":0.0,"damage_taken":0.0,"cards_upgraded":["Protect"]}],"is_beta":false,"boss_relics":[{"not_picked":["Velvet Choker","Tiny House"],"picked":"Snecko Eye"},{"not_picked":["SlaversCollar","Coffee Dripper"],"picked":"HolyWater"}],"items_purged_floors":[28,36],"is_endless":false,"potions_floor_spawned":[1,3,10,13,20,21,27,33,35,37,39,44,46,47,48],"ascension_level":5}}