{"host":"7uuqqk35leady37t","time":1609652936,"event":{"mods":["BaseMod","Colored Map","Colored Powertips","Downfall","Marisa£®ÏF”Í°°ƒß¿Ì…≥£©","Minty Spire (QoL Compilation)","Remilia£®¿Ÿ√◊¿Ú—«£©","Robot Space Explorer","StSLib","The Bug Knight","The Servant 0.9.4","Waifu the Spire","Yuri Mod","[IsaacMod]“‘»ˆº‚À˛"],"gold_per_floor":[119,139,156,156,171,171,196,196,196,209,249,249,292,338,350,362,362],"floor_reached":16,"playtime":726,"items_purged":[],"score":154,"play_id":"8c3c64e1-5b04-4f29-84a8-dabbf8698574","local_time":"20210103134856","is_ascension_mode":true,"campfire_choices":[{"data":"MachineGunSpark","floor":6,"key":"SMITH"},{"data":"IllusionStar","floor":8,"key":"SMITH"},{"floor":12,"key":"REST"},{"floor":15,"key":"REST"}],"circlet_count":0,"master_deck":["Strike_MRS","Strike_MRS","Strike_MRS","Defend_MRS","Defend_MRS","Defend_MRS","Defend_MRS","MasterSpark","UpSweep","Bomb","BlazingStar","ChargingUp","DoubleSpark","GrandCross","MachineGunSpark+1","JA","IllusionStar+1","WitchOfGreed","EscapeVelocity","FairyDestructionRay","MachineGunSpark"],"relics":["MiniHakkero","HushsDoor","Void","BookofShadows","Shuriken","Anchor"],"acts_visited":["Exordium"],"potions_floor_usage":[16,16,16],"damage_taken":[{"damage":12,"enemies":"2 Louse","floor":1,"turns":3},{"damage":8,"enemies":"Jaw Worm","floor":2,"turns":3},{"damage":3,"enemies":"Small Slimes","floor":3,"turns":3},{"damage":5,"enemies":"Gremlin Gang","floor":5,"turns":4},{"damage":20,"enemies":"3 Sentries","floor":7,"turns":4},{"damage":8,"enemies":"3 Louse","floor":10,"turns":3},{"damage":0,"enemies":"Gremlin Nob","floor":11,"turns":3},{"damage":20,"enemies":"3 Sentries","floor":13,"turns":5},{"damage":9,"enemies":"Blue Slaver","floor":14,"turns":3},{"damage":34,"enemies":"The Guardian","floor":16,"turns":6}],"seed_played":"-115520491111866311","potions_obtained":[{"floor":5,"key":"champ:CounterPotion"},{"floor":10,"key":"SneckoOil"},{"floor":11,"key":"Block Potion"},{"floor":14,"key":"ShroomBrew"}],"is_trial":false,"path_per_floor":["M","M","M","?","M","R","E","R","T","M","E","R","E","M","R","B"],"character_chosen":"MARISA","items_purchased":[],"campfire_rested":2,"item_purchase_floors":[],"current_hp_per_floor":[63,55,52,52,47,47,27,27,27,19,19,41,21,12,34,0,0],"gold":362,"neow_bonus":"ONE_RANDOM_RARE_CARD","is_daily":false,"chose_seed":false,"campfire_upgraded":2,"win_rate":0.0,"timestamp":1609652936,"path_taken":["M","M","M","?","M","R","E","R","T","M","E","R","E","M","R","BOSS"],"items_purchased_type":[],"build_version":"2020-12-22","purchased_purges":0,"victory":false,"max_hp_per_floor":[75,75,75,75,75,75,75,75,75,75,75,75,75,75,75,75,75],"card_choices":[{"not_picked":[],"picked":"Bomb","floor":0},{"not_picked":["SporeBomb","OrrerysSun"],"picked":"ChargingUp","floor":1},{"not_picked":["6A","DC"],"picked":"DoubleSpark","floor":2},{"not_picked":["MilkyWay","UnstableBomb"],"picked":"GrandCross","floor":3},{"not_picked":["DC","6A"],"picked":"JA","floor":5},{"not_picked":["GravityBeat","AsteroidBelt"],"picked":"IllusionStar","floor":7},{"not_picked":["MagicAbsorber","Singularity"],"picked":"WitchOfGreed","floor":10},{"not_picked":["Occultation","WitchLeyline"],"picked":"EscapeVelocity","floor":11},{"not_picked":["StarBarrage","CollectingQuirk"],"picked":"FairyDestructionRay","floor":13},{"not_picked":["MagicAbsorber","EnergyFlow"],"picked":"MachineGunSpark","floor":14}],"player_experience":43357,"relics_obtained":[{"floor":7,"key":"BookofShadows"},{"floor":9,"key":"Shuriken"},{"floor":11,"key":"Anchor"},{"floor":13,"key":"MawBank"}],"event_choices":[{"damage_healed":0,"gold_gain":0,"cards_transformed":["Strike_MRS"],"player_choice":"Change","damage_taken":0,"max_hp_gain":0,"max_hp_loss":0,"event_name":"Living Wall","floor":4,"gold_loss":0,"cards_obtained":["MachineGunSpark"]}],"is_beta":false,"boss_relics":[],"items_purged_floors":[],"is_endless":false,"potions_floor_spawned":[5,10,11,13,14],"killed_by":"The Guardian","ascension_level":1}}