{"host":"armnliea5o2aqs4b","time":1609670513,"event":{"mods":["BaseMod","Hubris","Infinite Spire","Minty Spire (QoL Compilation)","Quick Restart","StSLib"],"gold_per_floor":[116,132,205,205,205,233,253,283,283,294,294,325,99,111,111,210,210,229,329,80,90,90,90,90,102,102,102,120,120,155,10,10,112,112,128,128,128,140,40,67,80,80,126,126,126,136,136,163,163,163],"floor_reached":51,"playtime":1580,"items_purged":["Strike_R","Sentinel"],"score":956,"play_id":"08325349-0059-44e2-9333-9f8bda4684ce","local_time":"20210103214153","is_ascension_mode":true,"campfire_choices":[{"data":"Whirlwind","floor":11,"key":"SMITH"},{"data":"Spot Weakness","floor":15,"key":"SMITH"},{"data":"Spot Weakness","floor":23,"key":"SMITH"},{"data":"Inflame","floor":27,"key":"SMITH"},{"data":"Disarm","floor":29,"key":"SMITH"},{"data":"Limit Break","floor":32,"key":"SMITH"},{"floor":44,"key":"REST"},{"floor":47,"key":"REST"},{"data":"Double Tap","floor":49,"key":"SMITH"}],"circlet_count":0,"master_deck":["Defend_R","Defend_R","Defend_R","Defend_R","Bash","Uppercut+1","Flex","Sever Soul+1","Shrug It Off","Whirlwind+1","Disarm+1","Spot Weakness+1","Spot Weakness+1","Shrug It Off+1","Rupture+1","Twin Strike+1","Thunderclap+1","Inflame+1","hubris:SharpeningStone+1","Limit Break+1","Double Tap+1","Reaper+1","Heavy Blade+1","Normality"],"relics":["Burning Blood","NeowsBlessing","hubris:Icosahedron","infinitespire:PuzzleCube","Lantern","infinitespire:WardingShard","Whetstone","hubris:EmptyBottle","Astrolabe","Molten Egg 2","hubris:DisguiseKit","Anchor","FossilizedHelix","Bag of Preparation","hubris:Towel","PreservedInsect","Orichalcum","Mercury Hourglass"],"acts_visited":["Exordium","TheCity","TheBeyond"],"potions_floor_usage":[12,16,33,35,37,46,46,50,50],"damage_taken":[{"damage":0.0,"enemies":"Small Slimes","floor":1.0,"turns":2.0},{"damage":0.0,"enemies":"Jaw Worm","floor":2.0,"turns":1.0},{"damage":0.0,"enemies":"Lagavulin","floor":6.0,"turns":1.0},{"damage":0,"enemies":"Cultist","floor":7,"turns":2},{"damage":25,"enemies":"3 Sentries","floor":8,"turns":6},{"damage":0,"enemies":"2 Fungi Beasts","floor":10,"turns":3},{"damage":20,"enemies":"Lagavulin","floor":12,"turns":6},{"damage":0,"enemies":"Lots of Slimes","floor":14,"turns":1},{"damage":13,"enemies":"Slime Boss","floor":16,"turns":5},{"damage":7,"enemies":"Shell Parasite","floor":18,"turns":4},{"damage":15,"enemies":"Spheric Guardian","floor":21,"turns":4},{"damage":5,"enemies":"3 Cultists","floor":25,"turns":3},{"damage":0,"enemies":"Chosen and Byrds","floor":28,"turns":2},{"damage":19,"enemies":"Slavers","floor":30,"turns":3},{"damage":27,"enemies":"Champ","floor":33,"turns":7},{"damage":60,"enemies":"3 Shapes","floor":35,"turns":4},{"damage":10,"enemies":"3 Darklings","floor":38,"turns":3},{"damage":70,"enemies":"Nemesis","floor":40,"turns":9},{"damage":9,"enemies":"Writhing Mass","floor":41,"turns":5},{"damage":18,"enemies":"Sphere and 2 Shapes","floor":46,"turns":5},{"damage":0,"enemies":"Giant Head","floor":48,"turns":6},{"damage":54,"enemies":"infinitespire:MassOfShapes","floor":50,"turns":8}],"seed_played":"4520665739125635974","potions_obtained":[{"floor":6.0,"key":"Weak Potion"},{"floor":7,"key":"ElixirPotion"},{"floor":10,"key":"Energy Potion"},{"floor":16,"key":"Regen Potion"},{"floor":18,"key":"BloodPotion"},{"floor":28,"key":"DuplicationPotion"},{"floor":37,"key":"BloodPotion"},{"floor":37,"key":"FairyPotion"},{"floor":40,"key":"Fire Potion"},{"floor":46,"key":"PowerPotion"}],"is_trial":false,"path_per_floor":["M","M","?","?","?","E","M","E","T","M","R","E","$","M","R","B",null,"M","?","$","M","?","R","?","M","T","R","M","R","E","$","R","B",null,"M","?","?","M","$","E","M","?","T","R","?","M","R","E","R","B",null],"character_chosen":"IRONCLAD","items_purchased":["hubris:EmptyBottle","Molten Egg 2","Bag of Preparation"],"campfire_rested":2,"item_purchase_floors":[13,20,31],"current_hp_per_floor":[80,80,80,80,80,80,80,61,61,67,67,53,53,59,59,52,80,79,79,79,70,70,70,70,71,71,71,77,77,64,64,64,43,80,42,42,58,54,54,15,12,12,12,36,36,34,58,80,80,51],"gold":163,"neow_bonus":"THREE_ENEMY_KILL","is_daily":false,"chose_seed":false,"campfire_upgraded":7,"win_rate":0.0,"timestamp":1609670513,"path_taken":["M","M","?","?","?","E","M","E","T","M","R","E","$","M","R","BOSS","M","?","?","?","?","R","?","?","T","R","M","R","E","?","R","BOSS","M","?","?","M","$","E","?","?","T","R","?","?","R","E","R","BOSS"],"items_purchased_type":["Relic","Relic","Relic"],"build_version":"2020-12-22","purchased_purges":2,"victory":true,"max_hp_per_floor":[80,80,80,80,80,80,80,80,80,80,80,80,80,80,80,80,80,80,80,80,80,80,80,80,80,80,80,80,80,80,80,80,80,80,80,80,80,80,80,80,80,80,80,80,80,80,80,80,80,80],"card_choices":[{"not_picked":["Pummel","Ghostly Armor"],"picked":"Uppercut","floor":1.0},{"not_picked":["Perfected Strike","Shrug It Off"],"picked":"Flex","floor":2.0},{"not_picked":["Brutality","Feel No Pain","Combust"],"picked":"SKIP","floor":6.0},{"not_picked":["True Grit","Sword Boomerang"],"picked":"Shrug It Off","floor":7},{"not_picked":["Fiend Fire","Shrug It Off"],"picked":"Whirlwind","floor":8},{"not_picked":["Havoc","hubris:CleavingFinish"],"picked":"Disarm","floor":10},{"not_picked":["Shrug It Off","Evolve"],"picked":"Spot Weakness","floor":12},{"not_picked":["Disarm","Anger"],"picked":"Spot Weakness","floor":14},{"not_picked":["True Grit","Power Through","Perfected Strike"],"picked":"SKIP","floor":18},{"not_picked":["Wild Strike+1","Clash+1"],"picked":"Thunderclap+1","floor":21},{"not_picked":["Thunderclap+1","Rampage+1","Headbutt+1","Slice"],"picked":"SKIP","floor":25},{"not_picked":["Ghostly Armor","Battle Trance","Slice"],"picked":"hubris:SharpeningStone+1","floor":28},{"not_picked":["Blood for Blood+1","Evolve","Poisoned Stab"],"picked":"Limit Break","floor":30},{"not_picked":["Barricade","Immolate+1","Doppelganger"],"picked":"Double Tap","floor":33},{"not_picked":["Carnage+1","Rupture+1","Perfected Strike+1","Noxious Fumes"],"picked":"SKIP","floor":35},{"not_picked":["Uppercut+1","Heavy Blade+1","Outmaneuver"],"picked":"Sentinel","floor":38},{"not_picked":["Blood for Blood+1","infinitespire:OneForAll+1","Riddle With Holes"],"picked":"Reaper+1","floor":40},{"not_picked":["Havoc+1","Blood for Blood+1","hubris:ReadiedAction","Catalyst"],"picked":"SKIP","floor":41},{"not_picked":["Burning Pact+1","Iron Wave+1","Hemokinesis+1","Prepared"],"picked":"SKIP","floor":46},{"not_picked":["Rage","Havoc+1","Sentinel","Skewer"],"picked":"SKIP","floor":48}],"player_experience":148246,"relics_obtained":[{"floor":6.0,"key":"infinitespire:PuzzleCube"},{"floor":8,"key":"Lantern"},{"floor":9,"key":"infinitespire:WardingShard"},{"floor":12,"key":"Whetstone"},{"floor":26,"key":"Anchor"},{"floor":30,"key":"FossilizedHelix"},{"floor":40,"key":"PreservedInsect"},{"floor":43,"key":"Orichalcum"},{"floor":48,"key":"Mercury Hourglass"}],"event_choices":[{"damage_healed":0.0,"max_hp_gain":0.0,"max_hp_loss":0.0,"gold_gain":73.0,"event_name":"Golden Wing","player_choice":"Gained Gold","floor":3.0,"gold_loss":0.0,"damage_taken":0.0},{"damage_healed":0.0,"max_hp_gain":0.0,"max_hp_loss":0.0,"gold_gain":0.0,"cards_transformed":["Strike_R"],"event_name":"Living Wall","player_choice":"Change","floor":5.0,"gold_loss":0.0,"damage_taken":0.0,"cards_obtained":["Sever Soul"]},{"damage_healed":0,"gold_gain":100,"player_choice":"Pray","damage_taken":0,"max_hp_gain":0,"max_hp_loss":0,"event_name":"Golden Shrine","floor":19,"gold_loss":0},{"damage_healed":0,"gold_gain":0,"player_choice":"Opened","damage_taken":0,"relics_obtained":["hubris:DisguiseKit"],"max_hp_gain":0,"max_hp_loss":0,"event_name":"The Mausoleum","floor":22,"gold_loss":0,"cards_obtained":["Writhe"]},{"damage_healed":0,"gold_gain":0,"player_choice":"Read","damage_taken":0,"max_hp_gain":0,"max_hp_loss":0,"event_name":"The Library","floor":24,"gold_loss":0,"cards_obtained":["Inflame"]},{"damage_healed":0,"gold_gain":0,"player_choice":"Got Potions","damage_taken":0,"max_hp_gain":0,"max_hp_loss":0,"event_name":"Lab","floor":37,"gold_loss":0},{"damage_healed":0,"gold_gain":0,"cards_transformed":["Writhe"],"player_choice":"Transformed","damage_taken":0,"max_hp_gain":0,"max_hp_loss":0,"event_name":"Transmorgrifier","floor":45,"gold_loss":0,"cards_obtained":["Normality"]}],"is_beta":false,"boss_relics":[{"not_picked":["hubris:ScarierMask","hubris:HollowSoul"],"picked":"Astrolabe"},{"not_picked":[]}],"items_purged_floors":[13,39],"is_endless":false,"potions_floor_spawned":[6,7,10,16,18,25,28,40,41,46,48],"ascension_level":3}}