{"host":"se62q65hiqxz7cab","time":1609657509,"event":{"mods":["Act Like it!","BaseMod","Colored Map","Hallownest","Marisa£®ÏF”Í°°ƒß¿Ì…≥£©","Minty Spire (QoL Compilation)","Replay The Spire","Shop Mod","StSLib","The Bug Knight","The Servant 0.9.4"],"gold_per_floor":[115,125,225,243,259,259,270,284,356,391,391,41,41,41,41,143,143,125,125,125,136,150,150,165,177,177,177,177,327,327,339,339,441,441,454,454,309,326,339,339,355,374,374,374,399,399,22,37,37,37,37],"floor_reached":50,"playtime":3276,"items_purged":["BlazingStar+1"],"score":526,"play_id":"48e15a17-6aaf-48b5-98ed-320fd96e52da","local_time":"20210103150509","is_ascension_mode":false,"campfire_choices":[{"data":"OrrerysSun","floor":6,"key":"SMITH"},{"floor":11,"key":"REST"},{"data":"FinalSpark","floor":13,"key":"SMITH"},{"data":"AsteroidBelt","floor":15,"key":"SMITH"},{"floor":23,"key":"REST"},{"floor":27,"key":"REST"},{"floor":30,"key":"REST"},{"floor":32,"key":"REST"},{"floor":40,"key":"REST"},{"floor":46,"key":"REST"},{"floor":49,"key":"REST"}],"circlet_count":0,"master_deck":["Strike_MRS","Strike_MRS","Strike_MRS","Defend_MRS","Defend_MRS","Defend_MRS","MasterSpark","UpSweep","GrandCross","SporeBomb","OrrerysSun+1","IllusionStar","AsteroidBelt+1","FinalSpark+1","PowerUp","MaximisePower","EnergyFlow","ReplayTheSpireMod:Faulty Equipment","PowerUp+1","FinalSpark","SatelliteIllusion+1","MagicChant+1","PulseMagic+1","Madness","Madness","CasketOfStar","MagicAbsorber","EnergyFlow+1","Parasite","AlicesGift+1","Mayhem+1","ChargeUpSpray"],"relics":["MiniHakkero","Pear","Gambling Chip","Ring of Hypnosis","SacredBark","Nloth\u0027s Gift","Mirror","Pantograph","ReplayTheSpireMod:CursedCoin","Astrolabe","HollowMod:JonisBlessing","Frozen Egg 2","Happy Flower","TungstenRod"],"acts_visited":["Exordium","TheCity","TheBeyond"],"potions_floor_usage":[39,50],"damage_taken":[{"damage":4,"enemies":"Cultist","floor":1,"turns":4},{"damage":7,"enemies":"Small Slimes","floor":2,"turns":3},{"damage":2,"enemies":"2 Louse","floor":4,"turns":2},{"damage":10,"enemies":"Looter","floor":5,"turns":3},{"damage":7,"enemies":"Gremlin Gang","floor":7,"turns":5},{"damage":13,"enemies":"Red Slaver","floor":8,"turns":3},{"damage":13,"enemies":"3 Sentries","floor":10,"turns":6},{"damage":41,"enemies":"The Guardian","floor":16,"turns":9},{"damage":7,"enemies":"2 Thieves","floor":18,"turns":4},{"damage":7,"enemies":"Chosen","floor":21,"turns":6},{"damage":25,"enemies":"Snecko","floor":22,"turns":6},{"damage":23,"enemies":"3 Cultists","floor":24,"turns":6},{"damage":52,"enemies":"Chosen and Byrds","floor":25,"turns":8},{"damage":23,"enemies":"Snecko","floor":31,"turns":6},{"damage":62,"enemies":"Collector","floor":33,"turns":10},{"damage":23,"enemies":"3 Shapes","floor":35,"turns":8},{"damage":0,"enemies":"Orb Walker","floor":38,"turns":3},{"damage":30,"enemies":"Spire Growth","floor":39,"turns":4},{"damage":9,"enemies":"Maw","floor":41,"turns":7},{"damage":0,"enemies":"Writhing Mass","floor":42,"turns":6},{"damage":26,"enemies":"Nemesis","floor":45,"turns":7},{"damage":34,"enemies":"4 Shapes","floor":48,"turns":6},{"damage":43,"enemies":"Time Eater","floor":50,"turns":9}],"seed_played":"2269608106035884213","potions_obtained":[{"floor":1,"key":"Cursed Concoction"},{"floor":5,"key":"SteroidPotion"},{"floor":7,"key":"SkillPotion"},{"floor":10,"key":"DistilledChaos"},{"floor":22,"key":"StarNLove"},{"floor":45,"key":"FearPotion"}],"is_trial":false,"path_per_floor":["M","M","?","M","M","R","M","M","T","E","R","$","R","?","R","B",null,"M","?","$","M","M","R","M","M","T","R","T","$","R","M","R","B",null,"M","?","$","M","M","R","M","M","T","?","E","R","$","M","R","B"],"character_chosen":"MARISA","items_purchased":["PowerUp","Gambling Chip","ReplayTheSpireMod:CursedCoin","HollowMod:JonisBlessing","TungstenRod"],"campfire_rested":8,"item_purchase_floors":[12,12,29,37,47],"current_hp_per_floor":[78,71,71,69,59,59,52,39,49,36,63,63,63,63,63,22,92,85,85,85,78,53,80,57,5,5,32,32,32,59,36,63,26,92,69,57,57,57,27,54,45,45,45,45,19,46,46,12,39,0,0],"gold":37,"neow_bonus":"TEN_PERCENT_HP_BONUS","is_daily":false,"chose_seed":false,"campfire_upgraded":3,"win_rate":0.0,"timestamp":1609657509,"path_taken":["M","?","?","M","M","R","?","M","T","E","R","?","R","?","R","BOSS","M","?","$","?","M","R","M","M","T","R","?","$","R","M","R","BOSS","M","?","$","M","M","R","M","M","T","?","E","R","$","M","R","BOSS"],"items_purchased_type":["Card","Relic","Relic","Relic","Relic"],"build_version":"2020-12-22","purchased_purges":1,"victory":false,"max_hp_per_floor":[82,82,82,82,82,82,82,82,92,92,92,92,92,92,92,92,92,92,92,92,92,92,92,92,92,92,92,92,92,92,92,92,92,92,92,92,92,92,92,92,92,92,92,92,92,92,92,92,92,92,92],"card_choices":[{"not_picked":["RefractionSpark","DoubleSpark"],"picked":"GrandCross","floor":1},{"not_picked":["Acceleration","EnergyFlow"],"picked":"SporeBomb","floor":2},{"not_picked":["UnstableBomb","GravityBeat","WitchOfGreed"],"picked":"SKIP","floor":4},{"not_picked":["IllusionStar","UnstableBomb"],"picked":"OrrerysSun","floor":5},{"not_picked":["StarBarrage","GrandCross"],"picked":"IllusionStar","floor":7},{"not_picked":["IllusionStar","WitchOfGreed"],"picked":"AsteroidBelt","floor":8},{"not_picked":["OrrerysSun","ChargeUpSpray"],"picked":"FinalSpark","floor":10},{"not_picked":["JA","BlazingStar"],"picked":"MaximisePower","floor":16},{"not_picked":["SporeBomb","EnergyRecoil","6A"],"picked":"SKIP","floor":18},{"not_picked":["GalacticHalo","BinaryStars","AsteroidBelt"],"picked":"SKIP","floor":21},{"not_picked":["MysteriousBeam","6A+1"],"picked":"FairyDestructionRay","floor":22},{"not_picked":["GrandCross","NonDirectionalLaser+1"],"picked":"EnergyFlow","floor":24},{"not_picked":["AsteroidBelt","GasGiant","OortCloud"],"picked":"SKIP","floor":25},{"not_picked":["MilkyWay+1","WitchLeyline"],"picked":"PowerUp+1","floor":31},{"not_picked":["MaximisePower","BinaryStars"],"picked":"FinalSpark","floor":33},{"not_picked":["EarthLightRay+1","PowerUp+1"],"picked":"PulseMagic+1","floor":35},{"not_picked":["Robbery","DarkMatter+1"],"picked":"CasketOfStar","floor":38},{"not_picked":["PowerUp+1","AsteroidBelt+1"],"picked":"MagicAbsorber","floor":39},{"not_picked":["MysteriousBeam+1","SporeBomb+1"],"picked":"EnergyFlow+1","floor":41},{"not_picked":["DarkMatter","MeteoricShower"],"picked":"AlicesGift+1","floor":42},{"not_picked":["Swift Strike","Magnetism+1"],"picked":"Mayhem+1","floor":44},{"not_picked":["MagicChant+1","ChargingUp+1"],"picked":"ChargeUpSpray","floor":45},{"not_picked":["BinaryStars","FairyDestructionRay+1","SporeBomb+1"],"picked":"SKIP","floor":48}],"player_experience":159817,"relics_obtained":[{"floor":9,"key":"Pear"},{"floor":10,"key":"StoneCalendar"},{"floor":14,"key":"Ring of Hypnosis"},{"floor":26,"key":"Mirror"},{"floor":28,"key":"Pantograph"},{"floor":43,"key":"Frozen Egg 2"},{"floor":45,"key":"Happy Flower"}],"event_choices":[{"damage_healed":0,"gold_gain":100,"player_choice":"Pray","damage_taken":0,"max_hp_gain":0,"max_hp_loss":0,"event_name":"Golden Shrine","floor":3,"gold_loss":0},{"damage_healed":0,"gold_gain":0,"player_choice":"Traded Relic","damage_taken":0,"relics_obtained":["Nloth\u0027s Gift"],"max_hp_gain":0,"max_hp_loss":0,"event_name":"N\u0027loth","floor":19,"relics_lost":["StoneCalendar"],"gold_loss":0},{"damage_healed":0,"gold_gain":0,"player_choice":"Embrace Madness","damage_taken":12,"max_hp_gain":0,"max_hp_loss":0,"event_name":"Winding Halls","floor":36,"gold_loss":0,"cards_obtained":["Madness","Madness"]},{"damage_healed":0,"gold_gain":0,"player_choice":"Memory 1","damage_taken":0,"max_hp_gain":0,"max_hp_loss":0,"event_name":"SensoryStone","floor":44,"gold_loss":0}],"is_beta":false,"boss_relics":[{"not_picked":["Snecko Eye","Replay:Ancient Bell"],"picked":"SacredBark"},{"not_picked":["Pandora\u0027s Box","Replay:Drink Me"],"picked":"Astrolabe"}],"items_purged_floors":[47],"is_endless":false,"potions_floor_spawned":[1,5,7,10,22,24,31,38,45],"killed_by":"Time Eater","ascension_level":0}}