{"host":"nsxzlb359hv0da5z","time":1609641451,"event":{"mods":["BaseMod","Bestiary","Colored Map","Minty Spire (QoL Compilation)","Permanent Neow","Relic Stats","Slay the Relics Exporter","ojb\u0027s Info Mod"],"gold_per_floor":[160,176,176,176,186,186,221,221,274,285,299,72,103,120,120,192,192,212,37,37,53,0,0,32,32,87,87,117,117,117,117],"floor_reached":30,"playtime":2833,"items_purged":["Strike_G"],"score":552,"play_id":"bdc98229-e462-4167-9a1e-19c650928a06","local_time":"20210102183731","is_ascension_mode":true,"campfire_choices":[{"data":"Dagger Spray","floor":6,"key":"SMITH"},{"floor":8,"key":"REST"},{"floor":15,"key":"REST"},{"data":"Wraith Form v2","floor":23,"key":"SMITH"},{"data":"Catalyst","floor":25,"key":"SMITH"},{"data":"Accuracy","floor":29,"key":"SMITH"}],"circlet_count":0,"master_deck":["AscendersBane","Strike_G","Strike_G","Strike_G","Defend_G","Defend_G","Defend_G","Defend_G+1","Defend_G","Survivor","Neutralize","Flying Knee","Blade Dance","Poisoned Stab","Dagger Spray+1","PiercingWail","Corpse Explosion","Backstab","Accuracy+1","Blade Dance","Wraith Form v2+1","Deadly Poison","Blur","Catalyst+1","Backflip+1","Cloak And Dagger","Cloak And Dagger+1"],"relics":["Tiny House","Omamori","Mercury Hourglass","Bronze Scales","SacredBark","Ice Cream","HornCleat","Snake Skull","Dream Catcher","MealTicket"],"acts_visited":["Exordium","TheCity"],"potions_floor_usage":[11,13,16,28],"damage_taken":[{"damage":3,"enemies":"Cultist","floor":1,"turns":4},{"damage":0,"enemies":"Small Slimes","floor":2,"turns":3},{"damage":6,"enemies":"Jaw Worm","floor":5,"turns":4},{"damage":30,"enemies":"3 Sentries","floor":7,"turns":7},{"damage":4,"enemies":"Exordium Wildlife","floor":10,"turns":2},{"damage":0,"enemies":"3 Louse","floor":11,"turns":2},{"damage":14,"enemies":"Gremlin Nob","floor":13,"turns":4},{"damage":2,"enemies":"Lots of Slimes","floor":14,"turns":2},{"damage":2,"enemies":"Hexaghost","floor":16,"turns":8},{"damage":0,"enemies":"3 Byrds","floor":18,"turns":2},{"damage":29,"enemies":"Shell Parasite","floor":21,"turns":5},{"damage":3,"enemies":"Gremlin Leader","floor":24,"turns":6},{"damage":1,"enemies":"Book of Stabbing","floor":28,"turns":4},{"damage":35,"enemies":"Gremlin Leader","floor":30,"turns":4}],"seed_played":"-843224274161578772","potions_obtained":[{"floor":0,"key":"GamblersBrew"},{"floor":10,"key":"Weak Potion"},{"floor":11,"key":"LiquidBronze"},{"floor":14,"key":"PowerPotion"},{"floor":21,"key":"Ancient Potion"}],"is_trial":false,"path_per_floor":["M","M","?","?","M","R","E","R","T","M","M","$","E","M","R","B",null,"M","$","?","M","$","R","E","R","T","?","E","R","E"],"character_chosen":"THE_SILENT","items_purchased":["Corpse Explosion","Backstab","Blur","Catalyst","Dexterity Potion"],"campfire_rested":2,"item_purchase_floors":[12,12,19,19,22],"current_hp_per_floor":[61,61,50,50,44,44,14,35,35,31,31,31,17,15,36,34,62,62,62,62,33,33,33,30,30,30,30,29,29,0,0],"gold":117,"neow_bonus":"BOSS_RELIC","is_daily":false,"chose_seed":false,"campfire_upgraded":4,"win_rate":0.0,"timestamp":1609641451,"path_taken":["M","M","?","?","?","R","E","R","T","M","?","$","E","M","R","BOSS","M","$","?","M","?","R","E","R","T","?","E","R","E"],"items_purchased_type":["Card","Card","Card","Card","Potion"],"build_version":"2020-12-22","purchased_purges":1,"victory":false,"max_hp_per_floor":[71,71,71,71,71,71,71,71,71,71,71,71,71,71,71,71,71,71,71,71,71,71,71,71,71,71,71,71,71,71,71],"relic_stats":{"Dream Catcher":0,"counters":[14,57],"Bronze Scales":[153],"MealTicket":0,"Snake Skull":[6],"obtain_stats":[{"Ice Cream":20,"Dream Catcher":27,"Tiny House":0,"HornCleat":24,"Bronze Scales":13,"SacredBark":17,"MealTicket":28,"Snake Skull":26,"Omamori":3,"Ring of the Snake":0,"Mercury Hourglass":7},{"Ice Cream":10,"Dream Catcher":12,"Tiny House":0,"HornCleat":12,"Bronze Scales":7,"SacredBark":9,"MealTicket":13,"Snake Skull":12,"Omamori":2,"Ring of the Snake":0,"Mercury Hourglass":4},{"Ice Cream":38,"Dream Catcher":49,"Tiny House":0,"HornCleat":49,"Bronze Scales":26,"SacredBark":36,"MealTicket":53,"Snake Skull":49,"Omamori":7,"Ring of the Snake":0,"Mercury Hourglass":18}],"Mercury Hourglass":[174]},"card_choices":[{"not_picked":["Dodge and Roll","Bane"],"picked":"Flying Knee","floor":0},{"not_picked":["Quick Slash","Well Laid Plans"],"picked":"Blade Dance","floor":1},{"not_picked":["Catalyst","Accuracy"],"picked":"Poisoned Stab","floor":2},{"not_picked":["Prepared","Dodge and Roll"],"picked":"Dagger Spray","floor":5},{"not_picked":["Skewer","Doppelganger","Heel Hook"],"picked":"SKIP","floor":7},{"not_picked":["Dagger Spray","Quick Slash","Outmaneuver"],"picked":"SKIP","floor":10},{"not_picked":["Riddle With Holes","Flying Knee"],"picked":"PiercingWail","floor":11},{"not_picked":["Outmaneuver","Expertise"],"picked":"Accuracy","floor":13},{"not_picked":["Concentrate","Bane"],"picked":"Blade Dance","floor":14},{"not_picked":["Phantasmal Killer","Night Terror"],"picked":"Wraith Form v2","floor":16},{"not_picked":["Endless Agony","Dash"],"picked":"Deadly Poison","floor":18},{"not_picked":["Predator","Dagger Spray"],"picked":"Backflip+1","floor":21},{"not_picked":["Dodge and Roll","Phantasmal Killer"],"picked":"Cloak And Dagger","floor":24},{"not_picked":["Backstab","Outmaneuver"],"picked":"Cloak And Dagger+1","floor":28}],"player_experience":1901228,"relics_obtained":[{"floor":7,"key":"Mercury Hourglass"},{"floor":13,"key":"Bronze Scales"},{"floor":24,"key":"HornCleat"},{"floor":26,"key":"Snake Skull"},{"floor":28,"key":"MealTicket"}],"event_choices":[{"damage_healed":0,"gold_gain":0,"player_choice":"Success","damage_taken":11,"relics_obtained":["Omamori"],"max_hp_gain":0,"max_hp_loss":0,"event_name":"Scrap Ooze","floor":3,"gold_loss":0},{"cards_removed":["Strike_G"],"damage_healed":0,"gold_gain":0,"player_choice":"Offered Basic","damage_taken":0,"max_hp_gain":0,"max_hp_loss":0,"event_name":"Bonfire Elementals","floor":4,"gold_loss":0},{"damage_healed":0,"gold_gain":0,"player_choice":"Gave Potion","damage_taken":0,"relics_obtained":["Ice Cream"],"max_hp_gain":0,"max_hp_loss":0,"event_name":"WeMeetAgain","floor":20,"gold_loss":0},{"damage_healed":0,"gold_gain":0,"player_choice":"Opened","damage_taken":0,"relics_obtained":["Dream Catcher"],"max_hp_gain":0,"max_hp_loss":0,"event_name":"The Mausoleum","floor":27,"gold_loss":0,"cards_obtained":["Writhe"]}],"is_beta":false,"boss_relics":[{"not_picked":["Busted Crown","HoveringKite"],"picked":"SacredBark"}],"items_purged_floors":[12],"is_endless":false,"potions_floor_spawned":[10,11,14,21],"killed_by":"Gremlin Leader","ascension_level":20}}