{"host":"jpzdg3po3tjxdjri","time":1609676976,"event":{"mods":["BaseMod","Better Third Choice","Colored Map","Colored Powertips","Minty Spire (QoL Compilation)","StSLib"],"gold_per_floor":[113,113,131,6,6,40,50,50,50,65,65,83,117,134,134,208,208,208,208,60,0,0,0,0,0,0,0,0,0,0,0,0,0,0,0,0,0,0,0,0,0,0,0,0,0,0,0,0,0,0],"floor_reached":51,"playtime":2592,"items_purged":[],"score":1240,"play_id":"e75a4f31-fbeb-4041-83b7-f92d0e50157a","local_time":"20210103122936","is_ascension_mode":true,"campfire_choices":[{"data":"Catalyst","floor":8,"key":"SMITH"},{"data":"Footwork","floor":11,"key":"SMITH"},{"data":"Crippling Poison","floor":15,"key":"SMITH"},{"data":"Tools of the Trade","floor":23,"key":"SMITH"},{"data":"Footwork","floor":29,"key":"SMITH"},{"data":"Poisoned Stab","floor":32,"key":"SMITH"},{"floor":40,"key":"REST"},{"floor":44,"key":"REST"},{"data":"Cloak And Dagger","floor":49,"key":"SMITH"}],"circlet_count":0,"master_deck":["AscendersBane","Strike_G","Defend_G","Defend_G","Defend_G","Defend_G","Defend_G","Survivor","Neutralize","Cloak And Dagger+1","Poisoned Stab+1","Footwork+1","Poisoned Stab+1","Catalyst+1","Poisoned Stab","Backstab","Crippling Poison+1","Footwork+1","PiercingWail","Tools of the Trade+1","Sucker Punch","Dagger Spray+1","Deadly Poison","Heel Hook","PiercingWail","Venomology","Sucker Punch+1","Cloak And Dagger+1","Dash+1","Dodge and Roll+1","Poisoned Stab"],"relics":["Ring of the Snake","Eternal Feather","Darkstone Periapt","Potion Belt","Ectoplasm","MutagenicStrength","Sling","HornCleat","Singing Bowl","Astrolabe","Pocketwatch","Kunai","Ornamental Fan","Mango"],"acts_visited":["Exordium","TheCity","TheBeyond"],"potions_floor_usage":[6,12,16,16,22,24,24,33,36,36,41,41,45,46,50,50,50,50],"damage_taken":[{"damage":0,"enemies":"2 Louse","floor":1,"turns":3},{"damage":0,"enemies":"Cultist","floor":3,"turns":4},{"damage":15,"enemies":"Gremlin Nob","floor":6,"turns":4},{"damage":0,"enemies":"Small Slimes","floor":7,"turns":4},{"damage":5,"enemies":"Exordium Wildlife","floor":10,"turns":5},{"damage":18,"enemies":"Large Slime","floor":12,"turns":4},{"damage":13,"enemies":"Lagavulin","floor":13,"turns":5},{"damage":7,"enemies":"Gremlin Gang","floor":14,"turns":6},{"damage":79,"enemies":"Slime Boss","floor":16,"turns":16},{"damage":14,"enemies":"Chosen","floor":18,"turns":5},{"damage":14,"enemies":"2 Thieves","floor":21,"turns":5},{"damage":0,"enemies":"Snecko","floor":22,"turns":4},{"damage":12,"enemies":"Slavers","floor":24,"turns":3},{"damage":26,"enemies":"Centurion and Healer","floor":25,"turns":5},{"damage":0,"enemies":"Snake Plant","floor":28,"turns":3},{"damage":9,"enemies":"Chosen and Byrds","floor":31,"turns":6},{"damage":45,"enemies":"Automaton","floor":33,"turns":9},{"damage":9,"enemies":"3 Darklings","floor":35,"turns":7},{"damage":24,"enemies":"2 Orb Walkers","floor":36,"turns":7},{"damage":8,"enemies":"Orb Walker","floor":38,"turns":3},{"damage":17,"enemies":"Maw","floor":39,"turns":9},{"damage":21,"enemies":"Giant Head","floor":41,"turns":8},{"damage":16,"enemies":"Sphere and 2 Shapes","floor":42,"turns":7},{"damage":2,"enemies":"Nemesis","floor":45,"turns":9},{"damage":30,"enemies":"4 Shapes","floor":46,"turns":5},{"damage":19,"enemies":"Writhing Mass","floor":47,"turns":6},{"damage":35,"enemies":"Donu and Deca","floor":50,"turns":15}],"seed_played":"4633275462381621546","potions_obtained":[{"floor":2,"key":"FairyPotion"},{"floor":2,"key":"Swift Potion"},{"floor":10,"key":"CunningPotion"},{"floor":13,"key":"GamblersBrew"},{"floor":14,"key":"Swift Potion"},{"floor":16,"key":"Strength Potion"},{"floor":21,"key":"SneckoOil"},{"floor":22,"key":"Energy Potion"},{"floor":24,"key":"SpeedPotion"},{"floor":28,"key":"Poison Potion"},{"floor":35,"key":"CunningPotion"}],"is_trial":false,"path_per_floor":["M","?","M","$","?","E","M","R","T","M","R","M","E","M","R","B",null,"M","?","$","M","M","R","E","M","T","?","M","R","$","M","R","B",null,"M","?","?","M","M","R","E","M","T","R","E","M","M","?","R","B",null],"character_chosen":"THE_SILENT","items_purchased":["Footwork","Poisoned Stab","Sling"],"campfire_rested":2,"item_purchase_floors":[4,4,20],"current_hp_per_floor":[70,70,70,70,70,55,55,64,64,59,71,53,40,33,45,1,58,44,44,44,30,30,45,33,7,7,32,34,49,49,42,57,12,64,55,31,31,25,10,53,34,20,20,64,78,50,33,95,95,60],"gold":0,"neow_bonus":"TEN_PERCENT_HP_BONUS","is_daily":false,"chose_seed":false,"campfire_upgraded":7,"win_rate":0.0,"timestamp":1609676976,"path_taken":["M","?","?","$","?","E","?","R","T","M","R","M","E","M","R","BOSS","M","?","$","M","M","R","E","M","T","?","M","R","$","M","R","BOSS","M","?","?","M","M","R","E","M","T","R","E","M","?","?","R","BOSS"],"items_purchased_type":["Card","Card","Relic"],"build_version":"2020-12-22","purchased_purges":0,"victory":true,"max_hp_per_floor":[77,77,77,77,77,77,77,77,77,77,77,77,77,77,77,77,77,77,77,77,77,77,77,77,77,77,77,79,79,79,81,81,81,81,81,81,81,83,85,85,87,89,89,89,105,107,109,95,95,95],"card_choices":[{"not_picked":["Underhanded Strike","Finisher"],"picked":"Cloak And Dagger","floor":1},{"not_picked":["Slice","Acrobatics"],"picked":"Poisoned Stab","floor":3},{"not_picked":["Masterful Stab","Bane"],"picked":"Catalyst","floor":6},{"not_picked":["Dagger Throw","Underhanded Strike"],"picked":"Poisoned Stab","floor":7},{"not_picked":["Bouncing Flask","Infinite Blades"],"picked":"Backstab","floor":10},{"not_picked":["Skewer","Choke"],"picked":"Crippling Poison","floor":12},{"not_picked":["Predator","Deadly Poison"],"picked":"Footwork","floor":13},{"not_picked":["Outmaneuver","Acrobatics"],"picked":"PiercingWail","floor":14},{"not_picked":["Malaise","Venomology"],"picked":"Tools of the Trade","floor":16},{"not_picked":["Crippling Poison","Tactician"],"picked":"Sucker Punch","floor":18},{"not_picked":["Bouncing Flask","Flying Knee+1"],"picked":"Dagger Spray+1","floor":21},{"not_picked":["Underhanded Strike","Deflect"],"picked":"Deadly Poison","floor":22},{"not_picked":["Prepared","Dagger Throw"],"picked":"Heel Hook","floor":24},{"not_picked":["Sucker Punch","Outmaneuver"],"picked":"PiercingWail","floor":25},{"not_picked":["Slice","Escape Plan","Prepared"],"picked":"Singing Bowl","floor":28},{"not_picked":["Outmaneuver","PiercingWail","Bullet Time"],"picked":"Singing Bowl","floor":31},{"not_picked":["Tools of the Trade","Wraith Form v2"],"picked":"Venomology","floor":33},{"not_picked":["Sucker Punch","Deadly Poison+1"],"picked":"Dodge and Roll+1","floor":35},{"not_picked":["Eviscerate+1","Outmaneuver+1"],"picked":"Poisoned Stab","floor":36},{"not_picked":["Finisher+1","Quick Slash","Skewer"],"picked":"Singing Bowl","floor":38},{"not_picked":["PiercingWail+1","Acrobatics","Masterful Stab"],"picked":"Singing Bowl","floor":39},{"not_picked":["Quick Slash","All Out Attack","Phantasmal Killer"],"picked":"Singing Bowl","floor":41},{"not_picked":["Underhanded Strike","Accuracy","Backflip+1"],"picked":"Singing Bowl","floor":42},{"not_picked":["Slice","Endless Agony+1","Outmaneuver"],"picked":"Singing Bowl","floor":45},{"not_picked":["Leg Sweep","Dagger Throw","Underhanded Strike"],"picked":"Singing Bowl","floor":46},{"not_picked":["Bane","Bouncing Flask","Outmaneuver"],"picked":"Singing Bowl","floor":47}],"player_experience":816509,"relics_obtained":[{"floor":6,"key":"Eternal Feather"},{"floor":9,"key":"Darkstone Periapt"},{"floor":13,"key":"Potion Belt"},{"floor":24,"key":"HornCleat"},{"floor":26,"key":"Singing Bowl"},{"floor":36,"key":"Pocketwatch"},{"floor":41,"key":"Kunai"},{"floor":43,"key":"Ornamental Fan"},{"floor":45,"key":"Mango"}],"event_choices":[{"damage_healed":0,"gold_gain":0,"player_choice":"Got Potions","damage_taken":0,"max_hp_gain":0,"max_hp_loss":0,"event_name":"Lab","floor":2,"gold_loss":0},{"damage_healed":0,"gold_gain":0,"player_choice":"Forge","damage_taken":0,"max_hp_gain":0,"max_hp_loss":0,"event_name":"Accursed Blacksmith","floor":5,"gold_loss":0,"cards_upgraded":["Poisoned Stab"]},{"damage_healed":0,"gold_gain":0,"player_choice":"Inject Mutagens","damage_taken":0,"relics_obtained":["MutagenicStrength"],"max_hp_gain":0,"max_hp_loss":0,"event_name":"Drug Dealer","floor":19,"gold_loss":0},{"damage_healed":25,"gold_gain":0,"player_choice":"Heal","damage_taken":0,"max_hp_gain":0,"max_hp_loss":0,"event_name":"The Library","floor":27,"gold_loss":0},{"damage_healed":0,"gold_gain":0,"player_choice":"Fight","damage_taken":0,"max_hp_gain":0,"max_hp_loss":0,"event_name":"Mysterious Sphere","floor":36,"gold_loss":0},{"cards_removed":["Strike_G"],"damage_healed":0,"gold_gain":0,"player_choice":"Purged","damage_taken":0,"max_hp_gain":0,"max_hp_loss":0,"event_name":"Purifier","floor":37,"gold_loss":0},{"damage_healed":95,"gold_gain":0,"player_choice":"Heal","damage_taken":0,"max_hp_gain":0,"max_hp_loss":14,"event_name":"The Moai Head","floor":48,"gold_loss":0}],"is_beta":false,"boss_relics":[{"not_picked":["Runic Dome","Pandora\u0027s Box"],"picked":"Ectoplasm"},{"not_picked":["Philosopher\u0027s Stone","Velvet Choker"],"picked":"Astrolabe"}],"items_purged_floors":[],"is_endless":false,"potions_floor_spawned":[3,10,13,14,16,21,22,24,28,35,39,42],"ascension_level":13}}