{"host":"rmsq46plbpwfbxcc","time":1609643822,"event":{"mods":["AchievementEnabler","BaseMod","Colored Map","Colored Powertips","DeckTracker","KOR Keyword Fix","Minty Spire (QoL Compilation)","Permanent Neow","Quick Restart","SuperFastMode"],"gold_per_floor":[109,122,136,136,147,147,158,189,189,189,205,240,251,266,266,368,368,379,391,316,330,350,350,364,364,415,427,465,489,531,166,166,266,266,284,184,164,183,202,202,230,230,230,256,256,284,284,313,313,313,313],"floor_reached":50,"playtime":1907,"items_purged":["Normality","Shame"],"score":930,"play_id":"e53e9700-8f71-45b6-83c2-05d400b4271f","local_time":"20210103121702","is_ascension_mode":true,"campfire_choices":[{"data":"Neutralize","floor":6.0,"key":"SMITH"},{"data":"Cloak And Dagger","floor":10.0,"key":"SMITH"},{"data":"Finisher","floor":15.0,"key":"SMITH"},{"data":"After Image","floor":23.0,"key":"SMITH"},{"data":"Footwork","floor":25.0,"key":"SMITH"},{"data":"Blade Dance","floor":32,"key":"SMITH"},{"data":"Envenom","floor":40,"key":"SMITH"},{"data":"Choke","floor":42,"key":"SMITH"},{"floor":47,"key":"REST"},{"floor":49,"key":"RECALL"}],"circlet_count":0,"master_deck":["Strike_G","Strike_G","Defend_G","Defend_G","Defend_G","Defend_G","Survivor+1","Neutralize+1","Riddle With Holes+1","Masterful Stab+1","Tactician","Backstab","Backflip+1","Finisher+1","Cloak And Dagger+1","Escape Plan","Footwork+1","After Image+1","Choke+1","Adrenaline","Blade Dance+1","Adrenaline","Envenom+1","Terror+1","PiercingWail","Well Laid Plans+1","Shame","PiercingWail+1","Acrobatics"],"relics":["Astrolabe","Orichalcum","StoneCalendar","Eternal Feather","Cursed Key","MawBank","Bronze Scales","Ginger","Snake Skull","WingedGreaves","Black Star","War Paint","Du-Vu Doll","Akabeko","Prayer Wheel","Singing Bowl","Tough Bandages","Bag of Preparation","Pen Nib"],"acts_visited":["Exordium","TheCity","TheBeyond"],"potions_floor_usage":[28,30,33,33,38],"damage_taken":[{"damage":2.0,"enemies":"Jaw Worm","floor":1.0,"turns":2.0},{"damage":4.0,"enemies":"Cultist","floor":2.0,"turns":3.0},{"damage":3.0,"enemies":"2 Louse","floor":3.0,"turns":2.0},{"damage":5.0,"enemies":"Lots of Slimes","floor":5.0,"turns":5.0},{"damage":0.0,"enemies":"Blue Slaver","floor":7.0,"turns":3.0},{"damage":5.0,"enemies":"3 Sentries","floor":8.0,"turns":6.0},{"damage":0.0,"enemies":"3 Louse","floor":11.0,"turns":2.0},{"damage":0.0,"enemies":"Lagavulin","floor":12.0,"turns":5.0},{"damage":0.0,"enemies":"Large Slime","floor":13.0,"turns":4.0},{"damage":2.0,"enemies":"Red Slaver","floor":14.0,"turns":4.0},{"damage":8.0,"enemies":"The Guardian","floor":16.0,"turns":12.0},{"damage":7.0,"enemies":"Shell Parasite","floor":18.0,"turns":6.0},{"damage":0.0,"enemies":"Spheric Guardian","floor":19.0,"turns":4.0},{"damage":3.0,"enemies":"Snake Plant","floor":21.0,"turns":5.0},{"damage":2.0,"enemies":"Chosen and Byrds","floor":22.0,"turns":3.0},{"damage":4.0,"enemies":"Snecko","floor":24.0,"turns":4.0},{"damage":23,"enemies":"Book of Stabbing","floor":28,"turns":7},{"damage":14,"enemies":"Sentry and Sphere","floor":29,"turns":7},{"damage":13,"enemies":"Gremlin Leader","floor":30,"turns":5},{"damage":21,"enemies":"Collector","floor":33,"turns":9},{"damage":0,"enemies":"3 Shapes","floor":35,"turns":5},{"damage":0,"enemies":"Orb Walker","floor":38,"turns":4},{"damage":0,"enemies":"Maw","floor":39,"turns":5},{"damage":0,"enemies":"Giant Head","floor":41,"turns":6},{"damage":23,"enemies":"Nemesis","floor":44,"turns":7},{"damage":27,"enemies":"Reptomancer","floor":46,"turns":6},{"damage":10,"enemies":"Nemesis","floor":48,"turns":5},{"damage":73,"enemies":"Time Eater","floor":50,"turns":9}],"seed_played":"-3050621464476710504","potions_obtained":[{"floor":1.0,"key":"Dexterity Potion"},{"floor":5.0,"key":"Explosive Potion"},{"floor":7.0,"key":"AttackPotion"},{"floor":8.0,"key":"GhostInAJar"},{"floor":12.0,"key":"FearPotion"},{"floor":18.0,"key":"Block Potion"},{"floor":19.0,"key":"CunningPotion"},{"floor":21.0,"key":"Dexterity Potion"},{"floor":29,"key":"AttackPotion"},{"floor":30,"key":"Poison Potion"},{"floor":35,"key":"Weak Potion"},{"floor":37,"key":"ColorlessPotion"},{"floor":41,"key":"LiquidBronze"},{"floor":48,"key":"Ancient Potion"}],"is_trial":false,"path_per_floor":["M","M","M","?","M","R","M","E","T","R","M","E","M","M","R","B",null,"M","M","?","M","M","R","M","R","T","T","E","M","E","$","R","B",null,"M","$","?","M","M","R","E","R","T","E","?","E","R","E","R","B"],"character_chosen":"THE_SILENT","items_purchased":["WingedGreaves"],"campfire_rested":1,"item_purchase_floors":[31],"current_hp_per_floor":[61,57,54,70,65,65,65,60,60,60,60,60,60,58,67,59,67,60,60,60,57,55,67,63,70,70,70,47,33,20,20,32,11,55,55,55,55,55,55,70,70,70,70,47,47,20,56,48,63,0,0],"gold":313,"neow_bonus":"BOSS_RELIC","is_daily":false,"chose_seed":false,"campfire_upgraded":8,"win_rate":0.0,"timestamp":1609643822,"path_taken":["M","M","M","?","?","R","M","E","T","R","M","E","M","M","R","BOSS","M","M","?","M","M","R","M","R","T","?","E","M","E","$","R","BOSS","M","$","?","M","?","R","E","R","T","E","?","E","R","E","R","BOSS"],"items_purchased_type":["Relic"],"build_version":"2020-12-22","purchased_purges":2,"victory":false,"max_hp_per_floor":[70,70,70,70,70,70,70,70,70,70,70,70,70,70,70,70,70,70,70,70,70,70,70,70,70,70,70,70,70,70,70,70,70,70,70,70,70,70,70,70,70,70,70,70,70,70,70,72,72,72,72],"card_choices":[{"not_picked":["Slice","Bane"],"picked":"Tactician","floor":1.0},{"not_picked":["Backflip","Flying Knee"],"picked":"Backstab","floor":2.0},{"not_picked":["Tactician","Distraction"],"picked":"Backflip","floor":3.0},{"not_picked":["Tactician","Well Laid Plans"],"picked":"Finisher","floor":5.0},{"not_picked":["Bane","Calculated Gamble"],"picked":"Cloak And Dagger","floor":7.0},{"not_picked":["Underhanded Strike","Poisoned Stab"],"picked":"Escape Plan","floor":8.0},{"not_picked":["Dagger Throw","Slice","Catalyst"],"picked":"SKIP","floor":11.0},{"not_picked":["Deadly Poison","Expertise"],"picked":"Footwork","floor":12.0},{"not_picked":["Dodge and Roll","Bane","Setup"],"picked":"SKIP","floor":13.0},{"not_picked":["Riddle With Holes","Endless Agony","Reflex"],"picked":"SKIP","floor":14.0},{"not_picked":["Envenom","Phantasmal Killer"],"picked":"After Image","floor":16.0},{"not_picked":["Flechettes","Bane"],"picked":"Choke","floor":18.0},{"not_picked":["Deadly Poison","Crippling Poison","Slice"],"picked":"SKIP","floor":19.0},{"not_picked":["Prepared","Dodge and Roll+1","All Out Attack+1"],"picked":"SKIP","floor":21.0},{"not_picked":["Bane","Cloak And Dagger"],"picked":"Adrenaline","floor":22.0},{"not_picked":["Backstab","Bane+1","Dash"],"picked":"SKIP","floor":24.0},{"not_picked":["Cloak And Dagger","Sucker Punch+1","Backflip"],"picked":"SKIP","floor":28},{"not_picked":["Prepared+1","Predator"],"picked":"Blade Dance","floor":29},{"not_picked":["Blade Dance","Cloak And Dagger"],"picked":"Adrenaline","floor":30},{"not_picked":["Grand Finale","Burst"],"picked":"Envenom","floor":33},{"not_picked":["Deadly Poison","Deflect"],"picked":"Terror+1","floor":35},{"not_picked":["Endless Agony","Backflip","Deflect+1"],"picked":"SKIP","floor":38},{"not_picked":["Endless Agony","Cloak And Dagger+1"],"picked":"PiercingWail","floor":39},{"not_picked":["Sucker Punch","Poisoned Stab"],"picked":"Well Laid Plans+1","floor":41},{"not_picked":["Masterful Stab+1","Skewer"],"picked":"PiercingWail+1","floor":44},{"not_picked":["Backflip","Venomology"],"picked":"Acrobatics","floor":46},{"not_picked":["Leg Sweep","Blade Dance","Prepared"],"picked":"Singing Bowl","floor":48}],"player_experience":657092,"relics_obtained":[{"floor":8.0,"key":"Orichalcum"},{"floor":9.0,"key":"StoneCalendar"},{"floor":12.0,"key":"Eternal Feather"},{"floor":26.0,"key":"MawBank"},{"floor":27.0,"key":"Bronze Scales"},{"floor":28,"key":"Ginger"},{"floor":30,"key":"Snake Skull"},{"floor":41,"key":"War Paint"},{"floor":41,"key":"Du-Vu Doll"},{"floor":44,"key":"Akabeko"},{"floor":44,"key":"Prayer Wheel"},{"floor":46,"key":"Singing Bowl"},{"floor":46,"key":"Tough Bandages"},{"floor":48,"key":"Bag of Preparation"},{"floor":48,"key":"Pen Nib"}],"event_choices":[{"cards_removed":["Catalyst"],"damage_healed":16.0,"max_hp_gain":0.0,"max_hp_loss":0.0,"gold_gain":0.0,"event_name":"Bonfire Elementals","player_choice":"Offered Uncommon","floor":4.0,"gold_loss":0.0,"damage_taken":0.0},{"cards_removed":["Strike_G"],"damage_healed":0.0,"max_hp_gain":0.0,"max_hp_loss":0.0,"gold_gain":0.0,"event_name":"Beggar","player_choice":"Gave Gold","floor":20.0,"gold_loss":75.0,"damage_taken":0.0},{"damage_healed":0,"gold_gain":0,"player_choice":"Bought 1 Potion","damage_taken":0,"max_hp_gain":0,"max_hp_loss":0,"event_name":"The Woman in Blue","floor":37,"gold_loss":0},{"damage_healed":0,"gold_gain":0,"player_choice":"Ignored","damage_taken":0,"max_hp_gain":0,"max_hp_loss":0,"event_name":"Tomb of Lord Red Mask","floor":45,"gold_loss":0}],"is_beta":false,"boss_relics":[{"not_picked":["Snecko Eye","Fusion Hammer"],"picked":"Cursed Key"},{"not_picked":["Runic Dome","Velvet Choker"],"picked":"Black Star"}],"items_purged_floors":[31,36],"is_endless":false,"potions_floor_spawned":[1,5,7,8,12,13,18,19,21,29,30,35,41,48],"killed_by":"Time Eater","ascension_level":8}}