{"host":"2se5dq1do2gp0x9k","time":1609707765,"event":{"mods":["AchievementEnabler","BaseMod","Block Reminder","Colored Map","Colored Powertips","Minty Spire (QoL Compilation)","Relic Stats","StSLib","SuperFastMode"],"gold_per_floor":[10,10,23,23,41,68,68,68,68,68,68,100,112,149,161,276,288,315,327,187,203,218,244,244,244,244],"floor_reached":25,"playtime":1475,"items_purged":["Pain"],"score":344,"play_id":"c3dc6dff-28a9-4569-8792-dd0b517b8dba","local_time":"20210103130245","is_ascension_mode":true,"campfire_choices":[{"data":"Wallop","floor":7.0,"key":"SMITH"},{"data":"Omniscience","floor":10.0,"key":"SMITH"},{"floor":13.0,"key":"REST"},{"data":"Meditate","floor":15.0,"key":"SMITH"},{"floor":24.0,"key":"REST"}],"circlet_count":0,"master_deck":["Defend_P","Defend_P","Defend_P","Defend_P","Eruption","Vigilance","Omniscience+1","Nirvana","Wallop+1","Wireheading","FearNoEvil","Tantrum","Parasite","MentalFortress","Meditate+1","Judgement","DevaForm+1","Omniscience+1","LikeWater+1","ThirdEye+1","Nirvana","Meditate","Weave+1","Adaptation"],"relics":["PureWater","The Courier","Vajra","WarpedTongs","MawBank","Question Card","Astrolabe","Art of War"],"acts_visited":["Exordium","TheCity"],"potions_floor_usage":[],"damage_taken":[{"damage":4.0,"enemies":"2 Louse","floor":1.0,"turns":4.0},{"damage":12.0,"enemies":"Cultist","floor":3.0,"turns":3.0},{"damage":0.0,"enemies":"Small Slimes","floor":5.0,"turns":5.0},{"damage":24.0,"enemies":"Gremlin Nob","floor":6.0,"turns":4.0},{"damage":16.0,"enemies":"3 Sentries","floor":12.0,"turns":7.0},{"damage":5.0,"enemies":"Lagavulin","floor":14.0,"turns":6.0},{"damage":20.0,"enemies":"Hexaghost","floor":16.0,"turns":8.0},{"damage":0.0,"enemies":"Spheric Guardian","floor":18.0,"turns":2.0},{"damage":8.0,"enemies":"Shell Parasite","floor":21.0,"turns":7.0},{"damage":0.0,"enemies":"Shelled Parasite and Fungi","floor":22.0,"turns":5.0},{"damage":12.0,"enemies":"Slavers","floor":23.0,"turns":10.0},{"damage":59,"enemies":"Gremlin Leader","floor":25,"turns":8}],"seed_played":"3709521630190644386","potions_obtained":[{"floor":5.0,"key":"PowerPotion"},{"floor":14.0,"key":"SteroidPotion"},{"floor":18.0,"key":"SneckoOil"}],"is_trial":false,"path_per_floor":["M","$","M","?","M","E","R","?","T","R","?","E","R","E","R","B",null,"M","?","$","M","M","E","R","E"],"character_chosen":"WATCHER","items_purchased":["Nirvana","Meditate"],"campfire_rested":2,"item_purchase_floors":[20,20],"current_hp_per_floor":[61,61,49,49,49,25,25,43,43,43,43,27,48,43,43,23,60,60,47,47,39,39,27,50,0,0],"gold":244,"neow_bonus":"THREE_RARE_CARDS","is_daily":false,"chose_seed":false,"campfire_upgraded":3,"win_rate":0.0,"timestamp":1609707765,"path_taken":["M","$","M","?","M","E","R","?","T","R","?","E","R","E","R","BOSS","M","?","$","M","M","E","R","E"],"items_purchased_type":["Card","Card"],"build_version":"2020-12-22","purchased_purges":1,"victory":false,"max_hp_per_floor":[72,72,72,72,72,72,72,72,72,72,72,72,72,72,72,72,72,72,77,77,77,77,77,77,77,77],"relic_stats":{"counters":[12,69],"Astrolabe":["DevaForm","Omniscience","LikeWater"],"Art of War":[1],"MawBank":96,"Question Card":5,"obtain_stats":[{"Astrolabe":17,"Vajra":9,"The Courier":6,"Art of War":23,"PureWater":0,"MawBank":12,"Question Card":14,"WarpedTongs":11},{"Astrolabe":7,"Vajra":4,"The Courier":4,"Art of War":11,"PureWater":0,"MawBank":5,"Question Card":6,"WarpedTongs":4},{"Astrolabe":37,"Vajra":16,"The Courier":16,"Art of War":61,"PureWater":0,"MawBank":23,"Question Card":29,"WarpedTongs":16}],"WarpedTongs":[52]},"card_choices":[{"not_picked":["Devotion","SpiritShield"],"picked":"Omniscience","floor":0.0},{"not_picked":["BowlingBash","Wireheading"],"picked":"Nirvana","floor":1.0},{"not_picked":["FlyingSleeves","ThirdEye"],"picked":"Wallop","floor":3.0},{"not_picked":["FollowUp","InnerPeace"],"picked":"FearNoEvil","floor":5.0},{"not_picked":["Wireheading","ClearTheMind"],"picked":"Tantrum","floor":6.0},{"not_picked":["Conclude","SashWhip"],"picked":"MentalFortress","floor":12.0},{"not_picked":["FlyingSleeves","PathToVictory"],"picked":"Meditate","floor":14.0},{"not_picked":["ConjureBlade","SpiritShield","Alpha"],"picked":"Judgement","floor":16.0},{"not_picked":["EmptyFist","ClearTheMind+1","WindmillStrike+1"],"picked":"ThirdEye+1","floor":18.0},{"not_picked":["Halt","Prostrate+1","BattleHymn+1","FlurryOfBlows"],"picked":"SKIP","floor":21.0},{"not_picked":["Indignation","SandsOfTime+1","Alpha"],"picked":"Weave+1","floor":22.0},{"not_picked":["PathToVictory","ThirdEye+1","FlurryOfBlows"],"picked":"Adaptation","floor":23.0}],"player_experience":3739345,"relics_obtained":[{"floor":6.0,"key":"The Courier"},{"floor":9.0,"key":"Vajra"},{"floor":12.0,"key":"MawBank"},{"floor":14.0,"key":"Question Card"},{"floor":23.0,"key":"Art of War"}],"event_choices":[{"damage_healed":0.0,"max_hp_gain":0.0,"max_hp_loss":0.0,"gold_gain":0.0,"cards_transformed":["Strike_P"],"event_name":"Living Wall","player_choice":"Change","floor":4.0,"gold_loss":0.0,"damage_taken":0.0,"cards_obtained":["Wireheading"]},{"damage_healed":18.0,"max_hp_gain":0.0,"max_hp_loss":0.0,"gold_gain":0.0,"event_name":"Mushrooms","player_choice":"Healed and dodged fight","floor":8.0,"gold_loss":0.0,"damage_taken":0.0,"cards_obtained":["Parasite"]},{"damage_healed":0.0,"max_hp_gain":0.0,"max_hp_loss":0.0,"gold_gain":0.0,"event_name":"Accursed Blacksmith","player_choice":"Rummage","floor":11.0,"gold_loss":0.0,"damage_taken":0.0,"relics_obtained":["WarpedTongs"],"cards_obtained":["Pain"]},{"damage_healed":0.0,"max_hp_gain":5.0,"max_hp_loss":0.0,"gold_gain":0.0,"event_name":"Forgotten Altar","player_choice":"Shed Blood","floor":19.0,"gold_loss":0.0,"damage_taken":18.0}],"is_beta":false,"boss_relics":[{"not_picked":["Velvet Choker","Black Star"],"picked":"Astrolabe"}],"items_purged_floors":[20],"is_endless":false,"potions_floor_spawned":[5,14,18],"killed_by":"Gremlin Leader","ascension_level":9}}