{"host":"d8hh7rr4yzitjeuj","time":1609648929,"event":{"mods":["2.2 Compatiblity","AchievementEnabler","BaseMod","CapriCore","Colored Map","Colored Powertips","Highlight Path","Keyboard Shortcuts","Minty Spire (QoL Compilation)","Permanent Neow","Quick Restart","StSLib","SuperFastMode"],"gold_per_floor":[114,133,143,68,81,111,111,137,137,148,161,181,193,193,193,271,271,288,308,320,320,49,49,69,69,69,99,14,44,44,44,44,44,44],"floor_reached":33,"playtime":1048,"items_purged":["Strike_R"],"score":598,"play_id":"29b103ba-71e3-48f6-b7af-47fa8e6b5ead","local_time":"20210103134209","is_ascension_mode":true,"campfire_choices":[{"data":"Clothesline","floor":7.0,"key":"SMITH"},{"data":"Uppercut","floor":15.0,"key":"SMITH"},{"floor":23.0,"key":"REST"},{"floor":30.0,"key":"REST"},{"data":"Rupture","floor":32.0,"key":"SMITH"}],"circlet_count":0,"master_deck":["AscendersBane","Strike_R+1","Strike_R+1","Strike_R+1","Defend_R+1","Defend_R+1","Defend_R+1","Defend_R+1","Bash","Dark Shackles","Clothesline+1","Spot Weakness","Inflame","Cleave","Wild Strike","Headbutt","Shrug It Off","Uppercut+1","Flame Barrier","Battle Trance","Brutality","Dual Wield","Pommel Strike","Sword Boomerang","Necronomicurse","Sword Boomerang","Rupture+1","Seeing Red+1","Bloodletting"],"relics":["Burning Blood","War Paint","Art of War","Question Card","Ice Cream","Sozu","Necronomicon","PreservedInsect","Ornamental Fan","MealTicket","Centennial Puzzle","Strawberry"],"acts_visited":["Exordium","TheCity"],"potions_floor_usage":[],"damage_taken":[{"damage":12.0,"enemies":"Cultist","floor":1.0,"turns":4.0},{"damage":1.0,"enemies":"Small Slimes","floor":2.0,"turns":3.0},{"damage":0.0,"enemies":"2 Louse","floor":3.0,"turns":2.0},{"damage":14.0,"enemies":"Blue Slaver","floor":5.0,"turns":6.0},{"damage":18.0,"enemies":"Lagavulin","floor":6.0,"turns":7.0},{"damage":18.0,"enemies":"3 Sentries","floor":8.0,"turns":5.0},{"damage":3.0,"enemies":"Looter","floor":10.0,"turns":4.0},{"damage":12.0,"enemies":"3 Louse","floor":11.0,"turns":3.0},{"damage":0.0,"enemies":"Large Slime","floor":12.0,"turns":3.0},{"damage":0.0,"enemies":"2 Fungi Beasts","floor":13.0,"turns":4.0},{"damage":21.0,"enemies":"Slime Boss","floor":16.0,"turns":7.0},{"damage":9.0,"enemies":"3 Byrds","floor":18.0,"turns":5.0},{"damage":22.0,"enemies":"2 Thieves","floor":19.0,"turns":3.0},{"damage":18.0,"enemies":"Snake Plant","floor":20.0,"turns":4.0},{"damage":14.0,"enemies":"Cultist and Chosen","floor":24.0,"turns":4.0},{"damage":5.0,"enemies":"Gremlin Leader","floor":27.0,"turns":3.0},{"damage":15.0,"enemies":"Book of Stabbing","floor":29.0,"turns":5.0},{"damage":54,"enemies":"Collector","floor":33,"turns":6}],"seed_played":"3550927260497573767","potions_obtained":[{"floor":1.0,"key":"GamblersBrew"},{"floor":5.0,"key":"Block Potion"},{"floor":6.0,"key":"BlessingOfTheForge"},{"floor":10.0,"key":"Strength Potion"},{"floor":13.0,"key":"SkillPotion"}],"is_trial":false,"path_per_floor":["M","M","M","?","M","E","R","E","T","M","M","M","M","?","R","B",null,"M","M","M","?","$","R","M","?","T","E","?","E","R","?","R","B"],"character_chosen":"IRONCLAD","items_purchased":["Sword Boomerang","PreservedInsect"],"campfire_rested":2,"item_purchase_floors":[22,22],"current_hp_per_floor":[62,67,73,73,65,53,53,41,41,44,38,44,50,32,32,17,61,58,42,30,9,9,31,23,23,23,24,24,22,46,46,46,0,0],"gold":44,"neow_bonus":"RANDOM_COLORLESS","is_daily":false,"chose_seed":false,"campfire_upgraded":3,"win_rate":0.0,"timestamp":1609648929,"path_taken":["M","M","M","?","M","E","R","E","T","M","M","M","M","?","R","BOSS","M","M","M","?","$","R","M","?","T","E","?","E","R","?","R","BOSS"],"items_purchased_type":["Card","Relic"],"build_version":"2020-12-22","purchased_purges":1,"victory":false,"max_hp_per_floor":[75,75,75,75,75,75,75,75,75,75,75,75,75,75,75,75,75,75,75,75,75,75,75,75,75,75,75,75,82,82,82,82,82,82],"card_choices":[{"not_picked":["Purity","Impatience"],"picked":"Dark Shackles","floor":0.0},{"not_picked":["Shrug It Off","Anger"],"picked":"Clothesline","floor":1.0},{"not_picked":["Heavy Blade","True Grit"],"picked":"Spot Weakness","floor":2.0},{"not_picked":["Clash","Entrench"],"picked":"Inflame","floor":3.0},{"not_picked":["Iron Wave","Juggernaut"],"picked":"Cleave","floor":5.0},{"not_picked":["Intimidate","Feel No Pain"],"picked":"Wild Strike","floor":6.0},{"not_picked":["True Grit","Twin Strike"],"picked":"Headbutt","floor":8.0},{"not_picked":["Corruption","Body Slam","Anger"],"picked":"Shrug It Off","floor":10.0},{"not_picked":["Body Slam","Clothesline","Wild Strike"],"picked":"Uppercut","floor":11.0},{"not_picked":["Anger","Cleave","Rampage"],"picked":"Flame Barrier","floor":12.0},{"not_picked":["Havoc","Reaper","Warcry"],"picked":"Battle Trance","floor":13.0},{"not_picked":["Demon Form","Feed","Berserk"],"picked":"Brutality","floor":16.0},{"not_picked":["Infernal Blade","True Grit","Armaments"],"picked":"Dual Wield","floor":18.0},{"not_picked":["Heavy Blade","Clothesline+1","Havoc+1"],"picked":"Pommel Strike","floor":19.0},{"not_picked":["Armaments","Body Slam","Perfected Strike"],"picked":"Sword Boomerang","floor":20.0},{"not_picked":["Armaments","Clothesline","Seeing Red"],"picked":"Rupture","floor":24.0},{"not_picked":["Armaments","Clash+1","Iron Wave"],"picked":"Seeing Red+1","floor":27.0},{"not_picked":["Thunderclap+1","Seeing Red","Pummel"],"picked":"Bloodletting","floor":29.0}],"player_experience":1400072,"relics_obtained":[{"floor":6.0,"key":"War Paint"},{"floor":8.0,"key":"Art of War"},{"floor":9.0,"key":"Question Card"},{"floor":21.0,"key":"Necronomicon"},{"floor":26.0,"key":"Ornamental Fan"},{"floor":27.0,"key":"MealTicket"},{"floor":29.0,"key":"Strawberry"}],"event_choices":[{"cards_removed":["Strike_R"],"damage_healed":0.0,"max_hp_gain":0.0,"max_hp_loss":0.0,"gold_gain":0.0,"event_name":"The Cleric","player_choice":"Card Removal","floor":4.0,"gold_loss":75.0,"damage_taken":0.0},{"damage_healed":0.0,"max_hp_gain":0.0,"max_hp_loss":0.0,"gold_gain":0.0,"event_name":"Scrap Ooze","player_choice":"Success","floor":14.0,"gold_loss":0.0,"damage_taken":18.0,"relics_obtained":["Ice Cream"]},{"damage_healed":0.0,"max_hp_gain":0.0,"max_hp_loss":0.0,"gold_gain":0.0,"event_name":"Cursed Tome","player_choice":"Obtained Book","floor":21.0,"gold_loss":0.0,"damage_taken":21.0},{"damage_healed":0.0,"max_hp_gain":0.0,"max_hp_loss":0.0,"gold_gain":0.0,"event_name":"The Mausoleum","player_choice":"Ignored","floor":25.0,"gold_loss":0.0,"damage_taken":0.0},{"damage_healed":0.0,"max_hp_gain":0.0,"max_hp_loss":0.0,"gold_gain":0.0,"event_name":"Addict","player_choice":"Obtained Relic","floor":28.0,"gold_loss":85.0,"damage_taken":0.0,"relics_obtained":["Centennial Puzzle"]},{"damage_healed":0.0,"max_hp_gain":0.0,"max_hp_loss":0.0,"gold_gain":0.0,"event_name":"Back to Basics","player_choice":"Simplicity","floor":31.0,"gold_loss":0.0,"damage_taken":0.0,"cards_upgraded":["Strike_R","Strike_R","Strike_R","Defend_R","Defend_R"]}],"is_beta":false,"boss_relics":[{"not_picked":["Fusion Hammer","Astrolabe"],"picked":"Sozu"}],"items_purged_floors":[22],"is_endless":false,"potions_floor_spawned":[1,5,6,10,13,18,20,29],"killed_by":"Collector","ascension_level":20}}