{"host":"7uuqqk35leady37t","time":1609660015,"event":{"mods":["BaseMod","Colored Map","Colored Powertips","Downfall","Marisa£®ÏF”Í°°ƒß¿Ì…≥£©","Minty Spire (QoL Compilation)","Remilia£®¿Ÿ√◊¿Ú—«£©","Robot Space Explorer","StSLib","The Bug Knight","The Servant 0.9.4","Waifu the Spire","Yuri Mod","[IsaacMod]“‘»ˆº‚À˛"],"gold_per_floor":[116,134,42,217,295,340,340,383,383,383,94,136,200,242,242,358,358,390,400,400,400,418,450,477,477,551,14,14,40,40,40,40,143,143,184,247,272,284,310,355,355,401,401,401,427,441,441,490,490,490,490],"floor_reached":52,"playtime":2466,"items_purged":[],"score":2962,"play_id":"1c33c3df-e24a-49ee-bbab-fa2957d47779","local_time":"20210103154655","is_ascension_mode":true,"campfire_choices":[{"floor":7,"key":"REST"},{"floor":15,"key":"REST"},{"data":"PropBag","floor":25,"key":"SMITH"},{"data":"ManaRampage","floor":32,"key":"SMITH"},{"data":"6A","floor":41,"key":"PURGE"},{"data":"UltimateShortwave","floor":47,"key":"SMITH"},{"data":"MachineGunSpark","floor":49,"key":"SMITH"}],"circlet_count":0,"master_deck":["Strike_MRS+1","Strike_MRS+1","Strike_MRS+1","Strike_MRS+1","Defend_MRS+1","Defend_MRS+1","Defend_MRS+1","Defend_MRS+1","MasterSpark","UpSweep","WitchOfGreed","MysteriousBeam","Doubt","MysteriousBeam","WitchOfGreed","PropBag+1","PropBag+1","MysteriousBeam","ManaRampage+1","BloodyBrimstone","DoubleSpark+1","Acceleration+1","DC+1","JA","UnstableBomb+1","WitchOfGreed","MysteriousBeam+1","GrandCross+1","MysteriousBeam+1","GalacticHalo","UltimateShortwave+1","PropBag+1","PropBag+1","Acceleration+1","MachineGunSpark+1","MeteoricShower","MeteoricShower+1"],"relics":["HushsDoor","D4","Burning Blood","Prayer Wheel","Mummified Hand","HollowMod:StagPassRelic","Frozen Egg 2","Toxic Egg 2","GnawedLeaf","InkBottle","White Beast Statue","Darkstone Periapt","GuppysTail","MagicBroom","Lizard Tail","Thread and Needle","StoneCalendar","ForgetMeNow","Pocketwatch","Incense Burner","MealTicket","Orichalcum","Bag of Preparation","PreservedInsect","Runic Dome","Empty Cage","DollysMirror","Incubus","DollysMirror","GuppysPaw"],"acts_visited":["Exordium","TheCity","TheBeyond"],"potions_floor_usage":[16,16,16,33,33,35,35,50,51],"damage_taken":[{"damage":1,"enemies":"Cultist","floor":1,"turns":3},{"damage":1,"enemies":"Jaw Worm","floor":2,"turns":3},{"damage":31,"enemies":"Lagavulin","floor":6,"turns":8},{"damage":0,"enemies":"3 Sentries","floor":8,"turns":3},{"damage":15,"enemies":"Small Slimes","floor":12,"turns":3},{"damage":26,"enemies":"Lagavulin","floor":13,"turns":6},{"damage":0,"enemies":"2 Fungi Beasts","floor":14,"turns":2},{"damage":22,"enemies":"Hexaghost","floor":16,"turns":5},{"damage":11,"enemies":"2 Thieves","floor":18,"turns":3},{"damage":14,"enemies":"Shell Parasite","floor":19,"turns":4},{"damage":12,"enemies":"Centurion and Healer","floor":22,"turns":5},{"damage":7,"enemies":"Gremlin Leader","floor":23,"turns":2},{"damage":0,"enemies":"Snake Plant","floor":24,"turns":2},{"damage":0,"enemies":"Slavers","floor":29,"turns":1},{"damage":0,"enemies":"Automaton","floor":33,"turns":4},{"damage":37,"enemies":"Reptomancer","floor":35,"turns":3},{"damage":0,"enemies":"Nemesis","floor":36,"turns":3},{"damage":22,"enemies":"3 Shapes","floor":37,"turns":1},{"damage":0,"enemies":"3 Darklings","floor":38,"turns":1},{"damage":0,"enemies":"Sphere and 2 Shapes","floor":39,"turns":1},{"damage":0,"enemies":"Giant Head","floor":40,"turns":1},{"damage":0,"enemies":"Nemesis","floor":42,"turns":3},{"damage":0,"enemies":"HollowMod:StalkingDevout","floor":45,"turns":1},{"damage":0,"enemies":"Writhing Mass","floor":46,"turns":1},{"damage":0,"enemies":"Transient","floor":48,"turns":3},{"damage":0,"enemies":"Donu and Deca","floor":50,"turns":3},{"damage":0,"enemies":"Time Eater","floor":51,"turns":2}],"seed_played":"6935908065052817607","potions_obtained":[{"floor":6,"key":"SneckoOil"},{"floor":8,"key":"champ:CounterPotion"},{"floor":8,"key":"Fire Potion"},{"floor":14,"key":"DistilledChaos"},{"floor":18,"key":"champ:CounterPotion"},{"floor":18,"key":"Guardian:BlockOnCardUsePotion"},{"floor":24,"key":"BlessingOfTheForge"},{"floor":33,"key":"Block Potion"},{"floor":35,"key":"SpeedPotion"},{"floor":36,"key":"FearPotion"},{"floor":36,"key":"FearPotion"},{"floor":37,"key":"Fire Potion"},{"floor":37,"key":"LiquidMemories"},{"floor":48,"key":"Guardian:BlockOnCardUsePotion"}],"is_trial":false,"path_per_floor":["M","M","$","?","?","E","R","E","T","?","$","M","E","M","R","B",null,"M","M","?","?","M","E","M","R","T","$","?","E","$","?","R","B",null,"M","M","M","M","M","E","R","E","T","M","E","M","R","M","R","B","B",null],"character_chosen":"MARISA","items_purchased":["WitchOfGreed","MysteriousBeam","D4","GuppysCollar","BloodyBrimstone","Chemical X","Bag of Marbles","TheBible","GuppysHead"],"campfire_rested":2,"item_purchase_floors":[3,3,11,17,17,27,27,27,34],"current_hp_per_floor":[81,80,80,80,65,34,58,58,58,58,58,43,17,17,41,19,64,53,39,39,39,33,32,38,50,50,50,50,55,55,55,55,55,45,14,21,1,1,1,1,1,1,1,1,1,1,1,1,1,1,1],"gold":490,"neow_bonus":"TEN_PERCENT_HP_BONUS","is_daily":false,"chose_seed":false,"campfire_upgraded":4,"win_rate":0.0,"timestamp":1609660015,"path_taken":["M","M","?","?","?","E","R","E","T","?","?","M","E","M","R","BOSS","M","M","?","?","M","E","M","R","T","$","?","E","?","?","R","BOSS","M","M","M","M","M","E","R","E","T","M","E","M","R","M","R","BOSS","BOSS"],"items_purchased_type":["Card","Card","Relic","Relic","Card","Relic","Relic","Relic","Relic"],"build_version":"2020-12-22","purchased_purges":0,"victory":true,"max_hp_per_floor":[82,82,82,82,82,82,82,82,82,82,82,82,82,82,82,82,64,64,61,61,61,61,55,55,55,55,55,55,55,55,55,55,55,45,45,52,1,1,1,1,1,1,1,1,1,1,1,1,1,1,1],"card_choices":[{"not_picked":[],"picked":"ChaosCard","floor":0},{"not_picked":["SuperPerseids","MeteoricShower"],"picked":"6A","floor":1},{"not_picked":["SporeBomb","ShootingEcho","CollectingQuirk"],"picked":"SKIP","floor":2},{"not_picked":["Acceleration","EnergyRecoil"],"picked":"MysteriousBeam","floor":6},{"not_picked":["FairyDestructionRay","MeteoricShower"],"picked":"WitchOfGreed","floor":8},{"not_picked":["Acceleration","ShootingEcho"],"picked":"PropBag","floor":12},{"not_picked":["DeepEcoloBomb","6A"],"picked":"PropBag","floor":13},{"not_picked":["BlazeAway","ManaConvection"],"picked":"MysteriousBeam","floor":14},{"not_picked":["StarDustReverie","SuperNova"],"picked":"ManaRampage","floor":16},{"not_picked":["WitchLeyline","GalacticHalo","GravityBeat"],"picked":"SKIP","floor":18},{"not_picked":["LuminesStrike+1","DragonMeteor+1","Robbery"],"picked":"SKIP","floor":19},{"not_picked":["GalacticHalo","OortCloud"],"picked":"DoubleSpark+1","floor":22},{"not_picked":["Singularity","RefractionSpark"],"picked":"Acceleration+1","floor":23},{"not_picked":["GasGiant+1","Acceleration","Robbery"],"picked":"SKIP","floor":24},{"not_picked":["ShootingEcho","SporeBomb"],"picked":"DC+1","floor":29},{"not_picked":["SatelliteIllusion","StarDustReverie"],"picked":"JA","floor":33},{"not_picked":["ShootingEcho","Orbital"],"picked":"UnstableBomb+1","floor":35},{"not_picked":["Orbital+1","SporeBomb","GravityBeat+1"],"picked":"WitchOfGreed","floor":36},{"not_picked":["UnstableBomb+1","6A+1","IllusionStar"],"picked":"MysteriousBeam+1","floor":37},{"not_picked":["FairyDestructionRay+1","PulseMagic","ShootingEcho+1"],"picked":"GrandCross+1","floor":38},{"not_picked":["WitchLeyline+1","JA+1","NonDirectionalLaser+1"],"picked":"MysteriousBeam+1","floor":39},{"not_picked":["DC+1","GravityBeat+1","SuperNova"],"picked":"GalacticHalo","floor":40},{"not_picked":["MachineGunSpark+1","6A+1","EarthLightRay"],"picked":"UltimateShortwave","floor":42},{"not_picked":["AsteroidBelt+1","EnergyRecoil+1"],"picked":"Acceleration+1","floor":45},{"not_picked":["OpenUniverse+1","WitchLeyline"],"picked":"MachineGunSpark","floor":46},{"not_picked":["6A","Acceleration+1"],"picked":"MeteoricShower","floor":46},{"not_picked":["ShootingEcho+1","WitchLeyline+1"],"picked":"MeteoricShower+1","floor":48},{"not_picked":["AlicesGift","GravityBeat","WitchLeyline"],"picked":"SKIP","floor":48}],"player_experience":48015,"relics_obtained":[{"floor":6,"key":"Meat on the Bone"},{"floor":8,"key":"Ancient Tea Set"},{"floor":9,"key":"UnicornStump"},{"floor":13,"key":"Ornamental Fan"},{"floor":23,"key":"MoneyPower"},{"floor":26,"key":"Mercury Hourglass"},{"floor":29,"key":"HollowMod:LifeEnderRelic"},{"floor":35,"key":"Nunchaku"},{"floor":36,"key":"AmplifyWand"},{"floor":40,"key":"Oddly Smooth Stone"},{"floor":42,"key":"Kunai"},{"floor":43,"key":"Sundial"},{"floor":45,"key":"GuppysPaw"}],"event_choices":[{"damage_healed":0,"gold_gain":175,"player_choice":"AGREE","damage_taken":0,"max_hp_gain":0,"max_hp_loss":0,"event_name":"Liars Game","floor":4,"gold_loss":0,"cards_obtained":["Doubt"]},{"damage_healed":0,"gold_gain":0,"player_choice":"Bought 0 Potions","damage_taken":0,"max_hp_gain":0,"max_hp_loss":0,"event_name":"The Woman in Blue","floor":10,"gold_loss":0},{"damage_healed":0,"gold_gain":0,"player_choice":"Ignored","damage_taken":0,"max_hp_gain":0,"max_hp_loss":0,"event_name":"Vampires","floor":20,"gold_loss":0},{"damage_healed":0,"gold_gain":0,"player_choice":"Simplicity","damage_taken":0,"max_hp_gain":0,"max_hp_loss":0,"event_name":"Back to Basics","floor":28,"gold_loss":0,"cards_upgraded":["Strike_MRS","Strike_MRS","Strike_MRS","Strike_MRS","Defend_MRS","Defend_MRS","Defend_MRS","Defend_MRS"]},{"damage_healed":0,"gold_gain":0,"player_choice":"Ignored","damage_taken":0,"max_hp_gain":0,"max_hp_loss":0,"event_name":"Ghosts","floor":31,"gold_loss":0}],"is_beta":false,"boss_relics":[{"not_picked":["Sozu","RampagingMagicTools"],"picked":"Black Star"},{"not_picked":[]},{"not_picked":["Velvet Choker","SacredBark"],"picked":"ChampionBelt"},{"not_picked":[]}],"items_purged_floors":[],"is_endless":false,"potions_floor_spawned":[8,13,14,18,33,37,38,39,42,45,46,48],"ascension_level":20}}