{"host":"g5zc4ej6zn2at89o","time":1609657103,"event":{"mods":["2.2 Compatiblity","AchievementEnabler","BaseMod","Colored Map","DeckTracker","Highlight Path","KOR Keyword Fix","Keyboard Shortcuts","Minty Spire (QoL Compilation)","Permanent Neow","Quick Restart","Say the Spire","StSLib","SuperFastMode","everything is the same but u backflip on backflip"],"gold_per_floor":[113,113,133,133,308,308,321,321,321,336,12,39,39,53,53,151,151,166,66,80,80,100,100,111,145,145,164,164,174,174,174,174,174,174],"floor_reached":33,"playtime":1590,"items_purged":["Defend_G","Doubt"],"score":257,"play_id":"3cec8796-445e-4739-9cff-e4b4c36b8aad","local_time":"20210103155823","is_ascension_mode":false,"campfire_choices":[{"data":"Corpse Explosion","floor":6.0,"key":"SMITH"},{"data":"Bane","floor":8.0,"key":"SMITH"},{"data":"Survivor","floor":15.0,"key":"SMITH"},{"floor":23.0,"key":"RECALL"},{"floor":28,"key":"REST"},{"floor":32,"key":"REST"}],"circlet_count":0,"master_deck":["Strike_G+1","Strike_G+1","Strike_G+1","Strike_G+1","Defend_G+1","Defend_G+1","Defend_G+1","Survivor+1","Neutralize","Corpse Explosion+1","Bane+1","Prepared","Backstab+1","Storm of Steel","All Out Attack+1","Glass Knife+1","Endless Agony+1","RitualDagger+1","Slice+1","Backstab+1","Blur+1","Catalyst"],"relics":["Ring of the Snake","White Beast Statue","Molten Egg 2","Frozen Egg 2","Odd Mushroom","Philosopher\u0027s Stone","Ornamental Fan"],"acts_visited":["Exordium","TheCity"],"potions_floor_usage":[33,33,33],"damage_taken":[{"damage":3.0,"enemies":"2 Louse","floor":1.0,"turns":2.0},{"damage":1.0,"enemies":"Cultist","floor":3.0,"turns":4.0},{"damage":0.0,"enemies":"Small Slimes","floor":7.0,"turns":3.0},{"damage":3.0,"enemies":"3 Louse","floor":10.0,"turns":2.0},{"damage":0.0,"enemies":"The Mushroom Lair","floor":12.0,"turns":1.0},{"damage":0.0,"enemies":"Large Slime","floor":14.0,"turns":3.0},{"damage":45.0,"enemies":"Hexaghost","floor":16.0,"turns":8.0},{"damage":0.0,"enemies":"3 Byrds","floor":18.0,"turns":2.0},{"damage":0.0,"enemies":"Spheric Guardian","floor":20.0,"turns":1.0},{"damage":6.0,"enemies":"Snecko","floor":22.0,"turns":3.0},{"damage":6.0,"enemies":"Sentry and Sphere","floor":24.0,"turns":3.0},{"damage":35.0,"enemies":"Book of Stabbing","floor":25.0,"turns":4.0},{"damage":0,"enemies":"3 Cultists","floor":27,"turns":3},{"damage":0,"enemies":"Chosen and Byrds","floor":29,"turns":3},{"damage":24,"enemies":"Automaton","floor":33,"turns":6}],"seed_played":"1031770117575064416","potions_obtained":[{"floor":1.0,"key":"LiquidMemories"},{"floor":7.0,"key":"Fire Potion"},{"floor":10.0,"key":"Regen Potion"},{"floor":16.0,"key":"SteroidPotion"},{"floor":18.0,"key":"LiquidBronze"},{"floor":25.0,"key":"SpeedPotion"},{"floor":29,"key":"Dexterity Potion"}],"is_trial":false,"path_per_floor":["M","?","M","?","?","R","M","R","T","M","$","?","?","M","R","B",null,"M","$","M","?","M","R","M","E","T","M","R","M","?","?","R","B"],"character_chosen":"THE_SILENT","items_purchased":["Frozen Egg 2"],"campfire_rested":2,"item_purchase_floors":[11],"current_hp_per_floor":[60,60,59,52,52,52,52,52,52,49,49,49,49,49,49,19,63,63,63,63,57,51,51,45,10,10,10,28,28,17,17,37,13,13],"gold":174,"neow_bonus":"THREE_RARE_CARDS","is_daily":false,"chose_seed":false,"campfire_upgraded":3,"win_rate":0.0,"timestamp":1609657103,"path_taken":["M","?","?","?","?","R","M","R","T","M","$","?","?","M","R","BOSS","M","$","M","?","M","R","M","E","T","M","R","M","?","?","R","BOSS"],"items_purchased_type":["Relic"],"build_version":"2020-12-22","purchased_purges":2,"victory":false,"max_hp_per_floor":[63,63,63,63,63,63,63,63,63,63,63,63,63,63,63,63,63,63,63,63,63,63,63,63,63,63,63,63,63,68,68,68,68,68],"card_choices":[{"not_picked":["Die Die Die","Tools of the Trade"],"picked":"Corpse Explosion","floor":0.0},{"not_picked":["Eviscerate","Flying Knee"],"picked":"Bane","floor":1.0},{"not_picked":["Blur","Reflex"],"picked":"Prepared","floor":3.0},{"not_picked":["Deadly Poison","Reflex","Masterful Stab"],"picked":"SKIP","floor":7.0},{"not_picked":["Underhanded Strike+1","Deadly Poison","Dodge and Roll"],"picked":"SKIP","floor":10.0},{"not_picked":["Heel Hook+1","Underhanded Strike+1"],"picked":"Backstab+1","floor":12.0},{"not_picked":["Poisoned Stab+1","Dodge and Roll"],"picked":"All Out Attack+1","floor":14.0},{"not_picked":["Phantasmal Killer","A Thousand Cuts+1"],"picked":"Glass Knife+1","floor":16.0},{"not_picked":["Dodge and Roll","Crippling Poison","Underhanded Strike+1"],"picked":"SKIP","floor":18.0},{"not_picked":["Heel Hook+1","Deadly Poison"],"picked":"Endless Agony+1","floor":20.0},{"not_picked":["PiercingWail","Dagger Throw+1"],"picked":"Slice+1","floor":22.0},{"not_picked":["Setup+1","Slice+1"],"picked":"Backstab+1","floor":24.0},{"not_picked":["Setup","Choke+1"],"picked":"Blur+1","floor":25.0},{"not_picked":["Poisoned Stab+1","Tactician"],"picked":"Catalyst","floor":27},{"not_picked":["Sucker Punch+1","Flying Knee+1","Noxious Fumes+1"],"picked":"SKIP","floor":29}],"player_experience":119427,"relics_obtained":[{"floor":9.0,"key":"Molten Egg 2"},{"floor":12.0,"key":"Odd Mushroom"},{"floor":25.0,"key":"Ornamental Fan"}],"event_choices":[{"cards_removed":["Defend_G"],"damage_healed":0.0,"max_hp_gain":0.0,"max_hp_loss":0.0,"gold_gain":0.0,"event_name":"Bonfire Elementals","player_choice":"Offered Basic","floor":2.0,"gold_loss":0.0,"damage_taken":0.0},{"damage_healed":0.0,"max_hp_gain":0.0,"max_hp_loss":0.0,"gold_gain":0.0,"event_name":"Scrap Ooze","player_choice":"Success","floor":4.0,"gold_loss":0.0,"damage_taken":7.0,"relics_obtained":["White Beast Statue"]},{"damage_healed":0.0,"max_hp_gain":0.0,"max_hp_loss":0.0,"gold_gain":175.0,"event_name":"Liars Game","player_choice":"AGREE","floor":5.0,"gold_loss":0.0,"damage_taken":0.0,"cards_obtained":["Doubt"]},{"damage_healed":0.0,"max_hp_gain":0.0,"max_hp_loss":0.0,"gold_gain":0.0,"event_name":"Mushrooms","player_choice":"Fought Mushrooms","floor":12.0,"gold_loss":0.0,"damage_taken":0.0},{"damage_healed":0.0,"max_hp_gain":0.0,"max_hp_loss":0.0,"gold_gain":0.0,"cards_transformed":["Strike_G"],"event_name":"Living Wall","player_choice":"Change","floor":13.0,"gold_loss":0.0,"damage_taken":0.0,"cards_obtained":["Storm of Steel"]},{"damage_healed":0.0,"max_hp_gain":0.0,"max_hp_loss":0.0,"gold_gain":0.0,"event_name":"Nest","player_choice":"Joined the Cult","floor":21.0,"gold_loss":0.0,"damage_taken":6.0,"cards_obtained":["RitualDagger"]},{"damage_healed":0,"gold_gain":0,"player_choice":"Shed Blood","damage_taken":16,"max_hp_gain":5,"max_hp_loss":0,"event_name":"Forgotten Altar","floor":30,"gold_loss":0},{"damage_healed":0,"gold_gain":0,"player_choice":"Simplicity","damage_taken":0,"max_hp_gain":0,"max_hp_loss":0,"event_name":"Back to Basics","floor":31,"gold_loss":0,"cards_upgraded":["Strike_G","Strike_G","Strike_G","Strike_G","Defend_G","Defend_G","Defend_G"]}],"is_beta":false,"boss_relics":[{"not_picked":["Empty Cage","Fusion Hammer"],"picked":"Philosopher\u0027s Stone"}],"items_purged_floors":[11,19],"is_endless":false,"potions_floor_spawned":[1,7,10,12,14,16,18,20,22,24,25,27,29],"killed_by":"Automaton","ascension_level":0}}