{"host":"ijmqth23a408ytzh","time":1609701341,"event":{"mods":["BaseMod","Curses Come First","Downfall","Minty Spire (QoL Compilation)","StSLib"],"gold_per_floor":[99,99,99,99,99,99,99,99,117,130,140,140,140,175,191,293,293,218,218,50,69,54,154,154,154,154,154],"floor_reached":25,"playtime":2209,"items_purged":[],"score":195,"play_id":"b5c370f0-80b3-4859-9661-53e75f77b5d6","local_time":"20210103111541","is_ascension_mode":false,"campfire_choices":[{"data":"Slimebound:CorrosiveSpit","floor":1,"key":"SMITH"},{"floor":12,"key":"REST"},{"floor":18,"key":"RECALL"}],"circlet_count":0,"master_deck":["Slimebound:Strike_Slimebound","Slimebound:Strike_Slimebound","Slimebound:Defend_Slimebound","Slimebound:Defend_Slimebound","Slimebound:Defend_Slimebound","Slimebound:Split","Slimebound:CorrosiveSpit+1","Slimebound:GoopSpray","Slimebound:LevelUp","Slimebound:LevelUp","Slimebound:SplitMire","Slimebound:LevelUp","Slimebound:SelfFormingGoo","Slimebound:SplitBruiser","Slimebound:LeechingTouch","Slimebound:SplitAcid","Slimebound:MassFeed","Slimebound:SplitMire","Slimebound:LeechingTouch","Slimebound:SpikyOuterGoop","Slimebound:ViciousTackle","Slimebound:PressTheAttack","Slimebound:GrowthPunch","Slimebound:LeechEnergy+1"],"relics":["Slimebound:AbsorbEndCombat","downfall:HeartsMalice","Mummified Hand","Omamori","Busted Crown","downfall:HeartBlessingGreen","Torii","Bottled Tornado","TungstenRod"],"acts_visited":["Exordium","TheCity"],"potions_floor_usage":[14,16,16,16],"damage_taken":[{"damage":0,"enemies":"2 Louse","floor":2,"turns":1},{"damage":0,"enemies":"Small Slimes","floor":4,"turns":1},{"damage":0,"enemies":"Cultist","floor":6,"turns":1},{"damage":18,"enemies":"3 Louse","floor":9,"turns":3},{"damage":17,"enemies":"Red Slaver","floor":10,"turns":3},{"damage":19,"enemies":"2 Fungi Beasts","floor":11,"turns":3},{"damage":43,"enemies":"Gremlin Nob","floor":14,"turns":4},{"damage":15,"enemies":"Blue Slaver","floor":15,"turns":3},{"damage":21,"enemies":"downfall:Watcher","floor":16,"turns":5},{"damage":0,"enemies":"Chosen","floor":19,"turns":1},{"damage":24,"enemies":"downfall:FleeingMerchant","floor":20,"turns":4},{"damage":39,"enemies":"Spheric Guardian","floor":21,"turns":4},{"damage":18,"enemies":"downfall:FleeingMerchant","floor":22,"turns":4},{"damage":34,"enemies":"Colosseum Nobs","floor":23,"turns":4},{"damage":32,"enemies":"downfall:Augmenter","floor":25,"turns":2}],"seed_played":"-1406645999950493759","potions_obtained":[{"floor":9,"key":"hexamod:EctoCoolerPotion"},{"floor":10,"key":"hexamod:EctoCoolerPotion"},{"floor":14,"key":"SkillPotion"},{"floor":15,"key":"champ:CounterPotion"},{"floor":21,"key":"Strength Potion"},{"floor":23,"key":"GamblersBrew"}],"is_trial":false,"path_per_floor":["R","M","?","M","?","M","T","?","M","M","M","R","?","E","M","B",null,"R","M","$","M","$","?","T","?"],"character_chosen":"SLIMEBOUND","items_purchased":["Slimebound:SpikyOuterGoop","Slimebound:ViciousTackle","Slimebound:PressTheAttack"],"campfire_rested":1,"item_purchase_floors":[20,20,20],"current_hp_per_floor":[60,60,60,60,60,60,60,60,52,43,32,50,50,23,20,15,60,60,60,58,35,41,29,29,0,0,0],"gold":154,"neow_bonus":"THREE_ENEMY_KILL","is_daily":false,"chose_seed":false,"campfire_upgraded":1,"win_rate":0.0,"timestamp":1609701341,"path_taken":["R","M","?","M","?","?","T","?","M","M","M","R","?","E","M","BOSS","R","M","$","M","$","?","T","?"],"items_purchased_type":["Card","Card","Card"],"build_version":"2020-12-22","purchased_purges":0,"victory":false,"max_hp_per_floor":[60,60,60,60,60,60,60,60,60,60,60,60,60,60,60,60,60,60,60,60,60,60,60,60,60,60,60],"card_choices":[{"not_picked":["Slimebound:ViciousTackle","Slimebound:SplitMire"],"picked":"Slimebound:GoopSpray","floor":2},{"not_picked":["Slimebound:SamplingLick","Slimebound:Nibble"],"picked":"Slimebound:LevelUp","floor":4},{"not_picked":["Slimebound:ComboTackle","Slimebound:DisruptingSlam"],"picked":"Slimebound:SplitMire","floor":6},{"not_picked":["Slimebound:Schlurp","Slimebound:SlimeSpikes"],"picked":"Slimebound:LevelUp","floor":9},{"not_picked":["Slimebound:GrowthPunch","Slimebound:SamplingLick"],"picked":"Slimebound:SelfFormingGoo","floor":10},{"not_picked":["Slimebound:RollThrough","Slimebound:ItLooksTasty"],"picked":"Slimebound:SplitBruiser","floor":11},{"not_picked":["Slimebound:TongueLash","Slimebound:GoopSpray"],"picked":"Slimebound:LeechingTouch","floor":14},{"not_picked":["Slimebound:FinishingTackle","Slimebound:DisruptingSlam"],"picked":"Slimebound:SplitAcid","floor":15},{"not_picked":["Slimebound:Teamwork","Slimebound:DuplicatedForm"],"picked":"Slimebound:MassFeed","floor":16},{"not_picked":[],"picked":"Slimebound:SplitMire","floor":19},{"not_picked":[],"picked":"Slimebound:LeechingTouch","floor":20},{"not_picked":[],"picked":"Slimebound:GrowthPunch","floor":21},{"not_picked":["Slimebound:LeechingTouch"],"picked":"SKIP","floor":22},{"not_picked":[],"picked":"Slimebound:LeechEnergy+1","floor":23}],"player_experience":702121,"relics_obtained":[{"floor":7,"key":"Mummified Hand"},{"floor":14,"key":"Omamori"},{"floor":23,"key":"Torii"},{"floor":23,"key":"Bottled Tornado"},{"floor":24,"key":"TungstenRod"}],"event_choices":[{"cards_removed":["Slimebound:Defend_Slimebound"],"damage_healed":0,"gold_gain":0,"player_choice":"Card Removal","damage_taken":0,"max_hp_gain":0,"max_hp_loss":0,"event_name":"The Cleric","floor":3,"gold_loss":0},{"damage_healed":0,"gold_gain":0,"cards_transformed":["Slimebound:Strike_Slimebound"],"player_choice":"Transformed","damage_taken":0,"max_hp_gain":0,"max_hp_loss":0,"event_name":"Transmorgrifier","floor":5,"gold_loss":0,"cards_obtained":["Slimebound:LevelUp"]},{"cards_removed":["Slimebound:Tackle"],"damage_healed":0,"gold_gain":0,"player_choice":"Offered Basic","damage_taken":0,"max_hp_gain":0,"max_hp_loss":0,"event_name":"Bonfire Elementals","floor":13,"gold_loss":0}],"is_beta":false,"boss_relics":[{"not_picked":["SacredBark","Velvet Choker"],"picked":"Busted Crown"}],"items_purged_floors":[],"is_endless":false,"potions_floor_spawned":[9,10,14,15,21,23],"killed_by":"downfall:Augmenter","ascension_level":0}}