{"host":"6ncdf681trjj7gs6","time":1609632553,"event":{"mods":["BaseMod","Colored Map","Downfall","Highlight Path","Minty Spire (QoL Compilation)","StSLib"],"gold_per_floor":[99,114,133,150,165,199,246,171,188,188,222,222,44,61,76,76,76,76],"floor_reached":16,"playtime":1234,"items_purged":["champ:Strike"],"score":120,"play_id":"20e5eab0-a77e-42c7-af51-7f460f47cba7","local_time":"20210102190913","is_ascension_mode":true,"campfire_choices":[{"data":"champ:Taunt","floor":1.0,"key":"SMITH"},{"data":"champ:Improvising","floor":8.0,"key":"SMITH"},{"data":"champ:BladeFlurry","floor":10.0,"key":"SMITH"},{"data":"champ:Haymaker","floor":12.0,"key":"SMITH"}],"circlet_count":0,"master_deck":["champ:Strike","champ:Strike","champ:Defend","champ:Defend","champ:Defend","champ:Defend","champ:Execute","champ:Taunt+1","champ:Improvising+1","champ:BladeFlurry+1","champ:ShieldSigil","champ:ViciousMockery","champ:ViciousMockery+1","champ:Haymaker+1","champ:AdrenalArmor+1","champ:Aggression+1","champ:BerserkersShout+1","champ:DeathBlow","champ:GladiatorsShout+1","champ:ArenaPreparation+1"],"relics":["champ:ChampionCrown","Toxic Egg 2","Lantern","downfall:HeartBlessingGreen","Vajra"],"acts_visited":["Exordium"],"potions_floor_usage":[],"damage_taken":[{"damage":14.0,"enemies":"Cultist","floor":2.0,"turns":5.0},{"damage":8.0,"enemies":"Small Slimes","floor":3.0,"turns":5.0},{"damage":5.0,"enemies":"2 Louse","floor":4.0,"turns":4.0},{"damage":17.0,"enemies":"Exordium Thugs","floor":5.0,"turns":9.0},{"damage":13.0,"enemies":"Lagavulin","floor":6.0,"turns":7.0},{"damage":4.0,"enemies":"2 Fungi Beasts","floor":9.0,"turns":3.0},{"damage":19.0,"enemies":"Gremlin Nob","floor":11.0,"turns":4.0},{"damage":9.0,"enemies":"downfall:FleeingMerchant","floor":13.0,"turns":4.0},{"damage":33.0,"enemies":"Exordium Wildlife","floor":14.0,"turns":6.0},{"damage":21.0,"enemies":"Exordium Thugs","floor":15.0,"turns":4.0},{"damage":39,"enemies":"downfall:Defect","floor":16,"turns":3}],"seed_played":"-541190017813766397","potions_obtained":[{"floor":2.0,"key":"PowerPotion"},{"floor":5.0,"key":"Guardian:BlockOnCardUsePotion"},{"floor":6.0,"key":"Regen Potion"},{"floor":11.0,"key":"Ancient Potion"},{"floor":14.0,"key":"LiquidBronze"},{"floor":15.0,"key":"Fire Potion"}],"is_trial":false,"path_per_floor":["R","M","M","M","M","E","T","R","M","R","E","R","$","M","M","B"],"character_chosen":"THE_CHAMP","items_purchased":["champ:BerserkersShout+1","champ:DeathBlow"],"campfire_rested":0,"item_purchase_floors":[13,13],"current_hp_per_floor":[90,86,78,78,61,53,53,53,49,49,42,42,42,42,38,0,0,0],"gold":76,"neow_bonus":"TRANSFORM_CARD","is_daily":false,"chose_seed":false,"campfire_upgraded":4,"win_rate":0.0,"timestamp":1609632553,"path_taken":["R","M","M","M","?","E","T","R","M","R","E","R","$","M","M","BOSS"],"items_purchased_type":["Card","Card"],"build_version":"2020-12-22","purchased_purges":1,"victory":false,"max_hp_per_floor":[90,90,90,90,90,90,90,90,90,90,90,90,90,90,90,90,90,90],"card_choices":[{"not_picked":["champ:FightOn","champ:ShieldWall"],"picked":"champ:BladeFlurry","floor":2.0},{"not_picked":["champ:TornadoPunch","champ:GutPunch"],"picked":"champ:ShieldSigil","floor":3.0},{"not_picked":["champ:DefensiveShout","champ:TornadoPunch"],"picked":"champ:ViciousMockery","floor":4.0},{"not_picked":["champ:ShieldThrow","champ:BringItOn","champ:CrookedStrike"],"picked":"SKIP","floor":5.0},{"not_picked":["champ:Control+1","champ:PerfectedStrike"],"picked":"champ:ViciousMockery+1","floor":6.0},{"not_picked":["champ:CalledShot","champ:EndlessRage"],"picked":"champ:Haymaker","floor":9.0},{"not_picked":["champ:RecklessLeap","champ:PerfectedStrike"],"picked":"champ:AdrenalArmor+1","floor":11.0},{"not_picked":["champ:GutPunch","champ:BringItOn+1"],"picked":"champ:Aggression+1","floor":13.0},{"not_picked":["champ:FanOfKnives","champ:Balance+1"],"picked":"champ:GladiatorsShout+1","floor":14.0},{"not_picked":["champ:Riposte+1","champ:GutPunch"],"picked":"champ:ArenaPreparation+1","floor":15.0}],"player_experience":973394,"relics_obtained":[{"floor":6.0,"key":"Toxic Egg 2"},{"floor":7.0,"key":"Lantern"},{"floor":11.0,"key":"Vajra"}],"event_choices":[],"is_beta":false,"boss_relics":[],"items_purged_floors":[13],"is_endless":false,"potions_floor_spawned":[2,5,6,11,14,15],"killed_by":"downfall:Defect","ascension_level":1}}