{"host":"1cd1aqaox6jesai3","time":1609712973,"event":{"mods":["Act Like it!","Arknights The Spire","Astrologer","Bartender","BaseMod","Colored Powertips","Downfall","Googly Eyes","Hallownest","Infinite Spire","Mimic Mod","Minty Spire (QoL Compilation)","Replay The Spire","StSLib","The Bug Knight","The Construct","The Factory"],"gold_per_floor":[111,111,111,124,137,166,185,185,259,272,304,304,41,70,70,170,170,199,219,223,223],"floor_reached":20,"playtime":945,"items_purged":[],"score":268,"play_id":"e44d4cdd-64f2-4a2c-a5b7-54183d91dde0","local_time":"20210103172933","is_ascension_mode":true,"campfire_choices":[{"data":"ats:Emotion Absorption","floor":8,"key":"SMITH"},{"floor":12,"key":"REST"},{"floor":15,"key":"REST"}],"circlet_count":0,"master_deck":["ats:Strike C","ats:Strike S","ats:Strike V","ats:Armor Crushing Shot","ats:Defend","ats:Defend+1","ats:Defend","ats:Defend","ats:Emotion Absorption+1","ats:Burning Ground+1","Amnesia","ats:Flame Of Heaven","ats:Ignite","ats:Mental Burst","ats:Apocalypse","ats:Ignite","ats:Thorns","ats:Revitalization","ats:Flame Of Heaven","ats:Demon Strength","ats:Calcification","Decay","Regret","ReplayTheSpireMod:Meltdown Sequence","ats:Revitalization"],"relics":["ats:Sanity","NeowsBlessing","Ring of Fury","Ring of Panic","ats:Originium","Replay:PocketPolymizer","Replay:Bottled Steam","Dream Catcher","Gremlin Food","ats:Rhine Circuitry","Replay:Ancient Bell","Replay:Bandana","infinitespire:Bottled Soul","Replay:Multitool"],"acts_visited":["Exordium","TheCity"],"potions_floor_usage":[18,20,20],"damage_taken":[{"damage":0,"enemies":"Small Slimes","floor":1,"turns":1},{"damage":0,"enemies":"Jaw Worm","floor":4,"turns":1},{"damage":0,"enemies":"Cultist","floor":5,"turns":1},{"damage":30,"enemies":"3 Sentries","floor":6,"turns":7},{"damage":6,"enemies":"Gremlin Gang","floor":7,"turns":2},{"damage":14,"enemies":"Large Slime","floor":10,"turns":4},{"damage":14,"enemies":"Gremlin Nob","floor":11,"turns":3},{"damage":15,"enemies":"3 Sentries","floor":14,"turns":3},{"damage":0,"enemies":"Slime Boss","floor":16,"turns":4},{"damage":17,"enemies":"Shell Parasite","floor":18,"turns":2},{"damage":63,"enemies":"2 Thieves","floor":19,"turns":4},{"damage":10,"enemies":"Snake Plant","floor":20,"turns":2}],"seed_played":"4625725604914771474","potions_obtained":[{"floor":1,"key":"Milkshake"},{"floor":10,"key":"Adrenaline Potion"},{"floor":14,"key":"LiquidMemories"},{"floor":18,"key":"Adrenaline Potion"}],"is_trial":false,"path_per_floor":["M","?","?","M","M","E","M","R","T","M","E","R","$","E","R","B",null,"M","M","M"],"character_chosen":"DOCTOR_CLASS","items_purchased":["ats:Ignite","Gremlin Food","ats:Thorns"],"campfire_rested":2,"item_purchase_floors":[13,13,13],"current_hp_per_floor":[72,72,72,72,72,42,36,36,36,22,8,29,29,18,39,46,72,55,4,0,0],"gold":223,"neow_bonus":"THREE_ENEMY_KILL","is_daily":false,"chose_seed":false,"campfire_upgraded":1,"win_rate":0.0,"timestamp":1609712973,"path_taken":["M","?","?","M","M","E","M","R","T","?","E","R","?","E","R","BOSS","M","M","?"],"items_purchased_type":["Card","Relic","Card"],"build_version":"2020-12-22","purchased_purges":0,"victory":false,"max_hp_per_floor":[72,72,72,72,72,72,72,72,72,72,72,72,72,72,72,72,72,72,72,72,72],"card_choices":[{"not_picked":["ats:Poison Spread","ats:Cat Scratch"],"picked":"ats:Burning Ground","floor":1},{"not_picked":["ats:Flexible Camouflage","ats:Part Time Job","ats:Automatic Cover"],"picked":"SKIP","floor":4},{"not_picked":["ats:Assault Order","ats:Chain Hook","ats:Fractured Body"],"picked":"SKIP","floor":5},{"not_picked":["ats:Hammer On","ats:Overload"],"picked":"ats:Flame Of Heaven","floor":6},{"not_picked":["ats:Poison Spread","ats:Explosion Area Strengthen"],"picked":"ats:Ignite","floor":7},{"not_picked":["ats:Curse Doll","ats:Leaping Hammer"],"picked":"ats:Mental Burst","floor":10},{"not_picked":["ats:Hammer On","ats:Shadow Assault","ats:Blood Oath"],"picked":"SKIP","floor":11},{"not_picked":["ats:Poison Spread","ats:Assault Order"],"picked":"ats:Apocalypse","floor":12},{"not_picked":["ats:Powerful Strike","ats:Leaping Hammer"],"picked":"ats:Revitalization","floor":14},{"not_picked":["ats:Powerful Strike","ats:Curse Doll"],"picked":"ats:Demon Strength","floor":15},{"not_picked":["ats:Disruption Kick","ats:True Silver Slash"],"picked":"ats:Calcification","floor":16},{"not_picked":["ReplayTheSpireMod:Doomed","Replay:UnknownCurse"],"picked":"Decay","floor":17},{"not_picked":["hexamod:Haunted","Amnesia"],"picked":"Regret","floor":17},{"not_picked":["ReplayTheSpireMod:Restless Dread","Voices"],"picked":"ReplayTheSpireMod:Meltdown Sequence","floor":17},{"not_picked":["ats:Assault Order+1","ats:Defend Order"],"picked":"ats:Revitalization","floor":18},{"not_picked":["ats:Flexible Camouflage","ats:Charging Defense","ats:Assault Order"],"picked":"SKIP","floor":19}],"player_experience":164306,"relics_obtained":[{"floor":3,"key":"Ring of Fury"},{"floor":3,"key":"Ring of Panic"},{"floor":6,"key":"ats:Originium"},{"floor":6,"key":"Replay:PocketPolymizer"},{"floor":9,"key":"Replay:Bottled Steam"},{"floor":11,"key":"ats:Originium"},{"floor":11,"key":"Dream Catcher"},{"floor":14,"key":"ats:Originium"},{"floor":14,"key":"ats:Rhine Circuitry"}],"event_choices":[{"damage_healed":0,"gold_gain":0,"player_choice":"Grow","damage_taken":0,"max_hp_gain":0,"max_hp_loss":0,"event_name":"Living Wall","floor":2,"gold_loss":0,"cards_upgraded":["ats:Burning Ground"]}],"is_beta":false,"boss_relics":[{"not_picked":["ReplayTheSpireMod:DimensionalGlitch","construct:ClawGrip"],"picked":"Replay:Ancient Bell"},{"not_picked":["Protect_Vest","MawBank"],"picked":"Replay:Bandana"},{"not_picked":["Quantum Egg","Molten Egg 2"],"picked":"infinitespire:Bottled Soul"},{"not_picked":["Thread and Needle","CaptainsWheel"],"picked":"Replay:Multitool"}],"items_purged_floors":[],"is_endless":false,"potions_floor_spawned":[1,10,14,18],"killed_by":"Snake Plant","ascension_level":2}}