{"host":"9ndbo4kgsfoemf7y","time":1609676146,"event":{"mods":["AchievementEnabler","BaseMod","Colored Map","DeckTracker","Keyboard Shortcuts","Minty Spire (QoL Compilation)","Permanent Neow","Quick Restart","Relic Stats","StSLib","SuperFastMode"],"gold_per_floor":[15,15,15,35,48,48,70,70,70,70,70,80,111,130,130,231,231,242,68,78,78,78,78,78,78],"floor_reached":24,"playtime":641,"items_purged":[],"score":243,"play_id":"a957cd0e-976c-4391-b035-3131a2fe40d9","local_time":"20210103211546","is_ascension_mode":true,"campfire_choices":[{"data":"Fusion","floor":6.0,"key":"SMITH"},{"data":"Redo","floor":8.0,"key":"SMITH"},{"data":"Buffer","floor":10.0,"key":"SMITH"},{"data":"Beam Cell","floor":15.0,"key":"SMITH"},{"data":"Double Energy","floor":23.0,"key":"SMITH"}],"circlet_count":0,"master_deck":["Defend_B","Defend_B","Zap","Dualcast","Go for the Eyes","Machine Learning","Sweeping Beam","Compile Driver","Buffer+1","Doom and Gloom","Fusion+1","Redo+1","Amplify","Beam Cell+1","Streamline","Buffer","Buffer+1","Hyperbeam+1","Coolheaded+1","Force Field","Turbo","Defragment","Double Energy+1"],"relics":["Cracked Core","Odd Mushroom","Nunchaku","Meat on the Bone","Astrolabe","Orichalcum","Nloth\u0027s Gift"],"acts_visited":["Exordium","TheCity"],"potions_floor_usage":[24],"damage_taken":[{"damage":9.0,"enemies":"Small Slimes","floor":1.0,"turns":4.0},{"damage":0.0,"enemies":"2 Louse","floor":4.0,"turns":3.0},{"damage":0.0,"enemies":"Cultist","floor":5.0,"turns":3.0},{"damage":14.0,"enemies":"The Mushroom Lair","floor":7.0,"turns":3.0},{"damage":9.0,"enemies":"Large Slime","floor":12.0,"turns":5.0},{"damage":20.0,"enemies":"Gremlin Nob","floor":13.0,"turns":4.0},{"damage":4.0,"enemies":"2 Fungi Beasts","floor":14.0,"turns":2.0},{"damage":25.0,"enemies":"The Guardian","floor":16.0,"turns":8.0},{"damage":11.0,"enemies":"Spheric Guardian","floor":18.0,"turns":4.0},{"damage":6.0,"enemies":"Chosen","floor":20.0,"turns":5.0},{"damage":44,"enemies":"Slavers","floor":24,"turns":2}],"seed_played":"7682854533459141341","potions_obtained":[{"floor":1.0,"key":"Strength Potion"},{"floor":4.0,"key":"PotionOfCapacity"},{"floor":16.0,"key":"Strength Potion"}],"is_trial":false,"path_per_floor":["M","?","?","M","M","R","?","R","T","R","?","M","E","M","R","B",null,"M","$","M","?","?","R","E"],"character_chosen":"DEFECT","items_purchased":["Orichalcum","Turbo"],"campfire_rested":0,"item_purchase_floors":[19,19],"current_hp_per_floor":[66,66,66,66,66,66,52,52,52,52,49,40,20,28,28,15,60,49,49,43,43,43,43,0,0],"gold":78,"neow_bonus":"TRANSFORM_TWO_CARDS","is_daily":false,"chose_seed":false,"campfire_upgraded":5,"win_rate":0.0,"timestamp":1609676146,"path_taken":["M","?","?","M","?","R","?","R","T","R","?","M","E","M","R","BOSS","M","$","M","?","?","R","E"],"items_purchased_type":["Relic","Card"],"build_version":"2020-12-22","purchased_purges":0,"victory":false,"max_hp_per_floor":[75,75,75,75,75,75,75,75,75,75,75,75,75,75,75,75,75,75,75,75,75,75,75,75,75],"relic_stats":{"Nunchaku":[5],"counters":[11,43],"Astrolabe":["Buffer","Hyperbeam","Coolheaded"],"Nloth\u0027s Gift":0,"Orichalcum":[36],"obtain_stats":[{"Nunchaku":11,"Astrolabe":17,"Nloth\u0027s Gift":22,"Odd Mushroom":7,"Orichalcum":19,"Cracked Core":0,"StrikeDummy":9,"Meat on the Bone":13},{"Nunchaku":4,"Astrolabe":8,"Nloth\u0027s Gift":10,"Odd Mushroom":4,"Orichalcum":9,"Cracked Core":0,"StrikeDummy":4,"Meat on the Bone":6},{"Nunchaku":13,"Astrolabe":32,"Nloth\u0027s Gift":41,"Odd Mushroom":13,"Orichalcum":36,"Cracked Core":0,"StrikeDummy":13,"Meat on the Bone":22}],"Meat on the Bone":24},"card_choices":[{"not_picked":["White Noise","Lockon"],"picked":"Sweeping Beam","floor":1.0},{"not_picked":["Leap","Gash"],"picked":"Doom and Gloom","floor":4.0},{"not_picked":["Sweeping Beam","Blizzard"],"picked":"Fusion","floor":5.0},{"not_picked":["Rebound","Turbo"],"picked":"Redo","floor":7.0},{"not_picked":["Coolheaded","Beam Cell"],"picked":"Amplify","floor":12.0},{"not_picked":["Reinforced Body","Compile Driver"],"picked":"Beam Cell","floor":13.0},{"not_picked":["Hello World","Go for the Eyes"],"picked":"Streamline","floor":14.0},{"not_picked":["Echo Form","Electrodynamics"],"picked":"Buffer","floor":16.0},{"not_picked":["Static Discharge","Blizzard"],"picked":"Force Field","floor":18.0},{"not_picked":["Recycle+1","Redo"],"picked":"Defragment","floor":20.0}],"player_experience":771443,"relics_obtained":[{"floor":7.0,"key":"Odd Mushroom"},{"floor":9.0,"key":"StrikeDummy"},{"floor":13.0,"key":"Meat on the Bone"}],"event_choices":[{"damage_healed":0.0,"max_hp_gain":0.0,"max_hp_loss":0.0,"gold_gain":0.0,"cards_transformed":["Strike_B"],"event_name":"Living Wall","player_choice":"Change","floor":2.0,"gold_loss":0.0,"damage_taken":0.0,"cards_obtained":["Compile Driver"]},{"damage_healed":0.0,"max_hp_gain":0.0,"max_hp_loss":0.0,"gold_gain":0.0,"event_name":"Match and Keep!","player_choice":"1 cards matched","floor":3.0,"gold_loss":0.0,"damage_taken":0.0,"cards_obtained":["Buffer"]},{"damage_healed":0.0,"max_hp_gain":0.0,"max_hp_loss":0.0,"gold_gain":0.0,"event_name":"Mushrooms","player_choice":"Fought Mushrooms","floor":7.0,"gold_loss":0.0,"damage_taken":0.0},{"damage_healed":0.0,"max_hp_gain":0.0,"max_hp_loss":0.0,"gold_gain":0.0,"event_name":"Scrap Ooze","player_choice":"Success","floor":11.0,"gold_loss":0.0,"damage_taken":3.0,"relics_obtained":["Nunchaku"]},{"damage_healed":0.0,"max_hp_gain":0.0,"max_hp_loss":0.0,"gold_gain":0.0,"event_name":"The Library","player_choice":"Read","floor":21.0,"gold_loss":0.0,"damage_taken":0.0,"cards_obtained":["Double Energy"]},{"damage_healed":0.0,"max_hp_gain":0.0,"max_hp_loss":0.0,"gold_gain":0.0,"event_name":"N\u0027loth","player_choice":"Traded Relic","floor":22.0,"relics_lost":["StrikeDummy"],"gold_loss":0.0,"damage_taken":0.0,"relics_obtained":["Nloth\u0027s Gift"]}],"is_beta":false,"boss_relics":[{"not_picked":["Sozu","SlaversCollar"],"picked":"Astrolabe"}],"items_purged_floors":[],"is_endless":false,"potions_floor_spawned":[1,4,16],"killed_by":"Slavers","ascension_level":5}}