{"host":"h3c6rtdc4153hgw2","time":1609700328,"event":{"mods":["AchievementEnabler","BaseMod","Colored Map","Colored Powertips","Downfall","Googly Eyes","Hermit","Marisa????????","Minty Spire (QoL Compilation)","Replay The Spire","StSLib","The Cursed"],"gold_per_floor":[111,121,171,171,184,219,237,237,237,237,46,64,64,96,96,101,101,117,117,17,116,116,150,168,180,207,207,207,227,227,242,242,350,350,369,369,32,43,43,43,0,0,72,72,79,79],"floor_reached":45,"playtime":2982,"items_purged":["ReplayTheSpireMod:Restless Dread"],"score":489,"play_id":"0599d488-aa11-41a9-9e70-bf0638e79a89","local_time":"20210103185848","is_ascension_mode":false,"campfire_choices":[{"floor":8,"key":"REST"},{"data":"hermit:Determination","floor":13,"key":"SMITH"},{"data":"hermit:Quickdraw","floor":15,"key":"SMITH"},{"floor":28,"key":"DIG"},{"floor":30,"key":"DIG"},{"floor":32,"key":"REST"},{"floor":40,"key":"DIG"}],"circlet_count":0,"master_deck":["hermit:Strike_Hermit","hermit:Strike_Hermit","hermit:Strike_Hermit","hermit:Strike_Hermit","hermit:Defend_Hermit","hermit:Defend_Hermit","hermit:Defend_Hermit","hermit:Defend_Hermit","hermit:Snapshot","hermit:Covet","hermit:CalledShot","hermit:WideOpen","hermit:Scavenge+1","hermit:Headshot","hermit:Roulette","hermit:Quickdraw+1","hermit:Ricochet","hermit:Dive+1","hermit:Determination+1","ReplayTheSpireMod:IOU","hermit:GhostlyPresence","hermit:RoundhouseKick","CurseOfTheBell","hermit:Vantage","hermit:ShadowCloak","hermit:Determination+1","hermit:Maintenance","hermit:Horror","Slimebound:CheckThePlaybook","hermit:Reprieve+1","hermit:Roulette+1","hermit:GoldenBullet","hermit:HighNoon+1","hermit:Midnight+1","hermit:Deadeye+1","hermit:CursedWeapon+1","hermit:TakeAim+1","hermit:TakeAim+1","Madness","Madness"],"relics":["hermit:Momento","Ring of Fury","Ring of Greed","MealTicket","Blue Doll","Replay:Wax Seal","WingedGreaves","Calling Bell","Dream Catcher","Mummified Hand","Incense Burner","Nilry\u0027s Codex","Nloth\u0027s Gift","Shovel","Replay:Rubber Ducky","Golden Egg","TungstenRod","Replay:Drink Me","Gremlin Food","Omamori","Orichalcum"],"acts_visited":["Exordium","TheCity","TheBeyond"],"potions_floor_usage":[16,33,33,33,35,35],"damage_taken":[{"damage":1,"enemies":"Cultist","floor":1,"turns":4},{"damage":3,"enemies":"Small Slimes","floor":2,"turns":3},{"damage":0,"enemies":"Jaw Worm","floor":5,"turns":1},{"damage":27,"enemies":"Gremlin Nob","floor":6,"turns":4},{"damage":13,"enemies":"Lots of Slimes","floor":7,"turns":4},{"damage":1,"enemies":"Exordium Wildlife","floor":12,"turns":3},{"damage":11,"enemies":"Lagavulin","floor":14,"turns":5},{"damage":25,"enemies":"The Guardian","floor":16,"turns":11},{"damage":3,"enemies":"Shell Parasite","floor":18,"turns":4},{"damage":16,"enemies":"Replay:Snechameleon","floor":23,"turns":6},{"damage":2,"enemies":"Chosen","floor":24,"turns":5},{"damage":0,"enemies":"Snecko","floor":25,"turns":4},{"damage":13,"enemies":"Chosen and Byrds","floor":29,"turns":6},{"damage":27,"enemies":"Sentry and Sphere","floor":31,"turns":4},{"damage":88,"enemies":"Automaton","floor":33,"turns":8},{"damage":45,"enemies":"3 Darklings","floor":35,"turns":13},{"damage":13,"enemies":"3 Shapes","floor":38,"turns":5},{"damage":59,"enemies":"Transient","floor":45,"turns":4}],"seed_played":"2996676443842531179","potions_obtained":[{"floor":4,"key":"Energy Potion"},{"floor":4,"key":"Doom Potion"},{"floor":4,"key":"Doom Potion"},{"floor":5,"key":"Flashbang"},{"floor":12,"key":"PowerPotion"},{"floor":14,"key":"EntropicBrew"},{"floor":18,"key":"hermit:Tonic"},{"floor":33,"key":"PowerPotion"}],"is_trial":false,"path_per_floor":["M","M","?","?","M","E","M","R","T","?","$","M","R","E","R_BF","B",null,"M","?","$","?","?","E","M","M","T","?","R","M","R","M","R","B",null,"M","?","$","M","?","R","$","?","T","?","M"],"character_chosen":"HERMIT","items_purchased":["hermit:Quickdraw","hermit:Ricochet","hermit:Dive+1","hermit:Determination","FairyPotion","hermit:ShadowCloak","hermit:Deadeye+1","Gremlin Food","Omamori","hermit:TakeAim"],"campfire_rested":2,"item_purchase_floors":[11,11,11,11,11,20,37,37,37,41],"current_hp_per_floor":[81,78,78,78,78,51,38,62,62,62,77,76,76,65,65,40,82,79,63,78,78,78,62,60,60,60,60,60,47,47,32,54,22,56,11,49,49,40,40,40,49,49,49,44,0,0],"gold":79,"neow_bonus":"TEN_PERCENT_HP_BONUS","is_daily":false,"chose_seed":false,"campfire_upgraded":2,"win_rate":0.0,"timestamp":1609700328,"path_taken":["M","?","?","?","?","E","M","R","T","?","?","?","R","E","R_BF","BOSS","M","?","$","?","?","E","?","M","T","?","R","M","R","M","R","BOSS","M","?","$","M","?","R","$","?","T","?","M"],"items_purchased_type":["Card","Card","Card","Card","Potion","Card","Card","Relic","Relic","Card"],"build_version":"2020-12-22","purchased_purges":1,"victory":false,"max_hp_per_floor":[82,82,82,82,82,82,82,82,82,82,82,82,82,82,82,82,82,82,82,82,82,82,82,82,82,82,74,74,74,74,74,74,74,56,56,49,49,49,49,49,49,49,49,49,49,49],"card_choices":[{"not_picked":["hermit:SprayPray","hermit:Gestalt"],"picked":"hermit:CalledShot","floor":1},{"not_picked":["hermit:HighCaliber","hermit:Determination"],"picked":"hermit:WideOpen","floor":2},{"not_picked":["hermit:LoneWolf","hermit:EyeOfTheStorm"],"picked":"hermit:Scavenge","floor":5},{"not_picked":["hermit:EyeOfTheStorm","hermit:Dive"],"picked":"hermit:Headshot","floor":6},{"not_picked":["hermit:Midnight","hermit:Cheat"],"picked":"hermit:Roulette","floor":7},{"not_picked":["hermit:Roulette","hermit:LoneWolf"],"picked":"hermit:Showdown","floor":12},{"not_picked":["hermit:BodyArmor","hermit:CursedWeapon"],"picked":"hermit:GhostlyPresence","floor":14},{"not_picked":["hermit:Roughhouse","hermit:OverwhelmingPower"],"picked":"hermit:RoundhouseKick","floor":16},{"not_picked":["hermit:Enervate+1","hermit:Manifest"],"picked":"hermit:Vantage","floor":18},{"not_picked":["hermit:CursedWeapon","hermit:LowProfile"],"picked":"hermit:Determination+1","floor":23},{"not_picked":["hermit:EyeOfTheStorm","hermit:Cheat+1"],"picked":"hermit:Maintenance","floor":24},{"not_picked":["hermit:Scavenge","hermit:LuckOfTheDraw"],"picked":"hermit:Horror","floor":25},{"not_picked":["hermit:Quickdraw","hermit:BodyArmor"],"picked":"hermit:Reprieve","floor":29},{"not_picked":["hermit:Enervate","hermit:Desperado"],"picked":"hermit:Roulette+1","floor":31},{"not_picked":["hermit:Snipe+1","hermit:EyeOfTheStorm"],"picked":"hermit:GoldenBullet","floor":32},{"not_picked":["hermit:FromBeyond","hermit:FatalDesire"],"picked":"hermit:HighNoon","floor":33},{"not_picked":["hermit:ItchyTrigger","hermit:PistolWhip"],"picked":"hermit:Midnight+1","floor":35},{"not_picked":["hermit:SprayPray+1","hermit:Malice+1"],"picked":"hermit:CursedWeapon+1","floor":38}],"player_experience":114982,"relics_obtained":[{"floor":3,"key":"Ring of Fury"},{"floor":3,"key":"Ring of Greed"},{"floor":3,"key":"MealTicket"},{"floor":3,"key":"Blue Doll"},{"floor":6,"key":"Replay:Wax Seal"},{"floor":9,"key":"Iron Hammer"},{"floor":14,"key":"WingedGreaves"},{"floor":17,"key":"Dream Catcher"},{"floor":17,"key":"Mummified Hand"},{"floor":17,"key":"Incense Burner"},{"floor":19,"key":"Nilry\u0027s Codex"},{"floor":23,"key":"Shovel"},{"floor":26,"key":"Replay:Rubber Ducky"},{"floor":28,"key":"Golden Egg"},{"floor":30,"key":"TungstenRod"},{"floor":40,"key":"Orichalcum"}],"event_choices":[{"damage_healed":0,"gold_gain":0,"player_choice":"Got Potions","damage_taken":0,"max_hp_gain":0,"max_hp_loss":0,"event_name":"Lab","floor":4,"gold_loss":0},{"damage_healed":0,"gold_gain":0,"player_choice":"Upgraded","damage_taken":0,"max_hp_gain":0,"max_hp_loss":0,"event_name":"Upgrade Shrine","floor":10,"gold_loss":0,"cards_upgraded":["hermit:Scavenge"]},{"damage_healed":0,"gold_gain":0,"player_choice":"Obtained Book","damage_taken":16,"max_hp_gain":0,"max_hp_loss":0,"event_name":"Cursed Tome","floor":19,"gold_loss":0},{"damage_healed":0,"gold_gain":99,"player_choice":"Stole From Cult","damage_taken":0,"max_hp_gain":0,"max_hp_loss":0,"event_name":"Nest","floor":21,"gold_loss":0},{"damage_healed":0,"gold_gain":0,"player_choice":"Traded Relic","damage_taken":0,"relics_obtained":["Nloth\u0027s Gift"],"max_hp_gain":0,"max_hp_loss":0,"event_name":"N\u0027loth","floor":22,"relics_lost":["Iron Hammer"],"gold_loss":0},{"damage_healed":49,"gold_gain":0,"player_choice":"Heal","damage_taken":0,"max_hp_gain":0,"max_hp_loss":7,"event_name":"The Moai Head","floor":36,"gold_loss":0},{"damage_healed":0,"gold_gain":0,"player_choice":"Ignored","damage_taken":0,"max_hp_gain":0,"max_hp_loss":0,"event_name":"OrinTheCat","floor":39,"gold_loss":0},{"cards_removed":["hermit:Showdown"],"damage_healed":0,"gold_gain":0,"player_choice":"Removed Attack","damage_taken":0,"max_hp_gain":0,"max_hp_loss":0,"event_name":"Falling","floor":42,"gold_loss":0},{"damage_healed":0,"gold_gain":0,"player_choice":"Embrace Madness","damage_taken":6,"max_hp_gain":0,"max_hp_loss":0,"event_name":"Winding Halls","floor":44,"gold_loss":0,"cards_obtained":["Madness","Madness"]}],"is_beta":false,"boss_relics":[{"not_picked":["Sozu","Empty Cage"],"picked":"Calling Bell"},{"not_picked":["Runic Dome","Kintsugi"],"picked":"Replay:Drink Me"}],"items_purged_floors":[20],"is_endless":false,"potions_floor_spawned":[5,12,14,18,29,33],"killed_by":"Transient","ascension_level":0}}