{"host":"6pgtslebjnyv5xmi","time":1609674301,"event":{"mods":["AchievementEnabler","BaseMod","Colored Map","Minty Spire (QoL Compilation)","Rare Cards Sparkle","StSLib","SuperFastMode","everything is the same but u backflip on backflip"],"gold_per_floor":[14,14,30,48,13,13,13,26,26,44,44,63,104,127,127,250,250,263,263,75,88,103,103,28,28,75,75,88,107,34,59,59,179,179,195,295,313,331,355,355,379,679,702,215,215,215],"floor_reached":45,"playtime":1520,"items_purged":["Strike_R","Defend_R"],"score":446,"play_id":"770c6aa6-0f4b-428f-8307-8fe702d01723","local_time":"20210103204501","is_ascension_mode":false,"campfire_choices":[{"data":"Armaments","floor":6.0,"key":"SMITH"},{"data":"Battle Trance","floor":11.0,"key":"SMITH"},{"data":"Shrug It Off","floor":15.0,"key":"SMITH"},{"data":"Apotheosis","floor":23.0,"key":"SMITH"},{"floor":25.0,"key":"RECALL"},{"floor":32.0,"key":"REST"},{"floor":40.0,"key":"REST"}],"circlet_count":0,"master_deck":["Strike_R","Strike_R","Defend_R","Defend_R","Bash","Fiend Fire+1","Ghostly Armor","Shrug It Off+1","Armaments+1","Battle Trance+1","Immolate+1","Thunderclap+1","Dark Embrace+1","Double Tap+1","Entrench+1","Apotheosis+1","Exhume","Fire Breathing","Reaper","Fire Breathing+1","Second Wind","Barricade","Body Slam+1","Entrench+1"],"relics":["Burning Blood","Golden Idol","Eternal Feather","Charon\u0027s Ashes","Astrolabe","Omamori","Incense Burner","Calling Bell","Regal Pillow","Mummified Hand","Mango","Bag of Preparation","Letter Opener"],"acts_visited":["Exordium","TheCity","TheBeyond"],"potions_floor_usage":[],"damage_taken":[{"damage":1.0,"enemies":"Cultist","floor":1.0,"turns":3.0},{"damage":6.0,"enemies":"Jaw Worm","floor":3.0,"turns":3.0},{"damage":0.0,"enemies":"Small Slimes","floor":4.0,"turns":2.0},{"damage":0.0,"enemies":"Exordium Wildlife","floor":8.0,"turns":6.0},{"damage":2.0,"enemies":"Blue Slaver","floor":10.0,"turns":2.0},{"damage":7.0,"enemies":"Lots of Slimes","floor":12.0,"turns":7.0},{"damage":7.0,"enemies":"Lagavulin","floor":13.0,"turns":6.0},{"damage":0.0,"enemies":"Large Slime","floor":14.0,"turns":3.0},{"damage":38.0,"enemies":"Hexaghost","floor":16.0,"turns":11.0},{"damage":5.0,"enemies":"Chosen","floor":18.0,"turns":2.0},{"damage":17.0,"enemies":"3 Byrds","floor":21.0,"turns":5.0},{"damage":18.0,"enemies":"3 Cultists","floor":22.0,"turns":4.0},{"damage":2.0,"enemies":"Centurion and Healer","floor":28.0,"turns":4.0},{"damage":14.0,"enemies":"Snake Plant","floor":29.0,"turns":3.0},{"damage":38.0,"enemies":"Cultist and Chosen","floor":31.0,"turns":7.0},{"damage":83.0,"enemies":"Collector","floor":33.0,"turns":9.0},{"damage":41.0,"enemies":"Orb Walker","floor":35.0,"turns":8.0},{"damage":5.0,"enemies":"3 Shapes","floor":37.0,"turns":3.0},{"damage":40.0,"enemies":"Writhing Mass","floor":38.0,"turns":10.0},{"damage":40.0,"enemies":"4 Shapes","floor":39.0,"turns":5.0},{"damage":0.0,"enemies":"Jaw Worm Horde","floor":41.0,"turns":1.0},{"damage":0,"enemies":"Maw","floor":45,"turns":1}],"seed_played":"6990253977130045053","potions_obtained":[{"floor":4.0,"key":"EssenceOfSteel"},{"floor":12.0,"key":"Strength Potion"},{"floor":13.0,"key":"SkillPotion"},{"floor":16.0,"key":"Energy Potion"},{"floor":28.0,"key":"Regen Potion"},{"floor":29.0,"key":"DistilledChaos"},{"floor":31.0,"key":"ColorlessPotion"},{"floor":38.0,"key":"SteroidPotion"}],"is_trial":false,"path_per_floor":["M","?","M","M","?","R","?","M","T","M","R","M","E","M","R","B",null,"M","?","$","M","M","R","$","R","T","?","M","M","$","M","R","B",null,"M","?","M","M","M","R","M","?","T","$","M"],"character_chosen":"IRONCLAD","items_purchased":["Apotheosis","Fire Breathing","Bag of Preparation","Letter Opener"],"campfire_rested":2,"item_purchase_floors":[20,30,44,44],"current_hp_per_floor":[80,80,80,80,80,80,60,66,66,70,79,78,77,80,80,48,80,80,80,80,69,57,66,66,75,75,75,79,71,71,39,72,9,94,69,69,70,41,32,87,93,93,93,93,93,93],"gold":215,"neow_bonus":"THREE_RARE_CARDS","is_daily":false,"chose_seed":false,"campfire_upgraded":4,"win_rate":0.0,"timestamp":1609674301,"path_taken":["M","?","M","M","?","R","?","?","T","M","R","M","E","M","R","BOSS","M","?","$","M","?","R","$","R","T","?","M","M","$","M","R","BOSS","M","?","M","M","?","R","M","?","T","$","?"],"items_purchased_type":["Card","Card","Relic","Relic"],"build_version":"2020-12-22","purchased_purges":2,"victory":false,"max_hp_per_floor":[80,80,80,80,80,80,80,80,80,80,80,80,80,80,80,80,80,80,80,80,80,80,80,80,80,80,80,80,80,80,80,80,80,94,94,94,94,94,94,94,94,94,94,94,94,94],"card_choices":[{"not_picked":["Offering","Feed"],"picked":"Fiend Fire","floor":0.0},{"not_picked":["Iron Wave","Flex"],"picked":"Ghostly Armor","floor":1.0},{"not_picked":["Anger","Havoc"],"picked":"Shrug It Off","floor":3.0},{"not_picked":["Sword Boomerang","Clash"],"picked":"Armaments","floor":4.0},{"not_picked":["Bloodletting","Entrench"],"picked":"Battle Trance","floor":8.0},{"not_picked":["Armaments","Rampage","Disarm"],"picked":"SKIP","floor":10.0},{"not_picked":["Metallicize","Rupture","Warcry"],"picked":"SKIP","floor":12.0},{"not_picked":["Blood for Blood","Searing Blow","Anger"],"picked":"SKIP","floor":13.0},{"not_picked":["Clothesline","Dropkick","Ghostly Armor"],"picked":"SKIP","floor":14.0},{"not_picked":["Feed","Offering"],"picked":"Immolate","floor":16.0},{"not_picked":["Flex","Clash"],"picked":"Entrench+1","floor":18.0},{"not_picked":["Searing Blow","Rampage+1","Intimidate"],"picked":"SKIP","floor":21.0},{"not_picked":["Heavy Blade","Infernal Blade","Shrug It Off+1"],"picked":"SKIP","floor":22.0},{"not_picked":["Pommel Strike","Armaments","Headbutt"],"picked":"SKIP","floor":28.0},{"not_picked":["Havoc+1","Clothesline"],"picked":"Exhume","floor":29.0},{"not_picked":["Twin Strike+1","Dark Embrace+1","Sword Boomerang+1"],"picked":"SKIP","floor":31.0},{"not_picked":["Juggernaut","Brutality"],"picked":"Reaper","floor":33.0},{"not_picked":["Warcry","Shockwave+1"],"picked":"Fire Breathing+1","floor":35.0},{"not_picked":["Body Slam","Thunderclap"],"picked":"Second Wind","floor":37.0},{"not_picked":["True Grit","Seeing Red"],"picked":"Barricade","floor":38.0},{"not_picked":["Iron Wave","Flex+1"],"picked":"Body Slam+1","floor":39.0},{"not_picked":["Flex","Rampage+1"],"picked":"Entrench+1","floor":41.0}],"player_experience":670252,"relics_obtained":[{"floor":9.0,"key":"Eternal Feather"},{"floor":13.0,"key":"Charon\u0027s Ashes"},{"floor":26.0,"key":"Omamori"},{"floor":34.0,"key":"Regal Pillow"},{"floor":34.0,"key":"Mummified Hand"},{"floor":34.0,"key":"Mango"}],"event_choices":[{"damage_healed":0.0,"max_hp_gain":0.0,"max_hp_loss":0.0,"gold_gain":0.0,"event_name":"Living Wall","player_choice":"Grow","floor":2.0,"gold_loss":0.0,"damage_taken":0.0,"cards_upgraded":["Fiend Fire"]},{"damage_healed":20.0,"max_hp_gain":0.0,"max_hp_loss":0.0,"gold_gain":0.0,"event_name":"The Cleric","player_choice":"Healed","floor":5.0,"gold_loss":35.0,"damage_taken":0.0},{"damage_healed":0.0,"max_hp_gain":0.0,"max_hp_loss":0.0,"gold_gain":0.0,"event_name":"Golden Idol","player_choice":"Take Damage","floor":7.0,"gold_loss":0.0,"damage_taken":20.0,"relics_obtained":["Golden Idol"]},{"damage_healed":0.0,"max_hp_gain":0.0,"max_hp_loss":0.0,"gold_gain":0.0,"event_name":"Accursed Blacksmith","player_choice":"Forge","floor":19.0,"gold_loss":0.0,"damage_taken":0.0,"cards_upgraded":["Immolate"]},{"damage_healed":0.0,"max_hp_gain":0.0,"max_hp_loss":0.0,"gold_gain":0.0,"event_name":"Addict","player_choice":"Stole Relic","floor":27.0,"gold_loss":0.0,"damage_taken":0.0,"relics_obtained":["Incense Burner"],"cards_obtained":["Shame"]},{"damage_healed":0.0,"max_hp_gain":0.0,"max_hp_loss":0.0,"gold_gain":100.0,"event_name":"Golden Shrine","player_choice":"Pray","floor":36.0,"gold_loss":0.0,"damage_taken":0.0},{"damage_healed":0.0,"max_hp_gain":0.0,"max_hp_loss":0.0,"gold_gain":300.0,"event_name":"Wheel of Change","player_choice":"Gold","floor":42.0,"gold_loss":0.0,"damage_taken":0.0}],"is_beta":false,"boss_relics":[{"not_picked":["SlaversCollar","Sozu"],"picked":"Astrolabe"},{"not_picked":["Snecko Eye","Coffee Dripper"],"picked":"Calling Bell"}],"items_purged_floors":[24,44],"is_endless":false,"potions_floor_spawned":[4,12,13,16,28,29,31,38],"killed_by":"Maw","ascension_level":0}}