{"host":"avjwtc49fhlk6kym","time":1609634112,"event":{"mods":["AchievementEnabler","BaseMod","Better Match","Better Note","Better Third Choice","Colored Map","Colored Powertips","Displayed Cursed Tome","Highlight Path","Minty Spire (QoL Compilation)","Permanent Neow","Quick Restart","StSLib"],"gold_per_floor":[111,111,121,132,148,148,0,0,24,24,24,42,71,81,81,182,182,196,214,230,245,245,245,245,245],"floor_reached":24,"playtime":1005,"items_purged":[],"score":200,"play_id":"70b7c724-8112-4b3e-89f2-8010dda2ee99","local_time":"20210102193512","is_ascension_mode":false,"campfire_choices":[{"data":"ReachHeaven","floor":6.0,"key":"SMITH"},{"data":"Eruption","floor":8.0,"key":"SMITH"},{"floor":15.0,"key":"REST"},{"floor":23.0,"key":"REST"}],"circlet_count":0,"master_deck":["Strike_P","Strike_P","Strike_P","Strike_P","Defend_P","Defend_P","Defend_P","Defend_P","Eruption+1","Vigilance","Trip+1","BowlingBash","ReachHeaven+1","Consecrate","Brilliance","Study","SashWhip","CrushJoints","Protect","Evaluate","LikeWater","Wallop"],"relics":["PureWater","Vajra","Tiny Chest","SlaversCollar"],"acts_visited":["Exordium","TheCity"],"potions_floor_usage":[],"damage_taken":[{"damage":1.0,"enemies":"Jaw Worm","floor":1.0,"turns":4.0},{"damage":0.0,"enemies":"2 Louse","floor":3.0,"turns":2.0},{"damage":0.0,"enemies":"Cultist","floor":4.0,"turns":2.0},{"damage":0.0,"enemies":"Large Slime","floor":5.0,"turns":4.0},{"damage":2.0,"enemies":"Exordium Wildlife","floor":12.0,"turns":2.0},{"damage":40.0,"enemies":"Lagavulin","floor":13.0,"turns":4.0},{"damage":0.0,"enemies":"Blue Slaver","floor":14.0,"turns":1.0},{"damage":24.0,"enemies":"Hexaghost","floor":16.0,"turns":10.0},{"damage":14.0,"enemies":"Shell Parasite","floor":18.0,"turns":4.0},{"damage":26.0,"enemies":"Spheric Guardian","floor":19.0,"turns":5.0},{"damage":9.0,"enemies":"Cultist and Chosen","floor":20.0,"turns":6.0},{"damage":25.0,"enemies":"Centurion and Healer","floor":21.0,"turns":6.0},{"damage":33,"enemies":"Snecko","floor":24,"turns":5}],"seed_played":"-1331941341232434524","potions_obtained":[{"floor":3.0,"key":"Regen Potion"},{"floor":4.0,"key":"BottledMiracle"},{"floor":10.0,"key":"SneckoOil"},{"floor":10.0,"key":"Strength Potion"},{"floor":13.0,"key":"AttackPotion"},{"floor":14.0,"key":"Block Potion"},{"floor":20.0,"key":"SpeedPotion"}],"is_trial":false,"path_per_floor":["M","?","M","M","M","R","$","R","T","?","$","M","E","M","R","B",null,"M","M","M","M","?","R","M"],"character_chosen":"WATCHER","items_purchased":["Brilliance"],"campfire_rested":2,"item_purchase_floors":[7],"current_hp_per_floor":[71,71,71,71,71,71,71,71,71,71,71,69,29,29,50,26,72,67,41,32,7,7,28,0,0],"gold":245,"neow_bonus":"RANDOM_COLORLESS","is_daily":false,"chose_seed":false,"campfire_upgraded":2,"win_rate":0.0,"timestamp":1609634112,"path_taken":["M","?","M","M","M","R","?","R","T","?","$","M","E","M","R","BOSS","M","?","M","M","?","R","M"],"items_purchased_type":["Card"],"build_version":"2020-12-22","purchased_purges":0,"victory":false,"max_hp_per_floor":[72,72,72,72,72,72,72,72,72,72,72,72,72,72,72,72,72,72,72,72,72,72,72,72,72],"card_choices":[{"not_picked":["Dark Shackles","Madness"],"picked":"Trip","floor":0.0},{"not_picked":["Prostrate","Indignation"],"picked":"BowlingBash","floor":1.0},{"not_picked":["TalkToTheHand","WreathOfFlame","MentalFortress"],"picked":"SKIP","floor":3.0},{"not_picked":["LikeWater","Prostrate"],"picked":"ReachHeaven","floor":4.0},{"not_picked":["MentalFortress","FlurryOfBlows"],"picked":"Consecrate","floor":5.0},{"not_picked":["WaveOfTheHand","Collect"],"picked":"Study","floor":12.0},{"not_picked":["TalkToTheHand","JustLucky"],"picked":"SashWhip","floor":13.0},{"not_picked":["Devotion","FlyingSleeves"],"picked":"CrushJoints","floor":14.0},{"not_picked":["CutThroughFate+1","Weave"],"picked":"Protect","floor":18.0},{"not_picked":["Collect","Pray"],"picked":"Evaluate","floor":19.0},{"not_picked":["Protect","Meditate"],"picked":"LikeWater","floor":20.0},{"not_picked":["SignatureMove+1","CarveReality"],"picked":"Wallop","floor":21.0}],"player_experience":358863,"relics_obtained":[{"floor":9.0,"key":"Vajra"},{"floor":13.0,"key":"Tiny Chest"}],"event_choices":[{"damage_healed":0.0,"max_hp_gain":0.0,"max_hp_loss":0.0,"gold_gain":0.0,"event_name":"Living Wall","player_choice":"Grow","floor":2.0,"gold_loss":0.0,"damage_taken":0.0,"cards_upgraded":["Trip"]},{"damage_healed":0.0,"max_hp_gain":0.0,"max_hp_loss":0.0,"gold_gain":0.0,"event_name":"Lab","player_choice":"Got Potions","floor":10.0,"gold_loss":0.0,"damage_taken":0.0},{"cards_removed":["Defend_P"],"damage_healed":0.0,"max_hp_gain":0.0,"max_hp_loss":0.0,"gold_gain":0.0,"event_name":"betterNote:BetterNote","player_choice":"Give","floor":22.0,"gold_loss":0.0,"damage_taken":0.0,"cards_obtained":["Strike_P"]}],"is_beta":false,"boss_relics":[{"not_picked":["Velvet Choker","Ectoplasm"],"picked":"SlaversCollar"}],"items_purged_floors":[],"is_endless":false,"potions_floor_spawned":[3,4,13,14,20],"killed_by":"Snecko","ascension_level":0}}