{"host":"hqvh779b89tfrjxy","time":1609689709,"event":{"mods":["Act Like it!","BaseMod","Better Third Choice","Downfall","Elementarium","Filter the Spire","GifTheSpireLib","Minty Spire (QoL Compilation)","Replay The Spire","Spicy Shops","StSLib"],"gold_per_floor":[117,129,141,153,164,164,198,198,273,305,261,292,292,342,342,441,441,452,452,469,90,108,141,161,192,192,218,237,237,268,268,268,366,366,382,382,396,414,428,458,458,469,469,495,159,188,206,255,255,255,255,255,58,87,87],"floor_reached":56,"playtime":3001,"items_purged":["Strike_G","Strike_G+1","Strike_G+1","Underhanded Strike+1"],"score":2201,"play_id":"80826c52-c07f-420c-bb6f-c96f89cfdd5e","local_time":"20210103170149","is_ascension_mode":true,"campfire_choices":[{"data":"Terror","floor":6.0,"key":"SMITH"},{"data":"Underhanded Strike","floor":8,"key":"SMITH"},{"data":"Deadly Poison","floor":15,"key":"SMITH"},{"data":"Caltrops","floor":29,"key":"SMITH"},{"data":"Dodge and Roll","floor":32,"key":"SMITH"},{"data":"Replay:SS_forest_2","floor":41,"key":"SMITH"},{"floor":49,"key":"RECALL"},{"data":"Blade Dance","floor":52,"key":"SMITH"}],"circlet_count":0,"master_deck":["Defend_G+1","Defend_G+1","Defend_G+1","Defend_G+1","Defend_G+1","Survivor","Neutralize","Terror+1","Deadly Poison+1","Blade Dance+1","Corpse Explosion+1","Storm of Steel","PiercingWail","Caltrops+1","Cloak And Dagger","Accuracy+1","Dodge and Roll+1","Envenom","Riddle With Holes+1","Replay:SS_forest_2+1","expansioncontent:DecasProtection","expansioncontent:Corrupt","Accuracy+1","Acrobatics+1","Expertise","Caltrops+1","Leg Sweep"],"relics":["Snecko Scales","Oddly Smooth Stone","Shuriken","StoneCalendar","betterThird:SlimedRelic","Tough Bandages","ReplayFunnel","Painkiller Herb","Mummified Hand","Vajra","Gremlin Food","Replay:Bottled Flurry","Nunchaku","Empty Cage","Smiling Mask","Bottled Lightning","Ice Cream","Replay:Rubber Ducky","CaptainsWheel","Membership Card","Golden Egg"],"acts_visited":["Exordium","TheCity","TheBeyond","TheEnding"],"potions_floor_usage":[7,24,55,55,55],"damage_taken":[{"damage":1.0,"enemies":"Cultist","floor":1.0,"turns":4.0},{"damage":0.0,"enemies":"Small Slimes","floor":2.0,"turns":4.0},{"damage":0.0,"enemies":"Jaw Worm","floor":3.0,"turns":4.0},{"damage":7.0,"enemies":"3 Louse","floor":4.0,"turns":4.0},{"damage":6.0,"enemies":"Looter","floor":5.0,"turns":3.0},{"damage":0,"enemies":"Gremlin Nob","floor":7,"turns":2},{"damage":1,"enemies":"3 Sentries","floor":12,"turns":5},{"damage":1,"enemies":"Slime Boss","floor":16,"turns":4},{"damage":0,"enemies":"3 Byrds","floor":18,"turns":2},{"damage":0,"enemies":"Chosen","floor":20,"turns":3},{"damage":0,"enemies":"Snake Plant","floor":22,"turns":3},{"damage":0,"enemies":"Book of Stabbing","floor":23,"turns":5},{"damage":0,"enemies":"Snecko","floor":24,"turns":4},{"damage":0,"enemies":"Replay:Snechameleon","floor":25,"turns":4},{"damage":0,"enemies":"Book of Stabbing","floor":27,"turns":4},{"damage":0,"enemies":"Shelled Parasite and Fungi","floor":28,"turns":3},{"damage":0,"enemies":"Replay:Snechameleon","floor":30,"turns":3},{"damage":0,"enemies":"Automaton","floor":33,"turns":5},{"damage":0,"enemies":"Orb Walker","floor":35,"turns":2},{"damage":0,"enemies":"3 Shapes","floor":37,"turns":3},{"damage":0,"enemies":"Transient","floor":38,"turns":5},{"damage":8,"enemies":"Spire Growth","floor":39,"turns":4},{"damage":1,"enemies":"R_Hoarder","floor":40,"turns":5},{"damage":0,"enemies":"Jaw Worm Horde","floor":42,"turns":2},{"damage":0,"enemies":"Reptomancer","floor":44,"turns":4},{"damage":0,"enemies":"Nemesis","floor":46,"turns":4},{"damage":0,"enemies":"Sphere and 2 Shapes","floor":47,"turns":4},{"damage":0,"enemies":"2 Orb Walkers","floor":48,"turns":4},{"damage":0,"enemies":"Donu and Deca","floor":50,"turns":4},{"damage":0,"enemies":"Shield and Spear","floor":54,"turns":3},{"damage":0,"enemies":"The Heart","floor":55,"turns":6}],"seed_played":"1815351108434360889","potions_obtained":[{"floor":1.0,"key":"SteroidPotion"},{"floor":3.0,"key":"SkillPotion"},{"floor":4.0,"key":"Fruit Juice"},{"floor":22,"key":"Dexterity Potion"},{"floor":24,"key":"PowerPotion"},{"floor":27,"key":"CunningPotion"},{"floor":44,"key":"CunningPotion"}],"is_trial":false,"path_per_floor":["M","M","M","M","M","R","E","R","T","?","?","E","?","T","R","B",null,"?","?","?","T","?","E","?","E","T","E","?","T","E","?","T","B",null,"?","?","?","?","?","E","T","?","T","E","T","E","?","?","T","B",null,"T","T","E","B",null],"character_chosen":"THE_SILENT","items_purchased":["Caltrops","Mummified Hand","Replay:Rubber Ducky","Expertise","Membership Card"],"campfire_rested":0,"item_purchase_floors":[21,21,45,45,53],"current_hp_per_floor":[62,62,62,55,49,49,49,49,49,32,21,20,20,20,20,19,57,57,57,57,57,57,57,62,62,62,62,62,62,62,62,62,62,72,72,62,62,62,54,53,53,53,53,53,53,53,53,53,53,53,70,70,70,70,70],"gold":87,"neow_bonus":"BOSS_RELIC","is_daily":false,"chose_seed":false,"campfire_upgraded":7,"win_rate":0.0,"timestamp":1609689709,"path_taken":["M","M","M","M","M","R","E","R","T","?","?","E","?","?","R","BOSS","?","?","?","T","?","E","?","E","T","E","?","T","E","?","T","BOSS","?","?","?","?","?","E","T","?","T","E","T","E","?","?","T","BOSS","T","T","E","BOSS"],"items_purchased_type":["Card","Relic","Relic","Card","Relic"],"build_version":"2020-12-22","purchased_purges":4,"victory":true,"max_hp_per_floor":[70,70,70,70,70,70,70,70,70,70,70,70,70,70,70,70,70,70,70,70,70,70,70,75,75,75,75,75,75,75,75,75,75,75,75,75,75,75,75,75,75,75,75,75,75,75,75,75,75,75,75,75,75,75,75],"card_choices":[{"not_picked":["Dagger Spray","Acrobatics"],"picked":"Terror","floor":1.0},{"not_picked":["Setup","ReplayTheSpireMod:The Works","Backflip"],"picked":"SKIP","floor":2.0},{"not_picked":["Draining Mist","Prepared"],"picked":"Deadly Poison","floor":3.0},{"not_picked":["Flying Knee","Outmaneuver"],"picked":"Blade Dance","floor":4.0},{"not_picked":["Calculated Gamble","Prepared"],"picked":"Backstab","floor":5.0},{"not_picked":["Hidden Blade","Acrobatics"],"picked":"Underhanded Strike","floor":7},{"not_picked":["Reflex","Poisoned Stab","Bane"],"picked":"SKIP","floor":12},{"not_picked":["Grand Finale","A Thousand Cuts"],"picked":"Storm of Steel","floor":16},{"not_picked":["Toxin Wave","Blur+1"],"picked":"PiercingWail","floor":18},{"not_picked":["Poisoned Stab+1","Slice","Heel Hook+1"],"picked":"SKIP","floor":20},{"not_picked":["Draining Mist","Deflect"],"picked":"Cloak And Dagger","floor":22},{"not_picked":["Sucker Punch","Flying Knee","Deadly Poison"],"picked":"SKIP","floor":23},{"not_picked":["Bane","Acrobatics","Predator"],"picked":"SKIP","floor":24},{"not_picked":["Storm of Steel","Acrobatics+1"],"picked":"Accuracy+1","floor":25},{"not_picked":["Blade Dance","Prepared","Toxin Wave+1"],"picked":"SKIP","floor":27},{"not_picked":["Escape Plan","Dodge and Roll","Fluid Movement"],"picked":"SKIP","floor":28},{"not_picked":["Dagger Spray","Heel Hook"],"picked":"Dodge and Roll","floor":30},{"not_picked":["Bullet Time","Unload"],"picked":"Envenom","floor":33},{"not_picked":["Distraction","Tactician"],"picked":"Riddle With Holes+1","floor":35},{"not_picked":["expansioncontent:SlimeTackle","expansioncontent:Flail"],"picked":"Replay:SS_forest_2","floor":36},{"not_picked":["Dramatic Entrance","Master of Strategy"],"picked":"expansioncontent:DecasProtection","floor":36},{"not_picked":["The Bomb","ReplayTheSpireMod:Uncanny Aura"],"picked":"expansioncontent:Corrupt","floor":36},{"not_picked":["Predator","Dagger Spray","Hidden Blade+1"],"picked":"SKIP","floor":37},{"not_picked":["Terror+1","Tactician","Sucker Punch+1"],"picked":"SKIP","floor":38},{"not_picked":["Dagger Throw","Endless Agony","Underhanded Strike"],"picked":"SKIP","floor":39},{"not_picked":["Sneak Up","Deflect"],"picked":"Accuracy+1","floor":40},{"not_picked":["Dagger Throw+1","Bouncing Flask"],"picked":"Acrobatics+1","floor":42},{"not_picked":["Tools of the Trade","Catalyst","Doppelganger"],"picked":"SKIP","floor":44},{"not_picked":["Tools of the Trade","Catalyst","Doppelganger"],"picked":"SKIP","floor":44},{"not_picked":["Blade Dance+1","Dodge and Roll+1","Deflect+1"],"picked":"SKIP","floor":46},{"not_picked":["Backflip","Finisher+1"],"picked":"Caltrops+1","floor":47},{"not_picked":["Flechettes+1","Endless Agony+1"],"picked":"Leg Sweep","floor":54}],"player_experience":206628,"relics_obtained":[{"floor":7,"key":"Oddly Smooth Stone"},{"floor":9,"key":"Shuriken"},{"floor":10,"key":"StoneCalendar"},{"floor":12,"key":"Tough Bandages"},{"floor":14,"key":"ReplayFunnel"},{"floor":23,"key":"Vajra"},{"floor":25,"key":"Gremlin Food"},{"floor":27,"key":"Replay:Bottled Flurry"},{"floor":30,"key":"Nunchaku"},{"floor":40,"key":"Smiling Mask"},{"floor":43,"key":"Bottled Lightning"},{"floor":44,"key":"Ice Cream"},{"floor":48,"key":"CaptainsWheel"},{"floor":54,"key":"Golden Egg"}],"event_choices":[{"damage_healed":0,"gold_gain":0,"player_choice":"Slimed","damage_taken":11,"max_hp_gain":0,"max_hp_loss":0,"event_name":"betterThird:BetterGoop","floor":11,"gold_loss":44},{"damage_healed":0,"gold_gain":0,"player_choice":"Simplicity","damage_taken":0,"max_hp_gain":0,"max_hp_loss":9,"event_name":"betterThird:BetterWriting","floor":31,"gold_loss":0},{"damage_healed":0,"gold_gain":0,"player_choice":"Memory 3","damage_taken":10,"max_hp_gain":0,"max_hp_loss":0,"event_name":"SensoryStone","floor":36,"gold_loss":0},{"damage_healed":0,"gold_gain":0,"player_choice":"Fight","damage_taken":0,"max_hp_gain":0,"max_hp_loss":0,"event_name":"Mysterious Sphere","floor":48,"gold_loss":0}],"is_beta":false,"boss_relics":[{"not_picked":["Busted Crown","Runic Pyramid"],"picked":"Painkiller Herb"},{"not_picked":["Runic Dome","ReplayTheSpireMod:DimensionalGlitch"],"picked":"Empty Cage"}],"items_purged_floors":[21,45,45,53],"is_endless":false,"potions_floor_spawned":[1,3,4,22,24,27,28,38,40,44,46,48,54],"ascension_level":7}}