{"host":"armnliea5o2aqs4b","time":1609660030,"event":{"mods":["BaseMod","Hubris","Infinite Spire","Minty Spire (QoL Compilation)","Quick Restart","StSLib"],"gold_per_floor":[109,109,109,284,299,332,101,101,127,158,170,170,232,251,251,251,251],"floor_reached":16,"playtime":291,"items_purged":[],"score":146,"play_id":"f095efc6-921b-45be-bfd8-7b310b2e2861","local_time":"20210103184710","is_ascension_mode":true,"campfire_choices":[{"data":"Entrench","floor":8,"key":"SMITH"},{"data":"Feed","floor":12,"key":"SMITH"},{"floor":15,"key":"REST"}],"circlet_count":0,"master_deck":["Strike_R","Strike_R","Strike_R","Strike_R+1","Strike_R","Defend_R","Defend_R","Defend_R","Defend_R","Bash","Bloodletting+1","Doubt","Rupture","Seeing Red","Entrench+1","Body Slam","Feed+1","Seeing Red","Flex"],"relics":["Burning Blood","NeowsBlessing","hubris:Towel","infinitespire:Beetle Shell","Chemical X","Anchor","Centennial Puzzle"],"acts_visited":["Exordium"],"potions_floor_usage":[10],"damage_taken":[{"damage":0,"enemies":"Jaw Worm","floor":1,"turns":1},{"damage":0,"enemies":"2 Louse","floor":5,"turns":1},{"damage":0,"enemies":"3 Sentries","floor":6,"turns":1},{"damage":71,"enemies":"Lagavulin","floor":10,"turns":9},{"damage":0,"enemies":"Small Slimes","floor":11,"turns":2},{"damage":6,"enemies":"3 Louse","floor":14,"turns":4},{"damage":0,"enemies":"The Guardian","floor":16,"turns":2}],"seed_played":"-2105830349948116597","potions_obtained":[{"floor":1,"key":"GamblersBrew"},{"floor":6,"key":"ColorlessPotion"},{"floor":11,"key":"LiquidMemories"},{"floor":14,"key":"DistilledChaos"}],"is_trial":false,"path_per_floor":["M","?","?","?","M","E","$","R","T","E","M","R","?","M","R","B"],"character_chosen":"IRONCLAD","items_purchased":["Entrench","Body Slam","Chemical X"],"campfire_rested":1,"item_purchase_floors":[7,7,7],"current_hp_per_floor":[80,80,64,64,70,76,76,76,76,11,20,20,20,24,50,50,50],"gold":251,"neow_bonus":"THREE_ENEMY_KILL","is_daily":false,"chose_seed":false,"campfire_upgraded":2,"win_rate":0.0,"timestamp":1609660030,"path_taken":["M","?","?","?","M","E","$","R","T","E","?","R","?","M","R","BOSS"],"items_purchased_type":["Card","Card","Relic"],"build_version":"2020-12-22","purchased_purges":0,"victory":false,"max_hp_per_floor":[80,80,80,80,80,80,80,80,80,80,83,83,83,87,87,87,87],"card_choices":[{"not_picked":["Havoc","Sword Boomerang"],"picked":"Bloodletting","floor":1},{"not_picked":["Pummel","Bloodletting"],"picked":"Rupture","floor":5},{"not_picked":["Thunderclap","Havoc"],"picked":"Seeing Red","floor":6},{"not_picked":["Warcry","Sentinel"],"picked":"Feed","floor":10},{"not_picked":["Cleave","Perfected Strike"],"picked":"Seeing Red","floor":11},{"not_picked":["Offering","Perfected Strike"],"picked":"Flex","floor":14}],"player_experience":139451,"relics_obtained":[{"floor":6,"key":"infinitespire:Beetle Shell"},{"floor":9,"key":"Anchor"},{"floor":10,"key":"Centennial Puzzle"}],"event_choices":[{"damage_healed":0,"gold_gain":0,"player_choice":"Entered Light","damage_taken":16,"max_hp_gain":0,"max_hp_loss":0,"event_name":"Shining Light","floor":3,"gold_loss":0,"cards_upgraded":["Bloodletting","Strike_R"]},{"damage_healed":0,"gold_gain":175,"player_choice":"AGREE","damage_taken":0,"max_hp_gain":0,"max_hp_loss":0,"event_name":"Liars Game","floor":4,"gold_loss":0,"cards_obtained":["Doubt"]},{"damage_healed":0,"gold_gain":62,"player_choice":"Gained Gold","damage_taken":0,"max_hp_gain":0,"max_hp_loss":0,"event_name":"Golden Wing","floor":13,"gold_loss":0}],"is_beta":false,"boss_relics":[],"items_purged_floors":[],"is_endless":false,"potions_floor_spawned":[1,6,11,14],"killed_by":"The Guardian","ascension_level":2}}