{"host":"tw4sg9io217sih45","time":1609664183,"event":{"mods":["AchievementEnabler","BaseMod","Colored Map","Highlight Path","Minty Spire (QoL Compilation)"],"gold_per_floor":[117,131,144,69,89,89,99,99,99,124,124,175,175,175],"floor_reached":13,"playtime":484,"items_purged":["Defend_P"],"score":83,"play_id":"89903c35-2b48-4370-bd90-6b4378934e18","local_time":"20210103165623","is_ascension_mode":true,"campfire_choices":[{"data":"Eruption","floor":6,"key":"SMITH"},{"data":"Pray","floor":11,"key":"SMITH"}],"circlet_count":0,"master_deck":["Strike_P","Strike_P","Strike_P","Strike_P","Defend_P","Defend_P","Defend_P","Eruption+1","Vigilance","FollowUp","Halt","Pray+1","Indignation","Wish+1","Crescendo+1"],"relics":["PureWater","Bag of Marbles","Golden Idol","Toxic Egg 2"],"acts_visited":["Exordium"],"potions_floor_usage":[12,13],"damage_taken":[{"damage":19,"enemies":"Jaw Worm","floor":1,"turns":4},{"damage":0,"enemies":"Small Slimes","floor":2,"turns":2},{"damage":4,"enemies":"2 Louse","floor":3,"turns":2},{"damage":2,"enemies":"Blue Slaver","floor":5,"turns":3},{"damage":0,"enemies":"2 Fungi Beasts","floor":7,"turns":3},{"damage":0,"enemies":"Large Slime","floor":10,"turns":3},{"damage":6,"enemies":"3 Louse","floor":12,"turns":5},{"damage":59,"enemies":"Gremlin Nob","floor":13,"turns":3}],"seed_played":"-9152589685874087373","potions_obtained":[{"floor":1,"key":"Block Potion"},{"floor":5,"key":"Energy Potion"},{"floor":12,"key":"AttackPotion"}],"is_trial":false,"path_per_floor":["M","M","M","$","M","R","M","?","T","M","R","M","E"],"character_chosen":"WATCHER","items_purchased":[],"campfire_rested":0,"item_purchase_floors":[],"current_hp_per_floor":[53,53,49,49,47,47,47,29,29,29,29,23,0,0],"gold":175,"neow_bonus":"RANDOM_COMMON_RELIC","is_daily":false,"chose_seed":false,"campfire_upgraded":2,"win_rate":0.0,"timestamp":1609664183,"path_taken":["M","M","M","$","M","R","M","?","T","M","R","M","E"],"items_purchased_type":[],"build_version":"2020-12-22","purchased_purges":1,"victory":false,"max_hp_per_floor":[72,72,72,72,72,72,72,72,72,72,72,72,72,72],"card_choices":[{"not_picked":["CrushJoints","BowlingBash"],"picked":"FollowUp","floor":1},{"not_picked":["BowlingBash","FollowUp"],"picked":"Halt","floor":2},{"not_picked":["SashWhip","EmptyBody"],"picked":"Pray","floor":3},{"not_picked":["CarveReality","Halt"],"picked":"Indignation","floor":5},{"not_picked":["WaveOfTheHand","Halt","BowlingBash"],"picked":"SKIP","floor":7},{"not_picked":["Sanctity+1","FollowUp"],"picked":"Wish+1","floor":10},{"not_picked":["CutThroughFate","FlyingSleeves"],"picked":"Crescendo+1","floor":12}],"player_experience":200574,"relics_obtained":[{"floor":9,"key":"Toxic Egg 2"}],"event_choices":[{"damage_healed":0,"gold_gain":0,"player_choice":"Take Damage","damage_taken":18,"relics_obtained":["Golden Idol"],"max_hp_gain":0,"max_hp_loss":0,"event_name":"Golden Idol","floor":8,"gold_loss":0}],"is_beta":false,"boss_relics":[],"items_purged_floors":[4],"is_endless":false,"potions_floor_spawned":[1,5,12],"killed_by":"Gremlin Nob","ascension_level":1}}