{"host":"p6s16n2sj7zvsuor","time":1609679530,"event":{"mods":["BaseMod","Minty Spire (QoL Compilation)"],"gold_per_floor":[11,11,11,11,11,11,46,46,46,46,62,72,38,48,48,151,151,164,89,14,14,14,14,33,47,47,57,20,20,20,50,50,50,50],"floor_reached":33,"playtime":1208,"items_purged":["Strike_G"],"score":339,"play_id":"cf3a61cb-e50c-469e-ac28-aad822b9c40a","local_time":"20210103151210","is_ascension_mode":true,"campfire_choices":[{"data":"Bane","floor":6,"key":"SMITH"},{"floor":8,"key":"REST"},{"data":"Envenom","floor":10,"key":"SMITH"},{"data":"Bane","floor":15,"key":"SMITH"},{"data":"Storm of Steel","floor":23,"key":"SMITH"},{"floor":29,"key":"REST"},{"floor":32,"key":"REST"}],"circlet_count":0,"master_deck":["Defend_G","Defend_G","Defend_G","Defend_G","Survivor","Neutralize","Deadly Poison","Bane+1","Envenom+1","Dagger Spray","Flechettes","Noxious Fumes","Bane+1","Storm of Steel+1","Leg Sweep+1","Skewer","Catalyst","Bane"],"relics":["Ring of the Snake","Ornamental Fan","Bottled Lightning","Letter Opener","Busted Crown","Singing Bowl","Happy Flower","Potion Belt"],"acts_visited":["Exordium","TheCity"],"potions_floor_usage":[7,16,16,16,27,31],"damage_taken":[{"damage":10,"enemies":"Small Slimes","floor":1,"turns":5},{"damage":37,"enemies":"3 Sentries","floor":7,"turns":12},{"damage":0,"enemies":"2 Louse","floor":11,"turns":3},{"damage":0,"enemies":"Cultist","floor":12,"turns":3},{"damage":6,"enemies":"Exordium Thugs","floor":14,"turns":4},{"damage":7,"enemies":"Slime Boss","floor":16,"turns":6},{"damage":34,"enemies":"Spheric Guardian","floor":18,"turns":6},{"damage":0,"enemies":"Chosen","floor":24,"turns":3},{"damage":7,"enemies":"Snake Plant","floor":25,"turns":4},{"damage":0,"enemies":"Chosen and Byrds","floor":27,"turns":3},{"damage":42,"enemies":"Slavers","floor":31,"turns":6},{"damage":39,"enemies":"Champ","floor":33,"turns":5}],"seed_played":"7533375972894801852","potions_obtained":[{"floor":1,"key":"Explosive Potion"},{"floor":11,"key":"Strength Potion"},{"floor":12,"key":"Strength Potion"},{"floor":14,"key":"SteroidPotion"},{"floor":18,"key":"Strength Potion"},{"floor":25,"key":"DistilledChaos"}],"is_trial":false,"path_per_floor":["M","?","$","?","?","R","E","R","T","R","M","M","$","M","R","B",null,"M","$","?","T","?","R","M","M","T","M","$","R","?","E","R","B"],"character_chosen":"THE_SILENT","items_purchased":["Noxious Fumes","Catalyst"],"campfire_rested":3,"item_purchase_floors":[13,28],"current_hp_per_floor":[53,53,53,53,53,53,16,37,37,37,37,37,37,31,31,24,59,25,25,25,25,25,25,27,22,22,24,24,46,46,4,26,0,0],"gold":50,"neow_bonus":"TRANSFORM_TWO_CARDS","is_daily":false,"chose_seed":false,"campfire_upgraded":4,"win_rate":0.0,"timestamp":1609679530,"path_taken":["M","?","$","?","?","R","E","R","T","R","M","M","$","M","R","BOSS","M","$","?","?","?","R","?","M","T","M","$","R","?","E","R","BOSS"],"items_purchased_type":["Card","Card"],"build_version":"2020-12-22","purchased_purges":1,"victory":false,"max_hp_per_floor":[70,70,70,70,70,70,70,70,70,70,70,70,70,70,70,70,70,70,70,70,70,70,70,72,74,74,76,76,76,76,76,76,76,76],"card_choices":[{"not_picked":["Dagger Spray","Prepared"],"picked":"Bane","floor":1},{"not_picked":["Riddle With Holes","Predator"],"picked":"Envenom","floor":7},{"not_picked":["Quick Slash","Setup"],"picked":"Dagger Spray","floor":11},{"not_picked":["Calculated Gamble","Dagger Spray"],"picked":"Flechettes","floor":12},{"not_picked":["Skewer","Noxious Fumes"],"picked":"Bane","floor":14},{"not_picked":["Doppelganger","A Thousand Cuts"],"picked":"Storm of Steel","floor":16},{"not_picked":["Tactician"],"picked":"SKIP","floor":18},{"not_picked":["Acrobatics"],"picked":"Singing Bowl","floor":24},{"not_picked":["Reflex+1"],"picked":"Singing Bowl","floor":25},{"not_picked":["Reflex"],"picked":"Singing Bowl","floor":27},{"not_picked":[],"picked":"Bane","floor":31}],"player_experience":777301,"relics_obtained":[{"floor":7,"key":"Bottled Lightning"},{"floor":9,"key":"Letter Opener"},{"floor":21,"key":"Singing Bowl"},{"floor":26,"key":"Happy Flower"},{"floor":31,"key":"Potion Belt"}],"event_choices":[{"cards_removed":["Strike_G"],"damage_healed":0,"gold_gain":0,"player_choice":"Forget","damage_taken":0,"max_hp_gain":0,"max_hp_loss":0,"event_name":"Living Wall","floor":2,"gold_loss":0},{"damage_healed":0,"gold_gain":0,"player_choice":"Box","damage_taken":0,"relics_obtained":["Ornamental Fan"],"max_hp_gain":0,"max_hp_loss":0,"event_name":"Big Fish","floor":4,"gold_loss":0,"cards_obtained":["Regret"]},{"cards_removed":["Regret"],"damage_healed":0,"gold_gain":0,"player_choice":"Purged","damage_taken":0,"max_hp_gain":0,"max_hp_loss":0,"event_name":"Purifier","floor":5,"gold_loss":0},{"cards_removed":["Strike_G"],"damage_healed":0,"gold_gain":0,"player_choice":"Gave Gold","damage_taken":0,"max_hp_gain":0,"max_hp_loss":0,"event_name":"Beggar","floor":20,"gold_loss":75},{"damage_healed":0,"gold_gain":0,"cards_transformed":["Distraction","Defend_G"],"player_choice":"Became Test Subject","damage_taken":0,"max_hp_gain":0,"max_hp_loss":0,"event_name":"Drug Dealer","floor":22,"gold_loss":0,"cards_obtained":["Leg Sweep","Skewer"]},{"damage_healed":0,"gold_gain":0,"player_choice":"Upgraded","damage_taken":0,"max_hp_gain":0,"max_hp_loss":0,"event_name":"Upgrade Shrine","floor":30,"gold_loss":0,"cards_upgraded":["Leg Sweep"]}],"is_beta":false,"boss_relics":[{"not_picked":["Calling Bell","Runic Pyramid"],"picked":"Busted Crown"}],"items_purged_floors":[19],"is_endless":false,"potions_floor_spawned":[1,11,12,14,18,25],"killed_by":"Champ","ascension_level":6}}