{"host":"j61pjxqytd94o6ng","time":1609642518,"event":{"mods":["BaseMod","Bestiary","Colored Map","Colored Powertips","Curses Come First","Minty Spire (QoL Compilation)","StSLib"],"gold_per_floor":[111,129,129,144,161,195,195,230,255,255,271,288,288,213,213,213,213],"floor_reached":16,"playtime":587,"items_purged":[],"score":196,"play_id":"47c44948-c1ec-4841-9f9e-0c196f6088f5","local_time":"20210102195518","is_ascension_mode":true,"campfire_choices":[{"floor":7,"key":"REST"},{"floor":10,"key":"REST"},{"floor":13,"key":"REST"},{"data":"Riddle With Holes","floor":15,"key":"SMITH"}],"circlet_count":0,"master_deck":["AscendersBane","Strike_G","Strike_G","Strike_G","Defend_G","Defend_G","Defend_G","Defend_G","Defend_G","Survivor","Neutralize","Riddle With Holes+1","All Out Attack","Predator","Caltrops","Night Terror","Deadly Poison","Calculated Gamble"],"relics":["Ring of the Snake","Omamori","CaptainsWheel","Art of War","Ancient Tea Set"],"acts_visited":["Exordium"],"potions_floor_usage":[6,8,12],"damage_taken":[{"damage":5,"enemies":"Cultist","floor":1,"turns":5},{"damage":4,"enemies":"Small Slimes","floor":2,"turns":3},{"damage":2,"enemies":"Jaw Worm","floor":4,"turns":3},{"damage":0,"enemies":"2 Fungi Beasts","floor":5,"turns":3},{"damage":33,"enemies":"Gremlin Nob","floor":6,"turns":5},{"damage":16,"enemies":"Lagavulin","floor":8,"turns":8},{"damage":9,"enemies":"Exordium Thugs","floor":11,"turns":5},{"damage":11,"enemies":"Large Slime","floor":12,"turns":9},{"damage":32,"enemies":"Slime Boss","floor":16,"turns":8}],"seed_played":"197175178462278965","potions_obtained":[{"floor":4,"key":"Weak Potion"},{"floor":5,"key":"SpeedPotion"},{"floor":11,"key":"SkillPotion"}],"is_trial":false,"path_per_floor":["M","M","?","M","M","E","R","E","T","R","M","M","R","?","R","B"],"character_chosen":"THE_SILENT","items_purchased":[],"campfire_rested":3,"item_purchase_floors":[],"current_hp_per_floor":[54,50,43,41,41,8,27,11,11,30,21,10,29,29,29,0,0],"gold":213,"neow_bonus":"RANDOM_COMMON_RELIC","is_daily":false,"chose_seed":false,"campfire_upgraded":1,"win_rate":0.0,"timestamp":1609642518,"path_taken":["M","?","?","M","M","E","R","E","T","R","M","M","R","?","R","BOSS"],"items_purchased_type":[],"build_version":"2020-12-22","purchased_purges":0,"victory":false,"max_hp_per_floor":[66,66,66,66,66,66,66,66,66,66,66,66,66,66,66,66,66],"card_choices":[{"not_picked":["Backflip","Bane"],"picked":"Riddle With Holes","floor":1},{"not_picked":["Cloak And Dagger","Backflip"],"picked":"All Out Attack","floor":2},{"not_picked":["Prepared","Underhanded Strike"],"picked":"Predator","floor":4},{"not_picked":["Sucker Punch","Flechettes"],"picked":"Caltrops","floor":5},{"not_picked":["All Out Attack","Choke"],"picked":"Night Terror","floor":6},{"not_picked":["Distraction","Eviscerate","Quick Slash"],"picked":"SKIP","floor":8},{"not_picked":["Finisher","Heel Hook"],"picked":"Deadly Poison","floor":11},{"not_picked":["Flying Knee","Phantasmal Killer"],"picked":"Calculated Gamble","floor":12}],"player_experience":480520,"relics_obtained":[{"floor":6,"key":"CaptainsWheel"},{"floor":8,"key":"Art of War"},{"floor":9,"key":"Ancient Tea Set"}],"event_choices":[{"cards_removed":["Strike_G"],"damage_healed":0,"gold_gain":0,"player_choice":"Card Removal","damage_taken":7,"max_hp_gain":0,"max_hp_loss":0,"event_name":"Golden Wing","floor":3,"gold_loss":0},{"cards_removed":["Strike_G"],"damage_healed":0,"gold_gain":0,"player_choice":"Card Removal","damage_taken":0,"max_hp_gain":0,"max_hp_loss":0,"event_name":"The Cleric","floor":14,"gold_loss":75}],"is_beta":false,"boss_relics":[],"items_purged_floors":[],"is_endless":false,"potions_floor_spawned":[4,5,11],"killed_by":"Slime Boss","ascension_level":15}}