{"host":"60d5wzi2cpvs73ka","time":1609681219,"event":{"mods":["AchievementEnabler","Act Like it!","Arknights The Spire","BaseMod","Friendly Minions","Infinite Spire","Minty Spire (QoL Compilation)","Shop Mod","StSLib"],"gold_per_floor":[114,114,114,126,126,126,157,177,204,236,267,279,291,323,335,347,347],"floor_reached":16,"playtime":2836,"items_purged":[],"score":127,"play_id":"570adeec-5134-4d34-ac47-bfc54daa24ee","local_time":"20210103224019","is_ascension_mode":false,"campfire_choices":[{"data":"ats:Emotion Absorption","floor":6,"key":"SMITH"},{"floor":15,"key":"REST"}],"circlet_count":0,"master_deck":["ats:Strike C","ats:Strike G","ats:Strike S","ats:Strike V+1","ats:Armor Crushing Shot","ats:Defend","ats:Defend","ats:Defend","ats:Defend","ats:Emotion Absorption+1","ats:Ignite+1","ats:Soul Absorption","infinitespire:Fortify","ats:Ignite","ats:Apocalypse+1","ats:Guardian Obelisk","ats:Sword Rain","ats:Assault Order"],"relics":["ats:Sanity","NeowsBlessing","ats:Originium","PreservedInsect","MawBank"],"acts_visited":["Exordium"],"potions_floor_usage":[16,16],"damage_taken":[{"damage":0,"enemies":"2 Louse","floor":1,"turns":1},{"damage":0,"enemies":"Small Slimes","floor":4,"turns":1},{"damage":0,"enemies":"Lagavulin","floor":7,"turns":1},{"damage":0,"enemies":"Jaw Worm","floor":8,"turns":2},{"damage":17,"enemies":"Exordium Wildlife","floor":10,"turns":6},{"damage":9,"enemies":"Blue Slaver","floor":11,"turns":4},{"damage":1,"enemies":"3 Louse","floor":14,"turns":3},{"damage":95,"enemies":"Hexaghost","floor":16,"turns":16}],"seed_played":"-4613263805975221013","potions_obtained":[{"floor":7,"key":"FairyPotion"},{"floor":11,"key":"Weak Potion"},{"floor":14,"key":"EssenceOfSteel"}],"is_trial":false,"path_per_floor":["M","$","?","M","?","R","E","M","T","M","M","?","$","M","R","B"],"character_chosen":"DOCTOR_CLASS","items_purchased":[],"campfire_rested":1,"item_purchase_floors":[],"current_hp_per_floor":[72,72,72,72,54,54,54,54,54,41,36,22,22,21,42,0,0],"gold":347,"neow_bonus":"THREE_ENEMY_KILL","is_daily":false,"chose_seed":false,"campfire_upgraded":1,"win_rate":0.0,"timestamp":1609681219,"path_taken":["M","$","?","M","?","R","E","M","T","M","M","?","?","?","R","BOSS"],"items_purchased_type":[],"build_version":"2020-12-22","purchased_purges":0,"victory":false,"max_hp_per_floor":[72,72,72,72,72,72,72,72,72,72,72,72,72,72,72,72,72],"card_choices":[{"not_picked":["ats:Childhood Dance","ats:Poison Spread"],"picked":"ats:Ignite","floor":1},{"not_picked":["ats:Ignite","ats:Shadow Assault"],"picked":"ats:Soul Absorption","floor":4},{"not_picked":["infinitespire:SevenWalls","infinitespire:UltimateForm"],"picked":"infinitespire:Fortify","floor":5},{"not_picked":["ats:Magnetic Hammer","ats:Curse Doll"],"picked":"ats:Ignite","floor":7},{"not_picked":["ats:Thermite Blade","ats:Consecutive Shot Auto"],"picked":"ats:Apocalypse","floor":8},{"not_picked":["ats:Charging Defense","ats:Cat Scratch"],"picked":"ats:Guardian Obelisk","floor":10},{"not_picked":["ats:Collapsing Strike","ats:Apocalypse"],"picked":"ats:Sword Rain","floor":11},{"not_picked":["ats:Cat Scratch","ats:Neurotoxin"],"picked":"ats:Assault Order","floor":14}],"player_experience":209777,"relics_obtained":[{"floor":7,"key":"ats:Originium"},{"floor":7,"key":"PreservedInsect"},{"floor":9,"key":"MawBank"}],"event_choices":[{"damage_healed":0,"gold_gain":0,"player_choice":"Entered Light","damage_taken":14,"max_hp_gain":0,"max_hp_loss":0,"event_name":"Shining Light","floor":12,"gold_loss":0,"cards_upgraded":["ats:Strike V","ats:Apocalypse"]}],"is_beta":false,"boss_relics":[],"items_purged_floors":[],"is_endless":false,"potions_floor_spawned":[7,11,14],"killed_by":"Hexaghost","ascension_level":0}}