{"host":"0i8dz4ityulxi1rd","time":1609637884,"event":{"mods":["BaseMod","Colored Map","Colored Powertips","Custom Start","Highlight Path","Hubris","Keyboard Shortcuts","Minty Spire (QoL Compilation)","StSLib","SuperFastMode"],"gold_per_floor":[109,28,41,41,59,90,106,106,106,123,133,202,221,231,231,306,306,325,340,340,340],"floor_reached":20,"playtime":814,"items_purged":[],"score":414,"play_id":"eeef512b-6f5a-4a35-9a18-0f1b2cbacf65","local_time":"20210103103804","is_ascension_mode":true,"campfire_choices":[{"data":"Uppercut","floor":8,"key":"SMITH"},{"data":"Armaments","floor":15,"key":"SMITH"}],"circlet_count":0,"master_deck":["AscendersBane","Strike_R","Strike_R","Strike_R","Strike_R","Strike_R","Defend_R","Defend_R","Defend_R","Defend_R","Bash","Uppercut+1","Feed","Battle Trance","Combust","Burning Pact","Armaments+1","Fiend Fire","Wild Strike+1"],"relics":["Black Blood","SsserpentHead","Pear","Lizard Tail"],"acts_visited":["Exordium","TheCity"],"potions_floor_usage":[10,16],"damage_taken":[{"damage":9,"enemies":"Jaw Worm","floor":1,"turns":5},{"damage":6,"enemies":"Cultist","floor":3,"turns":4},{"damage":1,"enemies":"2 Louse","floor":5,"turns":2},{"damage":58,"enemies":"Gremlin Nob","floor":6,"turns":5},{"damage":14,"enemies":"Large Slime","floor":7,"turns":6},{"damage":12,"enemies":"Exordium Wildlife","floor":10,"turns":2},{"damage":9,"enemies":"2 Fungi Beasts","floor":11,"turns":4},{"damage":6,"enemies":"Looter","floor":12,"turns":4},{"damage":4,"enemies":"Red Slaver","floor":13,"turns":5},{"damage":15,"enemies":"Blue Slaver","floor":14,"turns":4},{"damage":99,"enemies":"Slime Boss","floor":16,"turns":13},{"damage":54,"enemies":"3 Byrds","floor":18,"turns":7},{"damage":62,"enemies":"Spheric Guardian","floor":19,"turns":8},{"damage":0,"enemies":"Centurion and Healer","floor":20,"turns":1}],"seed_played":"-4405833243437890425","potions_obtained":[{"floor":6,"key":"SkillPotion"},{"floor":11,"key":"Dexterity Potion"},{"floor":12,"key":"FairyPotion"},{"floor":14,"key":"BloodPotion"},{"floor":18,"key":"Dexterity Potion"}],"is_trial":false,"path_per_floor":["M","$","M","?","M","E","M","R","T","M","M","M","M","M","R","B",null,"M","M","M"],"character_chosen":"IRONCLAD","items_purchased":["Feed"],"campfire_rested":0,"item_purchase_floors":[2],"current_hp_per_floor":[72,72,75,75,83,41,36,36,36,33,33,36,41,35,35,10,90,52,68,68,68],"gold":340,"neow_bonus":"TEN_PERCENT_HP_BONUS","is_daily":false,"chose_seed":false,"campfire_upgraded":2,"win_rate":0.0,"timestamp":1609637884,"path_taken":["M","$","M","?","M","E","M","R","T","M","M","?","M","M","R","BOSS","M","M","M"],"items_purchased_type":["Card"],"build_version":"2020-12-22","purchased_purges":0,"victory":false,"max_hp_per_floor":[82,82,85,85,88,98,101,101,101,104,107,110,113,116,116,116,116,120,124,124,124],"card_choices":[{"not_picked":["hubris:ReadiedAction","Headbutt"],"picked":"Uppercut","floor":1},{"not_picked":["Metallicize","Body Slam"],"picked":"Battle Trance","floor":3},{"not_picked":["Clash","Armaments","Flex"],"picked":"SKIP","floor":5},{"not_picked":["Clash","Armaments","Flex"],"picked":"SKIP","floor":5},{"not_picked":["Rage","Feel No Pain","hubris:CleavingFinish"],"picked":"SKIP","floor":6},{"not_picked":["Body Slam","Cleave"],"picked":"Combust","floor":7},{"not_picked":["Dual Wield","Reaper","Uppercut"],"picked":"SKIP","floor":10},{"not_picked":["hubris:SharpeningStone","Anger","Warcry"],"picked":"SKIP","floor":11},{"not_picked":["Feel No Pain","Sever Soul"],"picked":"Burning Pact","floor":12},{"not_picked":["Body Slam","Sword Boomerang","Armaments"],"picked":"SKIP","floor":13},{"not_picked":["Thunderclap","Cleave"],"picked":"Armaments","floor":14},{"not_picked":["Double Tap","Limit Break"],"picked":"Fiend Fire","floor":16},{"not_picked":["Thunderclap","Iron Wave","Armaments"],"picked":"SKIP","floor":18},{"not_picked":["Clash","Iron Wave"],"picked":"Wild Strike+1","floor":19}],"player_experience":1305480,"relics_obtained":[{"floor":6,"key":"Pear"},{"floor":9,"key":"Lizard Tail"}],"event_choices":[{"damage_healed":0,"gold_gain":0,"player_choice":"Trade","damage_taken":0,"relics_obtained":["SsserpentHead"],"max_hp_gain":0,"max_hp_loss":0,"event_name":"FaceTrader","floor":4,"gold_loss":0}],"is_beta":false,"boss_relics":[{"not_picked":["Runic Dome","Black Star"],"picked":"Black Blood"}],"items_purged_floors":[],"is_endless":false,"potions_floor_spawned":[6,11,12,13,14,18],"killed_by":"Centurion and Healer","ascension_level":20}}