{"host":"5cddetx9rxq1mqd4","time":1609697260,"event":{"mods":["BaseMod","Minty Spire (QoL Compilation)"],"gold_per_floor":[118,118,118,6,6,6,35,53,79,24,54,30,50,70,70,149,199,212,231,231,231,231,231,231],"floor_reached":23,"playtime":553,"items_purged":[],"score":433,"play_id":"1e95180f-ea41-4d23-94aa-c7445b29c2ce","local_time":"20210103190740","is_ascension_mode":true,"campfire_choices":[{"data":"Uppercut","floor":6.0,"key":"SMITH"},{"data":"Dropkick","floor":15.0,"key":"SMITH"}],"circlet_count":0,"master_deck":["AscendersBane","Strike_R","Strike_R","Strike_R","Strike_R","Strike_R","Defend_R","Defend_R","Defend_R","Defend_R","Bash+1","Headbutt","Uppercut+1","Anger","True Grit+1","Inflame","Flex","Shockwave","Flex","Dropkick+1","Feed","Thunderclap"],"relics":["Burning Blood","NeowsBlessing","Boot","Lizard Tail","Potion Belt","Anchor","Blue Candle","Tiny House","Nilry\u0027s Codex"],"acts_visited":["Exordium","TheCity"],"potions_floor_usage":[],"damage_taken":[{"damage":0.0,"enemies":"Jaw Worm","floor":1.0,"turns":1.0},{"damage":0.0,"enemies":"Lagavulin","floor":7.0,"turns":1.0},{"damage":0.0,"enemies":"2 Louse","floor":8.0,"turns":1.0},{"damage":6.0,"enemies":"Gremlin Nob","floor":11.0,"turns":3.0},{"damage":0.0,"enemies":"Cultist","floor":13.0,"turns":2.0},{"damage":3.0,"enemies":"3 Louse","floor":14.0,"turns":4.0},{"damage":31.0,"enemies":"Slime Boss","floor":16.0,"turns":7.0},{"damage":33.0,"enemies":"Spheric Guardian","floor":18.0,"turns":4.0},{"damage":15.0,"enemies":"Chosen","floor":19.0,"turns":5.0},{"damage":0,"enemies":"Gremlin Leader","floor":23,"turns":1}],"seed_played":"965741296647462650","potions_obtained":[{"floor":8.0,"key":"Swift Potion"},{"floor":14.0,"key":"FearPotion"},{"floor":17.0,"key":"LiquidBronze"},{"floor":18.0,"key":"ColorlessPotion"},{"floor":19.0,"key":"Swift Potion"}],"is_trial":false,"path_per_floor":["M","?","?","$","T","R","E","M","T","$","E","$","M","M","R","B",null,"M","M","?","?","?","E"],"character_chosen":"IRONCLAD","items_purchased":["Uppercut","Anger","Flex","Flex"],"campfire_rested":0,"item_purchase_floors":[4,4,10,12],"current_hp_per_floor":[74,74,63,63,63,63,69,75,75,75,75,75,75,75,75,50,74,47,41,20,20,20,20,20],"gold":231,"neow_bonus":"THREE_ENEMY_KILL","is_daily":false,"chose_seed":false,"campfire_upgraded":2,"win_rate":0.0,"timestamp":1609697260,"path_taken":["M","?","?","?","?","R","E","M","T","$","E","?","M","M","R","BOSS","M","M","?","?","?","E"],"items_purchased_type":["Card","Card","Card","Card"],"build_version":"2020-12-22","purchased_purges":0,"victory":false,"max_hp_per_floor":[75,75,75,75,75,75,75,75,75,75,75,75,75,75,75,75,80,80,83,83,83,83,83,83],"card_choices":[{"not_picked":["Armaments","Warcry"],"picked":"Headbutt","floor":1.0},{"not_picked":["Rampage","Perfected Strike"],"picked":"True Grit","floor":7.0},{"not_picked":["Combust","Havoc"],"picked":"Inflame","floor":8.0},{"not_picked":["Infernal Blade","Perfected Strike"],"picked":"Shockwave","floor":11.0},{"not_picked":["Reckless Charge","Pommel Strike"],"picked":"Dropkick","floor":13.0},{"not_picked":["Warcry","Headbutt","Twin Strike"],"picked":"SKIP","floor":14.0},{"not_picked":["Barricade","Immolate"],"picked":"Feed","floor":16.0},{"not_picked":["Heavy Blade","Dual Wield","Shockwave"],"picked":"SKIP","floor":18.0},{"not_picked":["Flex","Wild Strike"],"picked":"Thunderclap","floor":19.0}],"player_experience":586675,"relics_obtained":[{"floor":5.0,"key":"Lizard Tail"},{"floor":7.0,"key":"Potion Belt"},{"floor":9.0,"key":"Anchor"},{"floor":11.0,"key":"Blue Candle"},{"floor":20.0,"key":"Nilry\u0027s Codex"}],"event_choices":[{"damage_healed":0.0,"max_hp_gain":0.0,"max_hp_loss":0.0,"gold_gain":0.0,"event_name":"Living Wall","player_choice":"Grow","floor":2.0,"gold_loss":0.0,"damage_taken":0.0,"cards_upgraded":["Bash"]},{"damage_healed":0.0,"max_hp_gain":0.0,"max_hp_loss":0.0,"gold_gain":0.0,"event_name":"Scrap Ooze","player_choice":"Success","floor":3.0,"gold_loss":0.0,"damage_taken":11.0,"relics_obtained":["Boot"]},{"damage_healed":0.0,"max_hp_gain":0.0,"max_hp_loss":0.0,"gold_gain":0.0,"event_name":"Cursed Tome","player_choice":"Obtained Book","floor":20.0,"gold_loss":0.0,"damage_taken":21.0},{"damage_healed":0.0,"max_hp_gain":0.0,"max_hp_loss":0.0,"gold_gain":0.0,"event_name":"Ghosts","player_choice":"Ignored","floor":21.0,"gold_loss":0.0,"damage_taken":0.0},{"damage_healed":0.0,"max_hp_gain":0.0,"max_hp_loss":0.0,"gold_gain":0.0,"event_name":"N\u0027loth","player_choice":"Ignored","floor":22.0,"gold_loss":0.0,"damage_taken":0.0}],"is_beta":false,"boss_relics":[{"not_picked":["Runic Cube","SacredBark"],"picked":"Tiny House"}],"items_purged_floors":[],"is_endless":false,"potions_floor_spawned":[8,14,18,19],"killed_by":"Gremlin Leader","ascension_level":19}}