{"host":"rt0td7aa3g170xdl","time":1609662090,"event":{"mods":["2.2 Compatiblity","AchievementEnabler","BaseMod","Colored Map","DeckTracker","Keyboard Shortcuts","Minty Spire (QoL Compilation)","Permanent Neow","Quick Restart","SuperFastMode","everything is the same but u backflip on backflip"],"gold_per_floor":[112,128,140,155,168,168,243,258,258,277,277,304,229,239,239,337,337,348,248,265,190,240,240,268,283,283,283,158,158,8,8,8,8,8],"floor_reached":33,"playtime":1123,"items_purged":["Strike_R","Strike_R","Defend_R","Strike_R"],"score":267,"play_id":"54b7e759-0b23-4488-97b5-328d66f9a9af","local_time":"20210103172130","is_ascension_mode":false,"campfire_choices":[{"data":"Inflame","floor":6.0,"key":"SMITH"},{"data":"Bloodletting","floor":11.0,"key":"SMITH"},{"data":"Bash","floor":15.0,"key":"SMITH"},{"data":"Clothesline","floor":23.0,"key":"SMITH"},{"data":"Body Slam","floor":27.0,"key":"SMITH"},{"data":"Shrug It Off","floor":32,"key":"SMITH"}],"circlet_count":0,"master_deck":["Strike_R","Defend_R","Defend_R","Bash+1","Bloodletting+1","Clothesline+1","Inflame+1","Shrug It Off","Shrug It Off+1","Headbutt","Body Slam+1","Shrug It Off+1","Writhe"],"relics":["Burning Blood","Gremlin Horn","Boot","Mark of Pain","Pen Nib","Meat on the Bone","MutagenicStrength","Mercury Hourglass"],"acts_visited":["Exordium","TheCity"],"potions_floor_usage":[33,33,33],"damage_taken":[{"damage":6.0,"enemies":"Cultist","floor":1.0,"turns":3.0},{"damage":11.0,"enemies":"Jaw Worm","floor":2.0,"turns":3.0},{"damage":2.0,"enemies":"2 Louse","floor":3.0,"turns":2.0},{"damage":22.0,"enemies":"Large Slime","floor":4.0,"turns":7.0},{"damage":16.0,"enemies":"Gremlin Gang","floor":5.0,"turns":4.0},{"damage":5.0,"enemies":"Blue Slaver","floor":8.0,"turns":4.0},{"damage":12.0,"enemies":"Large Slime","floor":10.0,"turns":4.0},{"damage":15.0,"enemies":"Gremlin Nob","floor":12.0,"turns":4.0},{"damage":8.0,"enemies":"3 Louse","floor":14.0,"turns":3.0},{"damage":32.0,"enemies":"The Guardian","floor":16.0,"turns":14.0},{"damage":11.0,"enemies":"Chosen","floor":18.0,"turns":6.0},{"damage":25.0,"enemies":"Spheric Guardian","floor":20.0,"turns":6.0},{"damage":22.0,"enemies":"Book of Stabbing","floor":24.0,"turns":7.0},{"damage":16.0,"enemies":"Snecko","floor":25.0,"turns":6.0},{"damage":37,"enemies":"Automaton","floor":33,"turns":10}],"seed_played":"-141513214767831577","potions_obtained":[{"floor":2.0,"key":"Energy Potion"},{"floor":3.0,"key":"Dexterity Potion"},{"floor":5.0,"key":"BloodPotion"},{"floor":10.0,"key":"DistilledChaos"},{"floor":18.0,"key":"EssenceOfSteel"},{"floor":20.0,"key":"Block Potion"},{"floor":24.0,"key":"Dexterity Potion"}],"is_trial":false,"path_per_floor":["M","M","M","M","M","R","?","M","T","M","R","E","$","M","R","B",null,"M","$","M","?","?","R","E","M","T","R","$","?","$","?","R","B"],"character_chosen":"IRONCLAD","items_purchased":[],"campfire_rested":0,"item_purchase_floors":[],"current_hp_per_floor":[80,75,79,63,53,53,42,43,43,53,53,44,44,42,42,16,80,75,75,56,56,56,56,40,30,30,30,30,30,30,30,30,0,0],"gold":8,"neow_bonus":"REMOVE_CARD","is_daily":false,"chose_seed":false,"campfire_upgraded":6,"win_rate":0.0,"timestamp":1609662090,"path_taken":["M","M","M","M","?","R","?","M","T","M","R","E","$","M","R","BOSS","M","$","M","?","?","R","E","?","T","R","$","?","$","?","R","BOSS"],"items_purchased_type":[],"build_version":"2020-12-22","purchased_purges":4,"victory":false,"max_hp_per_floor":[80,80,80,80,80,80,80,80,80,80,80,80,80,80,80,80,80,80,80,80,80,80,80,80,80,80,80,80,80,80,80,80,80,80],"card_choices":[{"not_picked":["Perfected Strike","Sever Soul"],"picked":"Bloodletting","floor":1.0},{"not_picked":["Warcry","Anger"],"picked":"Clothesline","floor":2.0},{"not_picked":["Havoc","Wild Strike"],"picked":"Inflame","floor":3.0},{"not_picked":["Warcry","Iron Wave","Blood for Blood"],"picked":"SKIP","floor":4.0},{"not_picked":["Metallicize","Headbutt"],"picked":"Shrug It Off","floor":5.0},{"not_picked":["Havoc","Heavy Blade"],"picked":"Shrug It Off","floor":8.0},{"not_picked":["Burning Pact","True Grit"],"picked":"Headbutt","floor":10.0},{"not_picked":["True Grit","Exhume","Heavy Blade"],"picked":"SKIP","floor":12.0},{"not_picked":["Reckless Charge","Iron Wave","Bloodletting"],"picked":"SKIP","floor":14.0},{"not_picked":["Armaments","Whirlwind+1","Heavy Blade"],"picked":"SKIP","floor":18.0},{"not_picked":["Combust+1","Cleave","Flame Barrier"],"picked":"SKIP","floor":20.0},{"not_picked":["Iron Wave","Flex+1"],"picked":"Body Slam","floor":24.0},{"not_picked":["Warcry","Combust","Shrug It Off+1"],"picked":"SKIP","floor":25.0},{"not_picked":["Warcry","Combust"],"picked":"Shrug It Off+1","floor":25.0}],"player_experience":319359,"relics_obtained":[{"floor":9.0,"key":"Gremlin Horn"},{"floor":12.0,"key":"Boot"},{"floor":24.0,"key":"Pen Nib"},{"floor":26.0,"key":"Meat on the Bone"}],"event_choices":[{"damage_healed":0.0,"max_hp_gain":0.0,"max_hp_loss":0.0,"gold_gain":75.0,"event_name":"World of Goop","player_choice":"Gather Gold","floor":7.0,"gold_loss":0.0,"damage_taken":11.0},{"cards_removed":["Defend_R"],"damage_healed":0.0,"max_hp_gain":0.0,"max_hp_loss":0.0,"gold_gain":0.0,"event_name":"Beggar","player_choice":"Gave Gold","floor":21.0,"gold_loss":75.0,"damage_taken":0.0},{"damage_healed":0.0,"max_hp_gain":0.0,"max_hp_loss":0.0,"gold_gain":100.0,"event_name":"The Joust","player_choice":"Bet on Murderer","floor":22.0,"gold_loss":50.0,"damage_taken":0.0},{"damage_healed":0,"gold_gain":0,"player_choice":"Inject Mutagens","damage_taken":0,"relics_obtained":["MutagenicStrength"],"max_hp_gain":0,"max_hp_loss":0,"event_name":"Drug Dealer","floor":29,"gold_loss":0},{"damage_healed":0,"gold_gain":0,"player_choice":"Opened","damage_taken":0,"relics_obtained":["Mercury Hourglass"],"max_hp_gain":0,"max_hp_loss":0,"event_name":"The Mausoleum","floor":31,"gold_loss":0,"cards_obtained":["Writhe"]}],"is_beta":false,"boss_relics":[{"not_picked":["Coffee Dripper","Cursed Key"],"picked":"Mark of Pain"}],"items_purged_floors":[13,19,28,30],"is_endless":false,"potions_floor_spawned":[2,3,5,10,18,20,24],"killed_by":"Automaton","ascension_level":0}}