{"host":"ek3xvuouaw6vk9if","time":1609642185,"event":{"mods":["BaseMod","BetterRewards","Minty Spire (QoL Compilation)","Permanent Neow","Quick Restart","Relic Stats","Replay The Spire","StSLib","The Disciple"],"gold_per_floor":[112,3,13,33,104,138,138,138,138],"floor_reached":8,"playtime":550,"items_purged":[],"score":59,"play_id":"c3db8319-89d7-4cf4-b6d0-60378189f8a3","local_time":"20210102214945","is_ascension_mode":true,"campfire_choices":[{"data":"WakeUpCall","floor":7,"key":"SMITH"}],"circlet_count":0,"master_deck":["Strike_Br","Strike_Br","Strike_Br","Strike_Br","Defend_Br","Defend_Br","Defend_Br","Defend_Br","SecondHand","PatternShift","SecondHand","Defend_Br","LockedTornado","LockedAnchor","WakeUpCall+1","LockedScales","CrunchTime","Tempo"],"relics":["Chronometer","WaitingRoom","Anchor"],"acts_visited":["Exordium"],"potions_floor_usage":[8],"damage_taken":[{"damage":4,"enemies":"Cultist","floor":1,"turns":5},{"damage":2,"enemies":"Small Slimes","floor":3,"turns":4},{"damage":1,"enemies":"Jaw Worm","floor":4,"turns":3},{"damage":31,"enemies":"Gremlin Nob","floor":6,"turns":5},{"damage":30,"enemies":"3 Sentries","floor":8,"turns":13}],"seed_played":"-8857769099716547670","potions_obtained":[{"floor":1,"key":"EssenceOfSteel"}],"is_trial":false,"path_per_floor":["M","$","M","M","?","E","R","E"],"character_chosen":"CHRONO_CLASS","items_purchased":["LockedAnchor","WakeUpCall"],"campfire_rested":0,"item_purchase_floors":[2,2],"current_hp_per_floor":[61,61,59,58,58,27,27,0,0],"gold":138,"neow_bonus":"ONE_RARE_RELIC","is_daily":false,"chose_seed":false,"campfire_upgraded":1,"win_rate":0.0,"timestamp":1609642185,"path_taken":["M","$","M","?","?","E","R","E"],"items_purchased_type":["Card","Card"],"build_version":"2020-12-22","purchased_purges":0,"victory":false,"max_hp_per_floor":[65,65,65,65,65,65,65,65,65],"relic_stats":{"counters":[5,30],"obtain_stats":[{"Anchor":6,"WaitingRoom":0,"Chronometer":0},{"Anchor":4,"WaitingRoom":0,"Chronometer":0},{"Anchor":17,"WaitingRoom":0,"Chronometer":0}]},"card_choices":[{"not_picked":["LockedAnchor","LockedOrichalcum"],"picked":"LockedTornado","floor":1},{"not_picked":["BeatsPerMinute","LockedBlood"],"picked":"LockedScales","floor":3},{"not_picked":["ExoVibe","AlternateTimeline"],"picked":"CrunchTime","floor":4},{"not_picked":["Parity","HandsUpC"],"picked":"Tempo","floor":6}],"player_experience":522909,"relics_obtained":[{"floor":6,"key":"Anchor"}],"event_choices":[{"damage_healed":0,"gold_gain":71,"player_choice":"Gained Gold","damage_taken":0,"max_hp_gain":0,"max_hp_loss":0,"event_name":"Golden Wing","floor":5,"gold_loss":0}],"is_beta":false,"boss_relics":[],"items_purged_floors":[],"is_endless":false,"potions_floor_spawned":[1],"killed_by":"3 Sentries","ascension_level":1}}