{"host":"pbf6u3tyx46snqc7","time":1609669139,"event":{"mods":["AchievementEnabler","BaseMod","Colored Map","Minty Spire (QoL Compilation)","Rare Cards Sparkle","SuperFastMode"],"gold_per_floor":[111,129,72,86,102,102,179,214,214,194,194,211,231,243,243,314,314,331,343,343,343],"floor_reached":20,"playtime":698,"items_purged":[],"score":356,"play_id":"5690579c-b57d-4e95-8550-5492a9bf17eb","local_time":"20210103191859","is_ascension_mode":true,"campfire_choices":[{"data":"Zap","floor":6.0,"key":"SMITH"},{"floor":11.0,"key":"REST"},{"floor":15.0,"key":"REST"}],"circlet_count":0,"master_deck":["AscendersBane","Zap+1","Dualcast","Ball Lightning","Coolheaded","Cold Snap","Melter","Blizzard","Streamline","Thunder Strike","Ball Lightning","Blizzard","Buffer","Force Field","Machine Learning","Stack","Reinforced Body","Consume","Coolheaded"],"relics":["Cracked Core","NeowsBlessing","TungstenRod","Pandora\u0027s Box"],"acts_visited":["Exordium","TheCity"],"potions_floor_usage":[20],"damage_taken":[{"damage":0.0,"enemies":"Small Slimes","floor":1.0,"turns":1.0},{"damage":0.0,"enemies":"Jaw Worm","floor":2.0,"turns":1.0},{"damage":0.0,"enemies":"Cultist","floor":4.0,"turns":1.0},{"damage":13.0,"enemies":"Large Slime","floor":5.0,"turns":6.0},{"damage":50.0,"enemies":"Gremlin Nob","floor":8.0,"turns":5.0},{"damage":7.0,"enemies":"3 Louse","floor":12.0,"turns":3.0},{"damage":4.0,"enemies":"2 Fungi Beasts","floor":13.0,"turns":3.0},{"damage":8.0,"enemies":"Lots of Slimes","floor":14.0,"turns":4.0},{"damage":34.0,"enemies":"The Guardian","floor":16.0,"turns":11.0},{"damage":0,"enemies":"Spheric Guardian","floor":18,"turns":1},{"damage":6,"enemies":"Chosen","floor":19,"turns":5},{"damage":60,"enemies":"3 Cultists","floor":20,"turns":5}],"seed_played":"-2267299230156969398","potions_obtained":[{"floor":1.0,"key":"Regen Potion"},{"floor":8.0,"key":"LiquidMemories"},{"floor":10.0,"key":"Strength Potion"},{"floor":12.0,"key":"PowerPotion"},{"floor":16.0,"key":"Explosive Potion"}],"is_trial":false,"path_per_floor":["M","M","$","M","M","R","?","E","T","?","R","M","M","M","R","B",null,"M","M","M"],"character_chosen":"DEFECT","items_purchased":["Coolheaded"],"campfire_rested":2,"item_purchase_floors":[3],"current_hp_per_floor":[64,64,64,64,51,51,51,13,13,13,34,27,23,15,36,2,54,54,48,0,0],"gold":343,"neow_bonus":"THREE_ENEMY_KILL","is_daily":false,"chose_seed":false,"campfire_upgraded":1,"win_rate":0.0,"timestamp":1609669139,"path_taken":["M","M","$","M","M","R","?","E","T","?","R","?","M","M","R","BOSS","M","M","M"],"items_purchased_type":["Card"],"build_version":"2020-12-22","purchased_purges":0,"victory":false,"max_hp_per_floor":[71,71,71,71,71,71,71,71,71,71,71,71,71,71,71,71,71,71,71,71,71],"card_choices":[{"not_picked":["Fusion","Barrage"],"picked":"Ball Lightning","floor":1.0},{"not_picked":["Streamline","Beam Cell","Gash"],"picked":"SKIP","floor":2.0},{"not_picked":["Go for the Eyes","Streamline"],"picked":"Cold Snap","floor":4.0},{"not_picked":["Leap","Force Field"],"picked":"Melter","floor":5.0},{"not_picked":["Cold Snap","FTL"],"picked":"Blizzard","floor":8.0},{"not_picked":["Ball Lightning","Streamline","Steam"],"picked":"SKIP","floor":12.0},{"not_picked":["Gash","Turbo"],"picked":"Streamline","floor":13.0},{"not_picked":["Auto Shields","Barrage"],"picked":"Thunder Strike","floor":14.0},{"not_picked":["Conserve Battery","Stack"],"picked":"Coolheaded","floor":18},{"not_picked":["Sweeping Beam","Force Field","Double Energy"],"picked":"SKIP","floor":19}],"player_experience":373816,"relics_obtained":[{"floor":8.0,"key":"TungstenRod"}],"event_choices":[{"damage_healed":0.0,"max_hp_gain":0.0,"max_hp_loss":0.0,"gold_gain":77.0,"event_name":"Golden Wing","player_choice":"Gained Gold","floor":7.0,"gold_loss":0.0,"damage_taken":0.0},{"damage_healed":0.0,"max_hp_gain":0.0,"max_hp_loss":0.0,"gold_gain":0.0,"event_name":"The Woman in Blue","player_choice":"Bought 1 Potion","floor":10.0,"gold_loss":0.0,"damage_taken":0.0}],"is_beta":false,"boss_relics":[{"not_picked":["Runic Dome","Fusion Hammer"],"picked":"Pandora\u0027s Box"}],"items_purged_floors":[],"is_endless":false,"potions_floor_spawned":[1,8,12,16],"killed_by":"3 Cultists","ascension_level":20}}