{"host":"8z6cx8b9r5qs18cp","time":1609693924,"event":{"mods":["AchievementEnabler","Act Like it!","Bard","BaseMod","GifTheSpireLib","Googly Eyes","Hermit","Hubris","Infinite Spire","Marked Mod","Minty Spire (QoL Compilation)","Permanent Neow","Rare Cards Sparkle","Relic Stats","Replay The Spire","StSLib","Stuff the Spire","The Animator","The Bug Knight","The Cursed","The Servant 0.9.4"],"gold_per_floor":[112,112,131,141,151,185,202,78,102,134,148,167,167,179,179,278,278,297,297,311,311,325,325,358,358,358,358,358,378,395,405,405,500,550,564,564,583,583,583],"floor_reached":38,"playtime":2322,"items_purged":[],"score":483,"play_id":"33dfb590-4d3d-45df-b6d9-92e66c359c0e","local_time":"20210103111204","is_ascension_mode":true,"campfire_choices":[{"floor":13,"key":"REST"},{"floor":15,"key":"REST"},{"floor":23,"key":"REST"},{"floor":25,"key":"REST"},{"floor":27,"key":"REST"},{"floor":32,"key":"REST"}],"circlet_count":0,"master_deck":["Strike_G","Strike_G","Strike_G","Defend_G","Defend_G","Defend_G","Defend_G","Survivor","Neutralize","Poisoned Stab+1","StuffTheSpire:Injection+1","Endless Agony+1","Catalyst+1","StuffTheSpire:DoubleShiv","Dodge and Roll","Blade Dance","Pot Of Greed","Pot Of Greed","Blade Dance","Hidden Blade","Infinite Blades","Outmaneuver","Slice+1","Backstab","Dash","Deadly Poison","Pot Of Greed","Phantasmal Killer","Hallucinations","TheCursedMod:CursedWand","Venomology","Deep Breath","infinitespire:Fortify","Deadly Poison","Catalyst+1","PiercingWail+1","Bouncing Flask","Accuracy","Pot Of Greed","RitualDagger","StuffTheSpire:Sprint","Accuracy+1","Outmaneuver","Envenom","Crippling Poison","Noxious Fumes","Deflect"],"relics":["Astrolabe","Grinning Jar","Smiling Mask","StuffTheSpire:OldFever","ReplayTheSpireMod:SealedPack","DollysMirror","Chameleon Ring","hubris:AncientText","Tiny House"],"acts_visited":["Exordium","TheCity","TheBeyond"],"potions_floor_usage":[6,12,16,16,22,22,24,29,31,33,35,35,37],"damage_taken":[{"damage":1.0,"enemies":"Cultist","floor":1.0,"turns":3.0},{"damage":1,"enemies":"Jaw Worm","floor":3,"turns":2},{"damage":0,"enemies":"Small Slimes","floor":4,"turns":2},{"damage":11,"enemies":"Exordium Thugs","floor":5,"turns":3},{"damage":14,"enemies":"Lagavulin","floor":6,"turns":4},{"damage":2,"enemies":"Looter","floor":7,"turns":3},{"damage":9,"enemies":"3 Sentries","floor":10,"turns":6},{"damage":13,"enemies":"3 Louse","floor":11,"turns":3},{"damage":0,"enemies":"Exordium Wildlife","floor":12,"turns":3},{"damage":0,"enemies":"Red Slaver","floor":14,"turns":1},{"damage":26,"enemies":"Hexaghost","floor":16,"turns":4},{"damage":5,"enemies":"Chosen","floor":18,"turns":3},{"damage":0,"enemies":"3 Byrds","floor":20,"turns":4},{"damage":34,"enemies":"Snake Plant","floor":22,"turns":3},{"damage":21,"enemies":"Replay:Snechameleon","floor":24,"turns":7},{"damage":11,"enemies":"Centurion and Healer","floor":29,"turns":4},{"damage":17,"enemies":"3 Cultists","floor":30,"turns":5},{"damage":22,"enemies":"Snake Plant","floor":31,"turns":4},{"damage":26,"enemies":"hubris:MusketHawk","floor":33,"turns":6},{"damage":65,"enemies":"3 Darklings","floor":35,"turns":7},{"damage":20,"enemies":"Orb Walker","floor":37,"turns":5}],"seed_played":"-3074138998141646166","potions_obtained":[{"floor":3,"key":"BlessingOfTheForge"},{"floor":5,"key":"Adrenaline Potion"},{"floor":10,"key":"PowerPotion"},{"floor":11,"key":"Weak Potion"},{"floor":12,"key":"FearPotion"},{"floor":16,"key":"Explosive Potion"},{"floor":18,"key":"Regen Potion"},{"floor":24,"key":"FairyPotion"},{"floor":34,"key":"LifebloodPotion"},{"floor":35,"key":"Explosive Potion"},{"floor":37,"key":"Reflective Coating"}],"is_trial":false,"path_per_floor":["M","?","M","M","M","E","M","$","T","E","M","M","R","M","R","B",null,"M","AVR","M","?","M","R","E","R","T","R","?","M","M","M","R","B",null,"M","?","M","?"],"character_chosen":"THE_SILENT","items_purchased":["Infinite Blades","Outmaneuver"],"campfire_rested":6,"item_purchase_floors":[8,8],"current_hp_per_floor":[69,69,68,68,57,43,41,41,41,32,19,19,40,40,61,35,70,65,65,65,48,23,44,23,44,44,65,59,48,31,9,30,4,75,10,10,15,0,0],"gold":583,"neow_bonus":"BOSS_RELIC","is_daily":false,"chose_seed":false,"campfire_upgraded":0,"win_rate":0.0,"timestamp":1609693924,"path_taken":["M","?","M","M","M","E","M","$","T","E","?","M","R","M","R","BOSS","M","AVR","M","?","M","R","E","R","T","R","?","M","M","M","R","BOSS","M","?","M","?"],"items_purchased_type":["Card","Card"],"build_version":"2020-12-22","purchased_purges":0,"victory":false,"max_hp_per_floor":[70,70,70,70,70,70,70,70,70,70,70,70,70,70,70,70,70,70,70,70,70,70,70,70,70,70,70,70,70,70,70,70,70,75,75,75,75,75,75],"relic_stats":{"counters":[21,82],"Astrolabe":["Poisoned Stab","StuffTheSpire:Injection","Endless Agony"],"Smiling Mask":0,"obtain_stats":[{"Chameleon Ring":24,"Tiny House":34,"DollysMirror":19,"Astrolabe":0,"ReplayTheSpireMod:SealedPack":17,"Grinning Jar":6,"Smiling Mask":9,"StuffTheSpire:OldFever":10,"hubris:AncientText":26,"Ring of the Snake":0},{"Chameleon Ring":15,"Tiny House":19,"DollysMirror":12,"Astrolabe":0,"ReplayTheSpireMod:SealedPack":11,"Grinning Jar":5,"Smiling Mask":6,"StuffTheSpire:OldFever":7,"hubris:AncientText":15,"Ring of the Snake":0},{"Chameleon Ring":51,"Tiny House":70,"DollysMirror":37,"Astrolabe":0,"ReplayTheSpireMod:SealedPack":34,"Grinning Jar":14,"Smiling Mask":17,"StuffTheSpire:OldFever":23,"hubris:AncientText":51,"Ring of the Snake":0}]},"card_choices":[{"not_picked":["Dodge and Roll","Reflex"],"picked":"Catalyst","floor":1},{"not_picked":["Choke","Expertise"],"picked":"StuffTheSpire:DoubleShiv","floor":3},{"not_picked":["Sneak Up","Slice"],"picked":"Dodge and Roll","floor":4},{"not_picked":["StuffTheSpire:Injection","StuffTheSpire:ClusterCrunch"],"picked":"Blade Dance","floor":5},{"not_picked":["Night Terror","Deflect"],"picked":"Blade Dance","floor":6},{"not_picked":["Eviscerate","Draining Mist"],"picked":"Hidden Blade","floor":7},{"not_picked":["Prepared","StuffTheSpire:BumpUp"],"picked":"Slice","floor":10},{"not_picked":["Underhanded Strike","Backflip"],"picked":"Backstab","floor":11},{"not_picked":["Outmaneuver","Quick Slash"],"picked":"Dash","floor":12},{"not_picked":["StuffTheSpire:Python","hubris:SlightOfHand"],"picked":"Deadly Poison","floor":14},{"not_picked":["Glass Knife","Poison Darts"],"picked":"Phantasmal Killer","floor":16},{"not_picked":["Dualcast","TheCursedMod:CleanUpWorkshop"],"picked":"TheCursedMod:CursedWand","floor":17},{"not_picked":["Unload","Poison Darts"],"picked":"Venomology","floor":17},{"not_picked":["Replay:BasicMightCard","Survey Options"],"picked":"Deep Breath","floor":17},{"not_picked":["infinitespire:UltimateForm","infinitespire:DeathsTouch"],"picked":"infinitespire:Fortify","floor":17},{"not_picked":["Underhanded Strike","Acrobatics"],"picked":"Deadly Poison","floor":18},{"not_picked":["ReplayTheSpireMod:Necrosis","Hidden Blade"],"picked":"PiercingWail+1","floor":20},{"not_picked":["Replay:Fractal Strike","infinitespire:UltimateForm"],"picked":"infinitespire:SealOfDarkness+","floor":21},{"not_picked":["Slice","Catalyst"],"picked":"Bouncing Flask","floor":22},{"not_picked":["Deadly Poison+1","Well Laid Plans"],"picked":"Accuracy","floor":24},{"not_picked":["Acrobatics","Dodge and Roll"],"picked":"StuffTheSpire:Sprint","floor":29},{"not_picked":["Blade Dance","Replay:Poison Smokescreen"],"picked":"Accuracy+1","floor":30},{"not_picked":["Hidden Blade+1","Underhanded Strike"],"picked":"Outmaneuver","floor":31},{"not_picked":["Replay:Bag of Tricks","Glass Knife"],"picked":"Envenom","floor":33},{"not_picked":["hubris:SlightOfHand","Quick Slash"],"picked":"Crippling Poison","floor":34},{"not_picked":["Bouncing Flask+1","StuffTheSpire:ClusterCrunch"],"picked":"Noxious Fumes","floor":35},{"not_picked":["Dagger Spray+1","Sucker Punch"],"picked":"Deflect","floor":37}],"player_experience":187665,"relics_obtained":[{"floor":6,"key":"Grinning Jar"},{"floor":9,"key":"Smiling Mask"},{"floor":10,"key":"StuffTheSpire:OldFever"},{"floor":24,"key":"Chameleon Ring"},{"floor":26,"key":"hubris:AncientText"}],"event_choices":[{"damage_healed":0,"gold_gain":0,"player_choice":"Upgraded","damage_taken":0,"max_hp_gain":0,"max_hp_loss":0,"event_name":"Upgrade Shrine","floor":2,"gold_loss":0,"cards_upgraded":["Catalyst"]},{"damage_healed":0,"gold_gain":0,"player_choice":"Joined the Cult","damage_taken":6,"max_hp_gain":0,"max_hp_loss":0,"event_name":"Nest","floor":28,"gold_loss":0,"cards_obtained":["RitualDagger"]},{"damage_healed":0,"gold_gain":0,"player_choice":"Ignored","damage_taken":0,"max_hp_gain":0,"max_hp_loss":0,"event_name":"Mysterious Sphere","floor":36,"gold_loss":0}],"is_beta":false,"boss_relics":[{"not_picked":["Fusion Hammer","StuffTheSpire:ModemDavis"],"picked":"ReplayTheSpireMod:SealedPack"},{"not_picked":["Sozu","hubris:TerracottaHorce"],"picked":"Tiny House"}],"items_purged_floors":[],"is_endless":false,"potions_floor_spawned":[3,5,10,11,12,16,18,20,24,35,37],"ascension_level":1}}