{"host":"waq1ashgqt0tulkv","time":1609675427,"event":{"mods":["Aspiration","BaseMod","BetterRewards","Colored Powertips","Conspire","Downfall","Duelist Mod","Hermit","Hubris","Infinite Spire","Minty Spire (QoL Compilation)","Quick Restart","Rare Cards Sparkle","Replay The Spire","StSLib","SuperFastMode","The Animator","The Bug Knight","The Construct","The Cursed","The Disciple","The Hierophant","The Necromancer","The Runesmith","The Servant 0.9.4","egg"],"gold_per_floor":[113,113,125,141,157,186,186,202,256,273,273,298,298,309,309,406,406,418,432,450,149,149,149],"floor_reached":22,"playtime":616,"items_purged":[],"score":190,"play_id":"030d2739-cd88-4d88-ad4e-832f67b592da","local_time":"20210103050347","is_ascension_mode":false,"campfire_choices":[{"floor":7,"key":"REST"},{"data":"Shockwave","floor":11,"key":"SMITH"},{"data":"Strike_R","floor":15,"key":"PURGE"}],"circlet_count":0,"master_deck":["Strike_R","Strike_R","Strike_R","Defend_R","Defend_R","Defend_R","Defend_R","Bash","Twin Strike","Injury","Thunderclap+1","Sword Boomerang+1","Armaments","Shrug It Off","Shockwave+1","Hemokinesis+1","Rampage+1","hubris:CleavingFinish+1","JustLucky+1","Dual Wield","TalkToTheHand+1"],"relics":["Burning Blood","Bird Faced Urn","Molten Egg 2","Mummified Hand","Dream Catcher","ReplayFunnel","Replay:Grab Bag","conspire:RoyalGoblet","Painkiller Herb","aspiration:WatcherSkillbook","Black Star","King of Hearts","aspiration:Lifesprig"],"acts_visited":["Exordium","TheCity"],"potions_floor_usage":[16],"damage_taken":[{"damage":6,"enemies":"Jaw Worm","floor":1,"turns":3},{"damage":8,"enemies":"2 Louse","floor":3,"turns":3},{"damage":1,"enemies":"Cultist","floor":4,"turns":3},{"damage":10,"enemies":"Gremlin Gang","floor":5,"turns":3},{"damage":31,"enemies":"3 Sentries","floor":6,"turns":9},{"damage":2,"enemies":"Blue Slaver","floor":8,"turns":5},{"damage":0,"enemies":"Exordium Wildlife","floor":10,"turns":4},{"damage":10,"enemies":"2 Fungi Beasts","floor":14,"turns":2},{"damage":31,"enemies":"The Guardian","floor":16,"turns":13},{"damage":37,"enemies":"Spheric Guardian","floor":18,"turns":6},{"damage":6,"enemies":"Shell Parasite","floor":19,"turns":6},{"damage":35,"enemies":"Snake Plant","floor":20,"turns":6},{"damage":15,"enemies":"Centurion and Healer","floor":22,"turns":5}],"seed_played":"615447542846326883","potions_obtained":[{"floor":1,"key":"Strength Potion"},{"floor":5,"key":"Dexterity Potion"},{"floor":14,"key":"SneckoOil"},{"floor":20,"key":"Ancient Potion"}],"is_trial":false,"path_per_floor":["M","?","M","M","M","E","R","M","T","M","R","T","?","M","R","B",null,"?","?","?","T","?"],"character_chosen":"IRONCLAD","items_purchased":["King of Hearts","aspiration:Lifesprig"],"campfire_rested":1,"item_purchase_floors":[21,21],"current_hp_per_floor":[72,72,70,72,68,43,64,68,68,72,72,72,72,68,68,43,72,41,41,12,12,0,0],"gold":149,"neow_bonus":"ONE_RARE_RELIC","is_daily":false,"chose_seed":false,"campfire_upgraded":1,"win_rate":0.0,"timestamp":1609675427,"path_taken":["M","?","M","M","M","E","R","M","T","M","R","?","?","M","R","BOSS","?","?","?","T","?"],"items_purchased_type":["Relic","Relic"],"build_version":"2020-12-13","purchased_purges":0,"victory":false,"max_hp_per_floor":[72,72,72,72,72,72,72,72,72,72,72,72,72,72,72,72,72,72,72,72,72,72,72],"card_choices":[{"not_picked":["Intimidate","Armaments"],"picked":"Twin Strike","floor":1},{"not_picked":["Bloodletting","Sword Boomerang+1"],"picked":"Thunderclap+1","floor":3},{"not_picked":["Replay:Undeath\u0027s Touch+1","Fire Breathing"],"picked":"Sword Boomerang+1","floor":4},{"not_picked":["conspire:ExplosiveBarrier","Anger+1"],"picked":"Armaments","floor":5},{"not_picked":["hubris:CleavingFinish+1","Warcry"],"picked":"Shrug It Off","floor":6},{"not_picked":["Sword Boomerang+1","Blood for Blood+1"],"picked":"Shockwave","floor":8},{"not_picked":["Impervious","Warcry"],"picked":"Hemokinesis+1","floor":10},{"not_picked":["Armaments","Clothesline+1"],"picked":"hubris:CleavingFinish+1","floor":14},{"not_picked":["Searing Blow+1","BowlingBash+1","Replay:BluntJabs+1"],"picked":"JustLucky+1","floor":18},{"not_picked":["Protect+1","Feel No Pain","ReachHeaven+1"],"picked":"Dual Wield","floor":19},{"not_picked":["Blood for Blood+1","Searing Blow+1","Perfected Strike+1"],"picked":"TalkToTheHand+1","floor":20}],"player_experience":32793,"relics_obtained":[{"floor":6,"key":"Mummified Hand"},{"floor":9,"key":"Dream Catcher"},{"floor":12,"key":"ReplayFunnel"}],"event_choices":[{"damage_healed":0,"gold_gain":0,"cards_transformed":["Strike_R"],"player_choice":"Transformed","damage_taken":0,"max_hp_gain":0,"max_hp_loss":0,"event_name":"Transmorgrifier","floor":13,"gold_loss":0,"cards_obtained":["Rampage"]}],"is_beta":false,"boss_relics":[{"not_picked":["hubris:TerracottaHorce","SlaversCollar"],"picked":"Replay:Grab Bag"},{"not_picked":["Replay:Wanted Poster","conspire:SlowCooker"],"picked":"conspire:RoyalGoblet"},{"not_picked":["Mark of Pain","Runesmith:UraniumAnvil"],"picked":"Painkiller Herb"},{"not_picked":["Runic Pyramid","SacredBark"],"picked":"aspiration:WatcherSkillbook"},{"not_picked":["aspiration:RitualDagger","Runic Cube"],"picked":"Black Star"}],"items_purged_floors":[],"is_endless":false,"potions_floor_spawned":[1,4,5,14,20],"killed_by":"Centurion and Healer","ascension_level":0}}