{"host":"ff0k6g9g9j8o52vm","time":1609643121,"event":{"mods":["2.2 Compatiblity","AchievementEnabler","Aspiration","Astrologer","BaseMod","Beaked The Cultist","Better Altar","Better Note","Better Sensory Stone","Better Skull","Better Third Choice","Colored Map","Colored Powertips","Conspire","Curses Come First","Downfall","Energized Spire","Friendly Minions","GifTheSpireLib","Gremlin Mod","Halation","Hermit","Highlight Path","Hubris","Infinite Spire","Jedi Mod","Jorbs\u0027s Wanderer Trilogy","Koishi","Mad Scientist","Marisa????????","Minty Spire (QoL Compilation)","Potionbrewer","Quick Restart","Random Character Button","Replay The Spire","Robot Space Explorer","Shade Mod","Slumbering Mod","Somnambulant","Spicy Shops","StSLib","Stuff the Spire","The Blackbeard","The Blue Laboratory","The Bug Knight","The Clintock","The Construct","The Cursed","The Disciple","The Dragon Tamer","The Druid","The Factory","The Forsaken","The Gatherer","The Hayseed","The Hierophant","The Jungle","The Marked","The Mystic","The Necromancer","The Poker Player","The Problem Sleuth","The Runesmith","The Sage","The Saiyan","The Senshi","The Servant 0.9.4","The Showman","The Spell Scribe","The Trickster","The Valiant","The Wild Card","TheArtist","TheBandit","TheFirefly","Trackpad","Wandering Minibosses","Yuri Mod","thorton","vexMod"],"gold_per_floor":[110,126,143,161,161,161,161,191,242,255,279,279,295,312,312,417,417,430,448,448,466,466,466],"floor_reached":22,"playtime":2541,"items_purged":[],"score":190,"play_id":"84971b57-297a-483f-b862-1267cd48f85b","local_time":"20210102190521","is_ascension_mode":false,"campfire_choices":[{"floor":6,"key":"REST"},{"data":"MadScienceMod:FlexibleSpear","floor":12,"key":"SMITH"},{"floor":15,"key":"REST"}],"circlet_count":0,"master_deck":["MadScienceMod:Strike_MadScience","MadScienceMod:Strike_MadScience","MadScienceMod:Strike_MadScience+1","MadScienceMod:Strike_MadScience","MadScienceMod:Defend_MadScience","MadScienceMod:Defend_MadScience","MadScienceMod:Defend_MadScience","MadScienceMod:Defend_MadScience","MadScienceMod:PoweredStrike+1","MadScienceMod:HideBehindJunk","MadScienceMod:FlexibleSpear+1","MadScienceMod:FlameCannon","MadScienceMod:ImposingConstruct","MadScienceMod:Refuel","BattleHymn+1","Parasite","MadScienceMod:Browse","MadScienceMod:Liquify","MadScienceMod:ParticleBeam","MadScienceMod:Booster","Armaments","MadScienceMod:SoftenUp","Carnage+1"],"relics":["MadScienceMod:FuelTank","trackpad:CultistFigurine","infinitespire:Satchel","Whetstone","Potion Belt","aspiration:IroncladSkillbook"],"acts_visited":["Exordium","TheCity"],"potions_floor_usage":[8,16,16,18,19],"damage_taken":[{"damage":0,"enemies":"theSlumbering:NewCultist","floor":1,"turns":3},{"damage":0,"enemies":"Small Slimes","floor":2,"turns":3},{"damage":5,"enemies":"Cultist","floor":3,"turns":4},{"damage":0,"enemies":"3 Louse","floor":4,"turns":3},{"damage":15,"enemies":"3 Sentries","floor":8,"turns":7},{"damage":2,"enemies":"Gremlin Gang","floor":10,"turns":4},{"damage":2,"enemies":"Exordium Thugs","floor":13,"turns":3},{"damage":10,"enemies":"Looter","floor":14,"turns":2},{"damage":20,"enemies":"Hexaghost","floor":16,"turns":7},{"damage":30,"enemies":"Spheric Guardian","floor":18,"turns":4},{"damage":24,"enemies":"conspire:FuzzyDice","floor":19,"turns":6},{"damage":15,"enemies":"conspire:HollyBat","floor":21,"turns":5},{"damage":32,"enemies":"Sentry and Sphere","floor":22,"turns":5}],"seed_played":"7909389001617845766","potions_obtained":[{"floor":1,"key":"champ:CounterPotion"},{"floor":2,"key":"potionbrewer:AcidPotion"},{"floor":3,"key":"Block Potion"},{"floor":4,"key":"Strength Potion"},{"floor":10,"key":"ColorlessPotion"},{"floor":19,"key":"EntropicBrew"}],"is_trial":false,"path_per_floor":["M","M","M","M","?","R","?","E","T","M","T","R","M","M","R","B",null,"M","M","?","M","M"],"character_chosen":"MAD_SCIENTIST","items_purchased":[],"campfire_rested":2,"item_purchase_floors":[],"current_hp_per_floor":[82,82,77,77,15,39,59,44,44,42,42,42,40,30,54,34,82,56,36,36,25,0,0],"gold":466,"neow_bonus":"TEN_PERCENT_HP_BONUS","is_daily":false,"chose_seed":false,"campfire_upgraded":1,"win_rate":0.0,"timestamp":1609643121,"path_taken":["M","M","M","M","?","R","?","E","T","M","?","R","?","M","R","BOSS","M","M","?","M","M"],"items_purchased_type":[],"build_version":"2020-12-22","purchased_purges":0,"victory":false,"max_hp_per_floor":[82,82,82,82,82,82,82,82,82,82,82,82,82,82,82,82,82,82,82,82,82,82,82],"card_choices":[{"not_picked":["MadScienceMod:ShrinkRay","MadScienceMod:LightOnFire"],"picked":"MadScienceMod:FlexibleSpear","floor":1},{"not_picked":["MadScienceMod:EnergyBarrier","MadScienceMod:Postpone"],"picked":"MadScienceMod:FlameCannon","floor":2},{"not_picked":["MadScienceMod:FumeBlast","MadScienceMod:FragmentationGrenade"],"picked":"MadScienceMod:ImposingConstruct","floor":3},{"not_picked":["MadScienceMod:FumeBlast","MadScienceMod:FlameCannon"],"picked":"MadScienceMod:Refuel","floor":4},{"not_picked":["MadScienceMod:JunkLaser","MadScienceMod:Strafe"],"picked":"MadScienceMod:Browse","floor":8},{"not_picked":["MadScienceMod:FumeBlast","MadScienceMod:FragmentationGrenade"],"picked":"MadScienceMod:Liquify","floor":10},{"not_picked":["MadScienceMod:CaptureMomentum","MadScienceMod:FumeBlast"],"picked":"MadScienceMod:ParticleBeam","floor":13},{"not_picked":["MadScienceMod:Strafe","MadScienceMod:Postpone","MadScienceMod:Sprocket"],"picked":"SKIP","floor":14},{"not_picked":["MadScienceMod:Postpone","MadScienceMod:MechanicalSnecko"],"picked":"MadScienceMod:Booster","floor":16},{"not_picked":["ReplayTheSpireMod:Strike From Hell","MadScienceMod:Browse","Perfected Strike"],"picked":"Armaments","floor":18},{"not_picked":["Headbutt","Perfected Strike","Feel No Pain"],"picked":"MadScienceMod:SoftenUp","floor":19},{"not_picked":["jedi:collectorstrike","jedi:MakeshiftSword","Body Slam"],"picked":"Carnage+1","floor":21}],"player_experience":953165,"relics_obtained":[{"floor":8,"key":"infinitespire:Satchel"},{"floor":9,"key":"Whetstone"},{"floor":11,"key":"Potion Belt"}],"event_choices":[{"damage_healed":0,"gold_gain":1,"player_choice":"Relic Card ","damage_taken":62,"max_hp_gain":0,"max_hp_loss":0,"event_name":"betterThird:BetterScrap","floor":5,"gold_loss":0,"cards_obtained":["BattleHymn","Core Surge"]},{"damage_healed":20,"gold_gain":0,"player_choice":"Healed and dodged fight","damage_taken":0,"max_hp_gain":0,"max_hp_loss":0,"event_name":"Mushrooms","floor":7,"gold_loss":0,"cards_obtained":["Parasite"]},{"cards_removed":["MadScienceMod:Strike_MadScience"],"damage_healed":0,"gold_gain":0,"player_choice":"Give","damage_taken":0,"max_hp_gain":0,"max_hp_loss":0,"event_name":"betterNote:BetterNote","floor":20,"gold_loss":0,"cards_obtained":["Saiyan:SAIYA_Strike"]}],"is_beta":false,"boss_relics":[{"not_picked":["Snecko Eye","jedi:hotpepper"],"picked":"aspiration:IroncladSkillbook"}],"items_purged_floors":[],"is_endless":false,"potions_floor_spawned":[1,2,3,4,10,19,21],"killed_by":"Sentry and Sphere","ascension_level":0}}