{"host":"knghpd923z1q8993","time":1609640566,"event":{"mods":["BaseMod","Colored Map","Colored Powertips","Minty Spire (QoL Compilation)","StSLib"],"gold_per_floor":[109,109,59,77,92,117,128,162,162,173,188,78,78,44,44,140,140,160,160,172,172,184,184,197,231,231,231,256,256,256,266,266,369,369,384,397,397,397,397],"floor_reached":38,"playtime":4366,"items_purged":["Strike_B"],"score":426,"play_id":"a64f57a6-7774-417b-84c4-c6ae6c28dd5f","local_time":"20210103032246","is_ascension_mode":false,"campfire_choices":[{"data":"Fusion","floor":13.0,"key":"SMITH"},{"data":"Consume","floor":15.0,"key":"SMITH"},{"data":"Buffer","floor":23.0,"key":"SMITH"},{"data":"Buffer","floor":27,"key":"SMITH"},{"data":"Chaos","floor":29,"key":"SMITH"},{"data":"Multi-Cast","floor":32,"key":"SMITH"}],"circlet_count":0,"master_deck":["Strike_B+1","Strike_B+1","Strike_B+1","Defend_B+1","Defend_B+1","Defend_B+1","Zap","Dualcast","Glacier","Fusion+1","Double Energy","Defragment","Consume+1","Doom and Gloom","Tempest","Lockon","Buffer+1","Buffer+1","Multi-Cast+1","Buffer","Chaos+1","Self Repair","Creative AI","Redo+1","Capacitor+1"],"relics":["Cursed Key","TungstenRod","Runic Pyramid","Nloth\u0027s Gift","Shuriken","Bottled Lightning","Philosopher\u0027s Stone"],"acts_visited":["Exordium","TheCity","TheBeyond"],"potions_floor_usage":[28,28,33],"damage_taken":[{"damage":1.0,"enemies":"Cultist","floor":1.0,"turns":4.0},{"damage":0.0,"enemies":"Small Slimes","floor":4.0,"turns":3.0},{"damage":1.0,"enemies":"2 Louse","floor":5.0,"turns":3.0},{"damage":20.0,"enemies":"Gremlin Nob","floor":6.0,"turns":5.0},{"damage":1.0,"enemies":"2 Fungi Beasts","floor":7.0,"turns":5.0},{"damage":33.0,"enemies":"3 Sentries","floor":8.0,"turns":12.0},{"damage":0.0,"enemies":"Red Slaver","floor":10.0,"turns":5.0},{"damage":9.0,"enemies":"3 Louse","floor":11.0,"turns":3.0},{"damage":17.0,"enemies":"Slime Boss","floor":16.0,"turns":5.0},{"damage":0.0,"enemies":"Spheric Guardian","floor":18.0,"turns":5.0},{"damage":2.0,"enemies":"2 Thieves","floor":20.0,"turns":3.0},{"damage":8.0,"enemies":"Chosen and Byrds","floor":22.0,"turns":4.0},{"damage":24.0,"enemies":"Snake Plant","floor":24.0,"turns":3.0},{"damage":21.0,"enemies":"Book of Stabbing","floor":25.0,"turns":7.0},{"damage":19,"enemies":"Gremlin Leader","floor":28,"turns":11},{"damage":0,"enemies":"Cultist and Chosen","floor":31,"turns":6},{"damage":9,"enemies":"Automaton","floor":33,"turns":9},{"damage":0,"enemies":"Orb Walker","floor":35,"turns":4},{"damage":0,"enemies":"3 Shapes","floor":36,"turns":5},{"damage":85,"enemies":"Donu and Deca","floor":38,"turns":7}],"seed_played":"1418320336034202415","potions_obtained":[{"floor":4.0,"key":"AttackPotion"},{"floor":5.0,"key":"PotionOfCapacity"},{"floor":8.0,"key":"SmokeBomb"},{"floor":10.0,"key":"FearPotion"},{"floor":16.0,"key":"FearPotion"},{"floor":18.0,"key":"Explosive Potion"},{"floor":22.0,"key":"LiquidBronze"},{"floor":24.0,"key":"EssenceOfSteel"},{"floor":25.0,"key":"Regen Potion"},{"floor":31,"key":"LiquidBronze"}],"is_trial":false,"path_per_floor":["M","?","?","M","M","E","M","E","T","M","M","$","R","?","R","B",null,"M","?","M","?","M","R","M","E","T","R","E","R","?","M","R","B",null,"M","M","?","B"],"character_chosen":"DEFECT","items_purchased":["Lockon"],"campfire_rested":0,"item_purchase_floors":[12],"current_hp_per_floor":[74,79,79,79,78,58,59,28,28,30,23,23,23,23,23,8,80,80,80,78,78,70,70,46,25,25,25,21,21,21,21,21,19,80,80,80,80,0,0],"gold":397,"neow_bonus":"BOSS_RELIC","is_daily":false,"chose_seed":false,"campfire_upgraded":6,"win_rate":0.0,"timestamp":1609640566,"path_taken":["M","?","?","M","M","E","M","E","T","M","M","$","R","?","R","BOSS","M","?","?","?","M","R","?","E","T","R","E","R","?","M","R","BOSS","M","M","?","BOSS"],"items_purchased_type":["Card"],"build_version":"2020-12-22","purchased_purges":1,"victory":false,"max_hp_per_floor":[75,80,80,80,80,80,80,80,80,80,80,80,80,80,80,80,80,80,80,80,80,80,80,80,80,80,80,80,80,80,80,80,80,80,80,80,80,80,80],"card_choices":[{"not_picked":["Conserve Battery","Hologram"],"picked":"Glacier","floor":1.0},{"not_picked":["Cold Snap","Rip and Tear"],"picked":"Fusion","floor":4.0},{"not_picked":["Sweeping Beam","Redo"],"picked":"Double Energy","floor":5.0},{"not_picked":["White Noise","Go for the Eyes"],"picked":"Defragment","floor":6.0},{"not_picked":["Aggregate","Streamline","Rebound"],"picked":"SKIP","floor":7.0},{"not_picked":["Blizzard","Melter"],"picked":"Consume","floor":8.0},{"not_picked":["Scrape","Stack"],"picked":"Doom and Gloom","floor":10.0},{"not_picked":["Redo","Coolheaded"],"picked":"Tempest","floor":11.0},{"not_picked":["Seek","Fission"],"picked":"Buffer","floor":16.0},{"not_picked":["Compile Driver","Coolheaded","Hologram"],"picked":"SKIP","floor":18.0},{"not_picked":["Barrage","Force Field","Coolheaded"],"picked":"SKIP","floor":20.0},{"not_picked":["Coolheaded","Lockon"],"picked":"Multi-Cast","floor":22.0},{"not_picked":["Streamline","Beam Cell","Ball Lightning"],"picked":"SKIP","floor":24.0},{"not_picked":["Barrage","Self Repair"],"picked":"Buffer","floor":25.0},{"not_picked":["Cold Snap","Redo"],"picked":"Chaos","floor":28},{"not_picked":["Fission","Beam Cell"],"picked":"Self Repair","floor":31},{"not_picked":["Rainbow","Amplify"],"picked":"Creative AI","floor":33},{"not_picked":["Cold Snap+1","Leap+1"],"picked":"Redo+1","floor":35},{"not_picked":["Fusion","Cold Snap+1"],"picked":"Capacitor+1","floor":36}],"player_experience":73971,"relics_obtained":[{"floor":6.0,"key":"Blood Vial"},{"floor":8.0,"key":"TungstenRod"},{"floor":25.0,"key":"Shuriken"},{"floor":28,"key":"Bottled Lightning"}],"event_choices":[{"damage_healed":0.0,"max_hp_gain":5.0,"max_hp_loss":0.0,"gold_gain":0.0,"event_name":"Big Fish","player_choice":"Donut","floor":2.0,"gold_loss":0.0,"damage_taken":0.0},{"cards_removed":["Defend_B"],"damage_healed":0.0,"max_hp_gain":0.0,"max_hp_loss":0.0,"gold_gain":0.0,"event_name":"The Cleric","player_choice":"Card Removal","floor":3.0,"gold_loss":50.0,"damage_taken":0.0},{"damage_healed":0.0,"max_hp_gain":0.0,"max_hp_loss":0.0,"gold_gain":0.0,"event_name":"World of Goop","player_choice":"Left Gold","floor":14.0,"gold_loss":34.0,"damage_taken":0.0},{"damage_healed":0.0,"max_hp_gain":0.0,"max_hp_loss":0.0,"gold_gain":0.0,"event_name":"N\u0027loth","player_choice":"Traded Relic","floor":19.0,"relics_lost":["Blood Vial"],"gold_loss":0.0,"damage_taken":0.0,"relics_obtained":["Nloth\u0027s Gift"]},{"damage_healed":0.0,"max_hp_gain":0.0,"max_hp_loss":0.0,"gold_gain":0.0,"event_name":"Duplicator","player_choice":"Copied","floor":21.0,"gold_loss":0.0,"damage_taken":0.0,"cards_obtained":["Buffer"]},{"damage_healed":0,"gold_gain":0,"player_choice":"Simplicity","damage_taken":0,"max_hp_gain":0,"max_hp_loss":0,"event_name":"Back to Basics","floor":30,"gold_loss":0,"cards_upgraded":["Strike_B","Strike_B","Strike_B","Defend_B","Defend_B","Defend_B"]},{"damage_healed":0,"gold_gain":0,"player_choice":"Took Portal","damage_taken":0,"max_hp_gain":0,"max_hp_loss":0,"event_name":"SecretPortal","floor":37,"gold_loss":0}],"is_beta":false,"boss_relics":[{"not_picked":["Velvet Choker","Tiny House"],"picked":"Runic Pyramid"},{"not_picked":["Astrolabe","Fusion Hammer"],"picked":"Philosopher\u0027s Stone"}],"items_purged_floors":[12],"is_endless":false,"potions_floor_spawned":[4,5,8,10,16,18,22,24,25,31],"killed_by":"Donu and Deca","ascension_level":0}}