{"host":"nqsrckqog5ia9mbo","time":1609712772,"event":{"mods":["AchievementEnabler","BaseMod","Colored Map","Highlight Path","Minty Spire (QoL Compilation)"],"gold_per_floor":[113,131,131,306,319,352,368,368,395,395,395,406,19,19,19,120,120,134,134,151,151,151,151,184,184,184,209,209,222,222,233,233,335,335,353,353,373,2,22,47,47,72,141,141,71,86,86,113,113,113],"floor_reached":51,"playtime":2812,"items_purged":["Reprogram+1"],"score":854,"play_id":"b19e389e-8a56-4e8e-9b74-a35169a1724b","local_time":"20210103232612","is_ascension_mode":true,"campfire_choices":[{"data":"Genetic Algorithm","floor":8,"key":"SMITH"},{"floor":11,"key":"REST"},{"floor":15,"key":"REST"},{"data":"Defragment","floor":23,"key":"SMITH"},{"data":"Gash","floor":25,"key":"SMITH"},{"data":"Reboot","floor":28,"key":"SMITH"},{"floor":32,"key":"REST"},{"data":"Hologram","floor":41,"key":"SMITH"},{"data":"Glacier","floor":44,"key":"SMITH"},{"data":"Reboot","floor":47,"key":"SMITH"},{"floor":49,"key":"REST"}],"circlet_count":0,"master_deck":["Defend_B","Defend_B","Defend_B","Defend_B","Zap+1","Dualcast+1","Cold Snap+1","Gash","Gash+1","Genetic Algorithm+1","Gash","Defragment+1","All For One","Reboot+1","Gash","Coolheaded","Glacier+1","Turbo+1","Necronomicurse","Leap","Biased Cognition","Defragment+1","Undo+1","Hologram+1","Genetic Algorithm+1","Steam Power+1","Go for the Eyes+1","Reboot+1","Undo"],"relics":["Cracked Core","Vajra","Boot","Tiny Chest","Sozu","Matryoshka","Lantern","Sundial","Shuriken","Bag of Preparation","Necronomicon","Astrolabe","Calipers","Toy Ornithopter","PreservedInsect","Strawberry","Darkstone Periapt","Happy Flower"],"acts_visited":["Exordium","TheCity","TheBeyond"],"potions_floor_usage":[24,24],"damage_taken":[{"damage":0,"enemies":"Small Slimes","floor":1,"turns":3},{"damage":6,"enemies":"Jaw Worm","floor":2,"turns":3},{"damage":0,"enemies":"2 Louse","floor":5,"turns":3},{"damage":35,"enemies":"Gremlin Nob","floor":6,"turns":5},{"damage":1,"enemies":"2 Fungi Beasts","floor":7,"turns":3},{"damage":5,"enemies":"Looter","floor":12,"turns":3},{"damage":26,"enemies":"Hexaghost","floor":16,"turns":6},{"damage":1,"enemies":"Spheric Guardian","floor":18,"turns":3},{"damage":3,"enemies":"2 Thieves","floor":20,"turns":2},{"damage":15,"enemies":"Slavers","floor":24,"turns":3},{"damage":27,"enemies":"Gremlin Leader","floor":27,"turns":6},{"damage":0,"enemies":"Centurion and Healer","floor":29,"turns":4},{"damage":0,"enemies":"Snecko","floor":31,"turns":4},{"damage":41,"enemies":"Automaton","floor":33,"turns":9},{"damage":0,"enemies":"Orb Walker","floor":35,"turns":4},{"damage":0,"enemies":"3 Darklings","floor":37,"turns":5},{"damage":0,"enemies":"Maw","floor":39,"turns":6},{"damage":0,"enemies":"Giant Head","floor":40,"turns":9},{"damage":22,"enemies":"Reptomancer","floor":42,"turns":8},{"damage":0,"enemies":"Spire Growth","floor":46,"turns":3},{"damage":0,"enemies":"Awakened One","floor":50,"turns":14}],"seed_played":"-5068594550329297213","potions_obtained":[{"floor":1,"key":"Block Potion"},{"floor":2,"key":"Regen Potion"},{"floor":7,"key":"Fire Potion"},{"floor":12,"key":"FairyPotion"}],"is_trial":false,"path_per_floor":["M","M","?","?","M","E","M","R","T","?","R","M","$","?","R","B",null,"M","?","M","?","T","R","E","R","T","E","R","M","?","M","R","B",null,"M","?","M","$","M","E","R","E","T","R","$","M","R","T","R","B",null],"character_chosen":"DEFECT","items_purchased":["Defragment","All For One","Tiny Chest","Calipers","Reboot"],"campfire_rested":4,"item_purchase_floors":[13,13,13,38,45],"current_hp_per_floor":[75,69,62,62,62,27,26,26,26,26,48,43,43,28,50,24,75,74,74,71,71,71,71,56,56,56,29,29,29,13,13,35,22,75,75,75,75,75,75,75,75,53,60,60,60,60,60,60,82,82],"gold":113,"neow_bonus":"UPGRADE_CARD","is_daily":false,"chose_seed":false,"campfire_upgraded":7,"win_rate":0.0,"timestamp":1609712772,"path_taken":["M","M","?","?","M","E","M","R","T","?","R","M","$","?","R","BOSS","M","?","M","?","?","R","E","R","T","E","R","M","?","M","R","BOSS","M","?","?","$","M","E","R","E","T","R","$","M","R","?","R","BOSS"],"items_purchased_type":["Card","Card","Relic","Relic","Card"],"build_version":"2020-12-22","purchased_purges":1,"victory":true,"max_hp_per_floor":[75,75,75,75,75,75,75,75,75,75,75,75,75,75,75,75,75,75,75,75,75,75,75,75,75,75,75,75,75,75,75,75,75,75,75,75,75,75,75,75,75,75,82,82,82,82,82,82,82,82],"card_choices":[{"not_picked":["Darkness","Steam"],"picked":"Cold Snap","floor":1},{"not_picked":["Blizzard","Compile Driver"],"picked":"Gash","floor":2},{"not_picked":["Darkness","Blizzard"],"picked":"Gash","floor":5},{"not_picked":["Streamline","Turbo"],"picked":"Genetic Algorithm","floor":6},{"not_picked":["Ball Lightning","Thunder Strike","Compile Driver"],"picked":"SKIP","floor":7},{"not_picked":["Barrage","Skim"],"picked":"Gash","floor":12},{"not_picked":["Hyperbeam","Seek"],"picked":"Reboot","floor":16},{"not_picked":["Sweeping Beam+1","Rebound"],"picked":"Gash","floor":18},{"not_picked":["Barrage+1","Stack+1"],"picked":"Coolheaded","floor":20},{"not_picked":["BootSequence","Coolheaded","Lockon"],"picked":"SKIP","floor":24},{"not_picked":["Coolheaded","Sunder+1"],"picked":"Glacier","floor":27},{"not_picked":["Rip and Tear","Melter+1"],"picked":"Turbo+1","floor":29},{"not_picked":["Sweeping Beam","Stack"],"picked":"Leap","floor":31},{"not_picked":["Electrodynamics","Seek"],"picked":"Biased Cognition","floor":33},{"not_picked":["Cold Snap+1","Go for the Eyes"],"picked":"Hologram","floor":35},{"not_picked":["Compile Driver+1","Steam+1"],"picked":"Steam Power+1","floor":37},{"not_picked":["Glacier","Tempest+1","Cold Snap+1"],"picked":"SKIP","floor":39},{"not_picked":["Rebound","Sweeping Beam+1","Steam"],"picked":"SKIP","floor":40},{"not_picked":["Echo Form","Coolheaded"],"picked":"Go for the Eyes+1","floor":42},{"not_picked":["Tempest","Beam Cell+1"],"picked":"Undo","floor":46}],"player_experience":125011,"relics_obtained":[{"floor":6,"key":"Vajra"},{"floor":9,"key":"Boot"},{"floor":22,"key":"Matryoshka"},{"floor":24,"key":"Lantern"},{"floor":26,"key":"Sundial"},{"floor":26,"key":"Shuriken"},{"floor":27,"key":"Bag of Preparation"},{"floor":30,"key":"Necronomicon"},{"floor":40,"key":"Toy Ornithopter"},{"floor":42,"key":"PreservedInsect"},{"floor":43,"key":"Strawberry"},{"floor":43,"key":"Darkstone Periapt"},{"floor":48,"key":"Happy Flower"}],"event_choices":[{"cards_removed":["Strike_B"],"damage_healed":0,"gold_gain":0,"player_choice":"Card Removal","damage_taken":7,"max_hp_gain":0,"max_hp_loss":0,"event_name":"Golden Wing","floor":3,"gold_loss":0},{"damage_healed":0,"gold_gain":175,"player_choice":"AGREE","damage_taken":0,"max_hp_gain":0,"max_hp_loss":0,"event_name":"Liars Game","floor":4,"gold_loss":0,"cards_obtained":["Doubt"]},{"cards_removed":["Doubt"],"damage_healed":0,"gold_gain":0,"player_choice":"Forget","damage_taken":0,"max_hp_gain":0,"max_hp_loss":0,"event_name":"Living Wall","floor":10,"gold_loss":0},{"damage_healed":0,"gold_gain":0,"player_choice":"Entered Light","damage_taken":15,"max_hp_gain":0,"max_hp_loss":0,"event_name":"Shining Light","floor":14,"gold_loss":0,"cards_upgraded":["Dualcast","Cold Snap"]},{"damage_healed":0,"gold_gain":0,"player_choice":"Ignored","damage_taken":0,"max_hp_gain":0,"max_hp_loss":0,"event_name":"Vampires","floor":19,"gold_loss":0},{"damage_healed":0,"gold_gain":0,"player_choice":"Ignored","damage_taken":0,"max_hp_gain":0,"max_hp_loss":0,"event_name":"Ghosts","floor":21,"gold_loss":0},{"damage_healed":0,"gold_gain":0,"player_choice":"Obtained Book","damage_taken":16,"max_hp_gain":0,"max_hp_loss":0,"event_name":"Cursed Tome","floor":30,"gold_loss":0},{"damage_healed":0,"gold_gain":0,"player_choice":"Copied","damage_taken":0,"max_hp_gain":0,"max_hp_loss":0,"event_name":"Duplicator","floor":36,"gold_loss":0,"cards_obtained":["Genetic Algorithm"]}],"is_beta":false,"boss_relics":[{"not_picked":["SlaversCollar","Runic Pyramid"],"picked":"Sozu"},{"not_picked":["SacredBark","Empty Cage"],"picked":"Astrolabe"}],"items_purged_floors":[38],"is_endless":false,"potions_floor_spawned":[1,2,7,12,16,18,31,33,39,40,42,46],"ascension_level":1}}