{"host":"p4zclu0beiy6gkiq","time":1609656851,"event":{"mods":["AchievementEnabler","BaseMod","Bestiary","Colored Map","Colored Powertips","DeckTracker","Minty Spire (QoL Compilation)","Quick Restart","StSLib","SuperFastMode","The Cursed"],"gold_per_floor":[114,132,57,70,70,70,103,103,130,149,164,189,89,116,116,220,220,234,109,138,63,76,76,104,104,131,146,171,171,199,215,215,310,310,321,334,65,65,65,91,91,91,173,173,21,53,53,88,88,88,88,88,88,113,113],"floor_reached":56,"playtime":5941,"items_purged":["Defend_G","Defend_G","Defend_G"],"score":1523,"play_id":"b6fd36a6-66a3-4d87-ad09-dd67230bb504","local_time":"20210103155411","is_ascension_mode":true,"campfire_choices":[{"data":"Neutralize","floor":6.0,"key":"SMITH"},{"data":"Blur","floor":8.0,"key":"SMITH"},{"data":"Bouncing Flask","floor":15.0,"key":"SMITH"},{"data":"Adrenaline","floor":23.0,"key":"SMITH"},{"data":"PiercingWail","floor":25.0,"key":"SMITH"},{"data":"Endless Agony","floor":29.0,"key":"SMITH"},{"floor":32.0,"key":"RECALL"},{"data":"Night Terror","floor":41,"key":"SMITH"},{"data":"Master of Strategy","floor":44,"key":"SMITH"},{"data":"Madness","floor":47,"key":"SMITH"},{"data":"Madness","floor":49,"key":"SMITH"},{"data":"Poisoned Stab","floor":52,"key":"SMITH"}],"circlet_count":0,"master_deck":["Strike_G","Strike_G","Strike_G","Survivor+1","Neutralize+1","Poisoned Stab+1","Blur+1","Bouncing Flask+1","Dagger Throw","Endless Agony+1","Crippling Poison","PiercingWail+1","Adrenaline+1","Slice+1","Catalyst+1","Malaise+1","PiercingWail+1","Night Terror+1","Deflect+1","Backflip","Master of Strategy+1","Footwork+1","Madness+1","Madness+1","Catalyst+1","Wraith Form v2"],"relics":["Ring of the Serpent","Happy Flower","Snake Skull","Nunchaku","Bronze Scales","Coffee Dripper","Red Mask","Bag of Marbles","War Paint","Ice Cream","Ancient Tea Set","Letter Opener","Strange Spoon","Juzu Bracelet","Darkstone Periapt","Anchor"],"acts_visited":["Exordium","TheCity","TheBeyond","TheEnding"],"potions_floor_usage":[50,54],"damage_taken":[{"damage":1.0,"enemies":"Jaw Worm","floor":1.0,"turns":6.0},{"damage":4.0,"enemies":"Small Slimes","floor":2.0,"turns":3.0},{"damage":0.0,"enemies":"2 Louse","floor":4.0,"turns":3.0},{"damage":9.0,"enemies":"3 Sentries","floor":7.0,"turns":10.0},{"damage":2.0,"enemies":"2 Fungi Beasts","floor":10.0,"turns":3.0},{"damage":10.0,"enemies":"Exordium Thugs","floor":11.0,"turns":4.0},{"damage":0.0,"enemies":"Lagavulin","floor":12.0,"turns":4.0},{"damage":5.0,"enemies":"Gremlin Nob","floor":14.0,"turns":3.0},{"damage":0.0,"enemies":"Hexaghost","floor":16.0,"turns":6.0},{"damage":6.0,"enemies":"2 Thieves","floor":18.0,"turns":3.0},{"damage":1.0,"enemies":"Masked Bandits","floor":20.0,"turns":3.0},{"damage":0.0,"enemies":"3 Byrds","floor":22.0,"turns":2.0},{"damage":0.0,"enemies":"Book of Stabbing","floor":24.0,"turns":3.0},{"damage":0.0,"enemies":"Snake Plant","floor":27.0,"turns":2.0},{"damage":1.0,"enemies":"Slavers","floor":28.0,"turns":3.0},{"damage":1.0,"enemies":"Book of Stabbing","floor":30.0,"turns":3.0},{"damage":0.0,"enemies":"Shelled Parasite and Fungi","floor":31.0,"turns":3.0},{"damage":19.0,"enemies":"Automaton","floor":33.0,"turns":8.0},{"damage":0.0,"enemies":"3 Darklings","floor":35.0,"turns":4.0},{"damage":0.0,"enemies":"Orb Walker","floor":36.0,"turns":3.0},{"damage":17.0,"enemies":"Nemesis","floor":40.0,"turns":7.0},{"damage":0,"enemies":"Giant Head","floor":46,"turns":3},{"damage":0,"enemies":"Nemesis","floor":48,"turns":5},{"damage":34,"enemies":"Time Eater","floor":50,"turns":5},{"damage":11,"enemies":"Shield and Spear","floor":54,"turns":4},{"damage":42,"enemies":"The Heart","floor":55,"turns":5}],"seed_played":"-5400048443715797518","potions_obtained":[{"floor":1.0,"key":"Block Potion"},{"floor":4.0,"key":"Block Potion"},{"floor":7.0,"key":"Energy Potion"},{"floor":10.0,"key":"SpeedPotion"},{"floor":14.0,"key":"Block Potion"},{"floor":18.0,"key":"AttackPotion"},{"floor":20.0,"key":"Dexterity Potion"},{"floor":28.0,"key":"SkillPotion"},{"floor":31.0,"key":"ColorlessPotion"},{"floor":36.0,"key":"Block Potion"},{"floor":40,"key":"FearPotion"}],"is_trial":false,"path_per_floor":["M","M","$","M","?","R","E","R","T","M","M","E","$","E","R","B",null,"M","$","?","?","M","R","E","R","T","M","E","R","E","M","R","B",null,"M","M","$","?","?","E","R","?","T","R","$","E","R","E","R","B",null,"R","$","E","B",null],"character_chosen":"THE_SILENT","items_purchased":["Master of Strategy","Footwork","Strange Spoon"],"campfire_rested":0,"item_purchase_floors":[37,37,45],"current_hp_per_floor":[62,58,58,58,51,51,42,42,42,40,30,30,30,25,25,25,63,57,57,56,56,56,56,56,56,56,56,55,55,54,54,54,35,63,63,63,63,55,55,38,38,38,38,38,38,38,38,38,38,4,63,63,63,52,10],"gold":113,"neow_bonus":"REMOVE_TWO","is_daily":false,"chose_seed":false,"campfire_upgraded":11,"win_rate":0.0,"timestamp":1609656851,"path_taken":["M","M","$","M","?","R","E","R","T","M","M","E","$","E","R","BOSS","M","$","?","?","M","R","E","R","T","M","E","R","E","?","R","BOSS","M","M","$","?","?","E","R","?","T","R","$","E","R","E","R","BOSS","R","$","E","BOSS"],"items_purchased_type":["Card","Card","Relic"],"build_version":"2020-12-22","purchased_purges":3,"victory":true,"max_hp_per_floor":[63,63,63,63,63,63,63,63,63,63,63,63,63,63,63,63,63,63,63,63,63,63,63,63,63,63,63,63,63,63,63,63,63,63,63,63,63,63,63,63,63,63,63,63,63,63,63,63,63,63,63,63,63,63,63],"card_choices":[{"not_picked":["Heel Hook","Slice"],"picked":"Flying Knee","floor":1.0},{"not_picked":["Skewer","Masterful Stab"],"picked":"Poisoned Stab","floor":2.0},{"not_picked":["Deflect","Dagger Throw"],"picked":"Blur","floor":4.0},{"not_picked":["Cloak And Dagger","Underhanded Strike"],"picked":"Bouncing Flask","floor":7.0},{"not_picked":["Slice","Tactician"],"picked":"Dagger Throw","floor":10.0},{"not_picked":["Finisher","Dodge and Roll"],"picked":"Endless Agony","floor":11.0},{"not_picked":["Quick Slash","Eviscerate"],"picked":"Crippling Poison","floor":12.0},{"not_picked":["Doppelganger","Caltrops"],"picked":"PiercingWail","floor":14.0},{"not_picked":["Die Die Die","Venomology"],"picked":"Adrenaline","floor":16.0},{"not_picked":["Dagger Spray","Sucker Punch"],"picked":"Slice+1","floor":18.0},{"not_picked":["Poisoned Stab","Sucker Punch+1"],"picked":"Catalyst+1","floor":20.0},{"not_picked":["Dodge and Roll","Cloak And Dagger","Dagger Spray"],"picked":"SKIP","floor":22.0},{"not_picked":["Bane","Cloak And Dagger","Dodge and Roll"],"picked":"SKIP","floor":24.0},{"not_picked":["Masterful Stab","Dagger Throw","Infinite Blades"],"picked":"SKIP","floor":27.0},{"not_picked":["Skewer","Dagger Throw"],"picked":"Malaise","floor":28.0},{"not_picked":["Flechettes","Slice+1"],"picked":"PiercingWail+1","floor":30.0},{"not_picked":["Prepared","Choke+1","Outmaneuver"],"picked":"SKIP","floor":31.0},{"not_picked":["Unload","Doppelganger"],"picked":"Night Terror","floor":33.0},{"not_picked":["Acrobatics","Underhanded Strike+1"],"picked":"Deflect+1","floor":35.0},{"not_picked":["Dodge and Roll","Bane"],"picked":"Backflip","floor":36.0},{"not_picked":["Dodge and Roll","Heel Hook+1","Calculated Gamble+1"],"picked":"SKIP","floor":40},{"not_picked":["Distraction+1","PiercingWail","Cloak And Dagger"],"picked":"SKIP","floor":46},{"not_picked":["Distraction+1","PiercingWail","Cloak And Dagger"],"picked":"SKIP","floor":46},{"not_picked":["Calculated Gamble","Quick Slash"],"picked":"Catalyst+1","floor":48},{"not_picked":["Dagger Throw","Flechettes+1"],"picked":"Wraith Form v2","floor":54}],"player_experience":126674,"relics_obtained":[{"floor":7.0,"key":"Happy Flower"},{"floor":9.0,"key":"Snake Skull"},{"floor":12.0,"key":"Nunchaku"},{"floor":14.0,"key":"Bronze Scales"},{"floor":20.0,"key":"Red Mask"},{"floor":24.0,"key":"Bag of Marbles"},{"floor":28.0,"key":"War Paint"},{"floor":30.0,"key":"Ice Cream"},{"floor":40,"key":"Ancient Tea Set"},{"floor":43,"key":"Letter Opener"},{"floor":46,"key":"Juzu Bracelet"},{"floor":48,"key":"Darkstone Periapt"},{"floor":54,"key":"Anchor"}],"event_choices":[{"cards_removed":["Strike_G"],"damage_healed":0.0,"max_hp_gain":0.0,"max_hp_loss":0.0,"gold_gain":0.0,"event_name":"Golden Wing","player_choice":"Card Removal","floor":5.0,"gold_loss":0.0,"damage_taken":7.0},{"damage_healed":0.0,"max_hp_gain":0.0,"max_hp_loss":0.0,"gold_gain":0.0,"event_name":"Masked Bandits","player_choice":"Fought Bandits","floor":20.0,"gold_loss":0.0,"damage_taken":0.0},{"cards_removed":["Strike_G"],"damage_healed":0.0,"max_hp_gain":0.0,"max_hp_loss":0.0,"gold_gain":0.0,"event_name":"Beggar","player_choice":"Gave Gold","floor":21.0,"gold_loss":75.0,"damage_taken":0.0},{"damage_healed":0.0,"max_hp_gain":0.0,"max_hp_loss":0.0,"gold_gain":0.0,"event_name":"Winding Halls","player_choice":"Embrace Madness","floor":38.0,"gold_loss":0.0,"damage_taken":8.0,"cards_obtained":["Madness","Madness"]},{"cards_removed":["Flying Knee"],"damage_healed":0.0,"max_hp_gain":0.0,"max_hp_loss":0.0,"gold_gain":0.0,"event_name":"Falling","player_choice":"Removed Attack","floor":39.0,"gold_loss":0.0,"damage_taken":0.0},{"damage_healed":0,"gold_gain":0,"player_choice":"Upgraded","damage_taken":0,"max_hp_gain":0,"max_hp_loss":0,"event_name":"Upgrade Shrine","floor":42,"gold_loss":0,"cards_upgraded":["Footwork"]}],"is_beta":false,"boss_relics":[{"not_picked":["WristBlade","Runic Dome"],"picked":"Coffee Dripper"},{"not_picked":["Empty Cage","SacredBark"],"picked":"Ring of the Serpent"}],"items_purged_floors":[3,13,19],"is_endless":false,"potions_floor_spawned":[1,4,7,10,14,18,20,28,31,36,40],"ascension_level":2}}