{"host":"5fasz840ryq7obdf","time":1609679341,"event":{"mods":["2.2 Compatiblity","AchievementEnabler","BaseMod","Bestiary","Better Altar","Better Skull","Better Third Choice","BetterRewards","Block Reminder","Colored Powertips","Curses Come First","Downfall","Minty Spire (QoL Compilation)","Quick Restart","Relic Sorter","Relic Stats","Shop Mod","Spicy Shops","StSLib","SuperFastMode","ojb\u0027s Better Paths Mod","ojb\u0027s Info Mod"],"gold_per_floor":[111,0,150,150,162,162,188,188,237,257,301,0,15,15,15,108,108,133,133,113,133,51,87,362,396,396,396,414,414,447,384,384,483,483,501,525,525,545,576,610,610,633,633,673,39,78,103,121,121,121,121,121,121,9,52,52],"floor_reached":57,"playtime":3439,"items_purged":["Strike_G","Doubt","Regret","Strike_G","Strike_G","Defend_G"],"score":3737,"play_id":"13f92386-9fa8-44b0-bfa5-a1d6f8184300","local_time":"20210103130901","is_ascension_mode":true,"campfire_choices":[{"floor":6,"key":"REST"},{"data":"1","floor":15,"key":"LIFT"},{"data":"2","floor":27,"key":"LIFT"},{"data":"3","floor":29,"key":"LIFT"},{"data":"Tools of the Trade","floor":32,"key":"SMITH"},{"floor":41,"key":"RECALL"},{"data":"Footwork","floor":49,"key":"SMITH"},{"data":"Footwork","floor":53,"key":"SMITH"}],"circlet_count":0,"master_deck":["AscendersBane","Strike_G","Defend_G","Defend_G","Defend_G","Defend_G","Survivor","Neutralize","Cloak And Dagger","Prepared","Calculated Gamble+1","Blur+1","Crippling Poison+1","Cloak And Dagger+1","Blur+1","Slice","Riddle With Holes","Infinite Blades","Leg Sweep+1","Accuracy","Adrenaline+1","Accuracy","Cloak And Dagger+1","Infinite Blades","Envenom","Blade Dance+1","Leg Sweep+1","Storm of Steel+1","Well Laid Plans+1","Finisher","Tools of the Trade+1","Backflip+1","Dodge and Roll+1","Night Terror+1","Prepared+1","Footwork+1","Blade Dance+1","Terror+1","Wraith Form v2","Acrobatics+1","Phantasmal Killer+1","Tactician+1","Backflip+1","Footwork+1","Adrenaline+1","Outmaneuver+1","Well Laid Plans","Finisher"],"relics":["Ring of the Snake","Omamori","Happy Flower","Nunchaku","Girya","Incense Burner","Kunai","Shuriken","Lantern","HandDrill","ClockworkSouvenir","Membership Card","Calipers","Toxic Egg 2","Orrery","Thread and Needle","PreservedInsect","FossilizedHelix","Ninja Scroll","Sling","Tough Bandages","Ornamental Fan","HornCleat","Matryoshka","Golden Idol","Akabeko","Regal Pillow","Mummified Hand","Paper Crane","Black Star","Art of War","Lizard Tail","Bronze Scales","White Beast Statue","Dream Catcher","Bag of Marbles","Meat on the Bone","HoveringKite","Turnip","Pocketwatch","Smiling Mask","The Courier","Singing Bowl","Potion Belt","Oddly Smooth Stone","Mercury Hourglass","Bottled Tornado","Blue Candle","Centennial Puzzle","Boot","Ginger","Dead Branch"],"acts_visited":["Exordium","TheCity","TheBeyond","TheEnding"],"potions_floor_usage":[56,56],"damage_taken":[{"damage":0,"enemies":"Small Slimes","floor":1,"turns":2},{"damage":0,"enemies":"Jaw Worm","floor":5,"turns":2},{"damage":0,"enemies":"Gremlin Nob","floor":7,"turns":1},{"damage":0,"enemies":"2 Louse","floor":10,"turns":1},{"damage":0,"enemies":"Lagavulin","floor":11,"turns":1},{"damage":0,"enemies":"Exordium Wildlife","floor":13,"turns":1},{"damage":0,"enemies":"The Guardian","floor":16,"turns":6},{"damage":0,"enemies":"Shell Parasite","floor":18,"turns":2},{"damage":0,"enemies":"Chosen","floor":21,"turns":3},{"damage":0,"enemies":"Slavers","floor":23,"turns":2},{"damage":0,"enemies":"Gremlin Leader","floor":25,"turns":3},{"damage":0,"enemies":"Snecko","floor":28,"turns":3},{"damage":0,"enemies":"Book of Stabbing","floor":30,"turns":3},{"damage":0,"enemies":"Automaton","floor":33,"turns":5},{"damage":0,"enemies":"Orb Walker","floor":35,"turns":2},{"damage":0,"enemies":"3 Shapes","floor":36,"turns":4},{"damage":0,"enemies":"Sphere and 2 Shapes","floor":38,"turns":3},{"damage":0,"enemies":"Mind Bloom Boss Battle","floor":39,"turns":3},{"damage":0,"enemies":"Giant Head","floor":40,"turns":1},{"damage":0,"enemies":"Writhing Mass","floor":42,"turns":4},{"damage":0,"enemies":"Reptomancer","floor":44,"turns":1},{"damage":0,"enemies":"Giant Head","floor":46,"turns":3},{"damage":0,"enemies":"Jaw Worm Horde","floor":47,"turns":1},{"damage":0,"enemies":"Spire Growth","floor":48,"turns":3},{"damage":0,"enemies":"Time Eater","floor":50,"turns":5},{"damage":0,"enemies":"Awakened One","floor":51,"turns":6},{"damage":0,"enemies":"Shield and Spear","floor":55,"turns":3},{"damage":0,"enemies":"The Heart","floor":56,"turns":7}],"seed_played":"6598232964242998191","potions_obtained":[{"floor":1,"key":"Weak Potion"},{"floor":11,"key":"EntropicBrew"},{"floor":18,"key":"FearPotion"},{"floor":30,"key":"Strength Potion"},{"floor":33,"key":"CunningPotion"},{"floor":46,"key":"Energy Potion"},{"floor":47,"key":"Strength Potion"}],"is_trial":false,"path_per_floor":["M","$","?","?","M","R","E","?","T","M","E","$","M","?","R","B",null,"M","?","$","M","$","E","?","E","T","R","M","R","E","$","R","B",null,"M","M","?","M","?","E","R","M","T","E","$","E","M","M","R","B","B",null,"R","$","E","B",null],"character_chosen":"THE_SILENT","items_purchased":["Shuriken","Lantern","HandDrill","Cloak And Dagger","ClockworkSouvenir","Membership Card","Kunai","Calipers","Prepared","Toxic Egg 2","Calculated Gamble+1","Blur+1","Orrery","Infinite Blades","PreservedInsect","Incense Burner","Leg Sweep+1","Ninja Scroll","Accuracy","Sling","Adrenaline+1","Ornamental Fan","Girya","Accuracy","Cloak And Dagger+1","HornCleat","Envenom","Blade Dance+1","Paper Crane","Tools of the Trade","Backflip+1","Footwork","Nunchaku","Outmaneuver+1","Well Laid Plans","Potion Belt","GhostInAJar","Oddly Smooth Stone","Mercury Hourglass","Bottled Tornado","Blue Candle","Boot","Finisher"],"campfire_rested":1,"item_purchase_floors":[0,0,0,0,0,0,0,0,0,0,0,0,0,0,0,0,0,0,0,0,0,0,0,0,0,0,2,2,12,12,12,20,22,45,45,45,45,45,45,45,45,54,54],"current_hp_per_floor":[18,18,18,7,7,26,26,26,26,26,26,26,26,26,26,26,52,52,52,52,52,52,52,52,52,52,52,52,52,52,52,52,52,58,58,58,58,58,58,58,58,58,58,58,58,60,62,64,64,64,64,66,66,66,68,68],"gold":52,"neow_bonus":"","is_daily":false,"chose_seed":false,"campfire_upgraded":3,"win_rate":0.0,"timestamp":1609679341,"path_taken":["M","$","?","?","M","R","E","?","T","?","E","$","M","?","R","BOSS","M","?","$","?","$","E","?","E","T","R","M","R","E","$","R","BOSS","M","M","?","M","?","E","R","M","T","E","$","E","M","M","R","BOSS","BOSS","R","$","E","BOSS"],"items_purchased_type":["Relic","Relic","Relic","Card","Relic","Relic","Relic","Relic","Card","Relic","Card","Card","Relic","Card","Relic","Relic","Card","Relic","Card","Relic","Card","Relic","Relic","Card","Card","Relic","Card","Card","Relic","Card","Card","Card","Relic","Card","Card","Relic","Potion","Relic","Relic","Relic","Relic","Relic","Card"],"build_version":"2020-12-22","purchased_purges":6,"victory":true,"max_hp_per_floor":[66,66,66,66,66,66,66,60,60,60,60,60,60,60,60,60,60,60,60,60,60,60,60,60,60,60,60,60,60,60,60,60,60,60,60,60,60,60,60,60,60,60,60,60,60,62,64,66,66,66,66,66,66,66,68,68],"relic_stats":{"Regal Pillow":0,"Singing Bowl":8,"HoveringKite":[31],"Ginger":[4],"Smiling Mask":148,"Boot":[110],"Nunchaku":[41],"Tough Bandages":[420],"Lizard Tail":0,"Dream Catcher":0,"Centennial Puzzle":[27],"Mummified Hand":[297],"HandDrill":[62],"Kunai":[84],"Ring of the Snake":[56],"Happy Flower":[51],"counters":[148,613],"Golden Idol":418,"Blue Candle":[0],"Dead Branch":[22],"PreservedInsect":1055,"Mercury Hourglass":[90],"Shuriken":[120],"Ornamental Fan":[336],"Bronze Scales":[542],"Turnip":[5],"Black Star":7,"Art of War":[32],"obtain_stats":[{"TwistedFunnel":44,"Golden Egg":53,"Whetstone":43,"Ginger":55,"Bottled Tornado":46,"Boot":25,"Sling":0,"Old Coin":19,"Blood Vial":48,"Replay:Ringing Soul":11,"MealTicket":8,"HandDrill":0,"Kunai":27,"Replay:Wax Seal":0,"Pear":31,"Blue Candle":45,"Pen Nib":49,"Replay:Ancient Bell":34,"Paper Crane":0,"Akabeko":9,"Bird Faced Urn":0,"Pandora\u0027s Box":19,"Kintsugi":17,"Abe\u0027s Treasure":17,"Lantern":49,"Regal Pillow":27,"Torii":0,"Singing Bowl":44,"StoneCalendar":29,"Ancient Tea Set":6,"Smiling Mask":40,"Shovel":8,"Matryoshka":7,"Ninja Scroll":0,"Ring of Peace":5,"Toolbox":40,"WingedGreaves":39,"Chemical X":44,"Ring of Panic":19,"InkBottle":44,"Ring of the Snake":0,"Potion Belt":25,"The Specimen":0,"Golden Idol":3,"Basket Of Snakes":0,"Thread and Needle":0,"PreservedInsect":0,"The Courier":15,"Omamori":31,"Ring of Greed":19,"MawBank":3,"Replay:Arrowhead":42,"Ornamental Fan":44,"Orrery":0,"Turnip":34,"Art of War":0,"Garlic":10,"Durian":29,"ReplayTheSpireMod:Ring of Challenge":5,"ReplayTheSpireMod:Lightbulb":8,"Ice Cream":43,"Divine Protection":31,"Calipers":0,"Vajra":0,"HoveringKite":34,"Centennial Puzzle":50,"Lizard Tail":23,"HornCleat":25,"Strawberry":25,"Honey Jar":36,"Prayer Wheel":15,"Iron Hammer":9,"Toxic Egg 2":0,"Girya":0,"Happy Flower":0,"ReplayTheSpireMod:CursedCoin":23,"Dead Branch":55,"Oddly Smooth Stone":44,"Letter Opener":10,"War Paint":10,"Question Card":46,"Du-Vu Doll":48,"OrangePellets":0,"Replay:Baseball":55,"ReplayTheSpireMod:Shallot":13,"Shuriken":25,"Bronze Scales":48,"Simple Rune":42,"Black Star":19,"ReplayTheSpireMod:TigerMarble":25,"Mirror":27,"ReplayTheSpireMod:DimensionalGlitch":36,"Meat on the Bone":30,"Pocketwatch":40,"ReplayFunnel":22,"Darkstone Periapt":48,"Mango":46,"Snake Skull":23,"Sizzling Blood":3,"Juzu Bracelet":31,"Incense Burner":0,"ClockworkSouvenir":0,"Nunchaku":11,"Dream Catcher":31,"Replay:Bandana":8,"Tough Bandages":0,"Chameleon Ring":45,"Mummified Hand":49,"Tiny Chest":24,"Red Mask":33,"Replay:Bottled Snecko":47,"BargainBundle":0,"Replay:Towering Pillar of Hats":54,"Quantum Egg":50,"Replay:WaspNest":21,"Orichalcum":27,"White Beast Statue":11,"Mercury Hourglass":38,"Strange Spoon":0,"Anchor":45,"Bag of Marbles":25,"Membership Card":0,"TungstenRod":0,"FossilizedHelix":10},{"TwistedFunnel":21,"Golden Egg":88,"Whetstone":51,"Ginger":119,"Bottled Tornado":22,"Boot":11,"Sling":120,"Old Coin":101,"Blood Vial":86,"Replay:Ringing Soul":32,"MealTicket":96,"HandDrill":59,"Kunai":12,"Replay:Wax Seal":90,"Pear":76,"Blue Candle":141,"Pen Nib":86,"Replay:Ancient Bell":108,"Paper Crane":0,"Akabeko":123,"Bird Faced Urn":27,"Pandora\u0027s Box":37,"Kintsugi":100,"Abe\u0027s Treasure":68,"Lantern":24,"Regal Pillow":73,"Torii":90,"Singing Bowl":141,"StoneCalendar":41,"Ancient Tea Set":62,"Smiling Mask":139,"Shovel":64,"Matryoshka":123,"Ninja Scroll":120,"Ring of Peace":61,"Toolbox":49,"WingedGreaves":18,"Chemical X":21,"Ring of Panic":101,"InkBottle":21,"Ring of the Snake":0,"Potion Belt":72,"The Specimen":90,"Golden Idol":61,"Basket Of Snakes":59,"Thread and Needle":120,"PreservedInsect":0,"The Courier":35,"Omamori":43,"Ring of Greed":101,"MawBank":1,"Replay:Arrowhead":20,"Ornamental Fan":21,"Orrery":57,"Turnip":108,"Art of War":0,"Garlic":32,"Durian":74,"ReplayTheSpireMod:Ring of Challenge":61,"ReplayTheSpireMod:Lightbulb":4,"Ice Cream":21,"Divine Protection":13,"Calipers":120,"Vajra":0,"HoveringKite":77,"Centennial Puzzle":25,"Lizard Tail":130,"HornCleat":11,"Strawberry":40,"Honey Jar":15,"Prayer Wheel":35,"Iron Hammer":64,"Toxic Egg 2":120,"Girya":59,"Happy Flower":90,"ReplayTheSpireMod:CursedCoin":39,"Dead Branch":147,"Oddly Smooth Stone":21,"Letter Opener":64,"War Paint":97,"Question Card":22,"Du-Vu Doll":23,"OrangePellets":57,"Replay:Baseball":89,"ReplayTheSpireMod:Shallot":5,"Shuriken":72,"Bronze Scales":23,"Simple Rune":20,"Black Star":9,"ReplayTheSpireMod:TigerMarble":105,"Mirror":12,"ReplayTheSpireMod:DimensionalGlitch":46,"Meat on the Bone":133,"Pocketwatch":139,"ReplayFunnel":10,"Darkstone Periapt":53,"Mango":115,"Snake Skull":39,"Sizzling Blood":91,"Juzu Bracelet":107,"Incense Burner":120,"ClockworkSouvenir":120,"Nunchaku":5,"Dream Catcher":13,"Replay:Bandana":31,"Tough Bandages":120,"Chameleon Ring":84,"Mummified Hand":24,"Tiny Chest":72,"Red Mask":45,"Replay:Bottled Snecko":115,"BargainBundle":0,"Replay:Towering Pillar of Hats":88,"Quantum Egg":25,"Replay:WaspNest":102,"Orichalcum":40,"White Beast Statue":65,"Mercury Hourglass":80,"Strange Spoon":90,"Anchor":21,"Bag of Marbles":72,"Membership Card":0,"TungstenRod":0,"FossilizedHelix":5},{"TwistedFunnel":117,"Golden Egg":427,"Whetstone":243,"Ginger":526,"Bottled Tornado":123,"Boot":58,"Sling":532,"Old Coin":465,"Blood Vial":414,"Replay:Ringing Soul":168,"MealTicket":450,"HandDrill":286,"Kunai":65,"Replay:Wax Seal":434,"Pear":378,"Blue Candle":585,"Pen Nib":414,"Replay:Ancient Bell":485,"Paper Crane":0,"Akabeko":537,"Bird Faced Urn":154,"Pandora\u0027s Box":186,"Kintsugi":463,"Abe\u0027s Treasure":339,"Lantern":133,"Regal Pillow":365,"Torii":434,"Singing Bowl":585,"StoneCalendar":197,"Ancient Tea Set":307,"Smiling Mask":580,"Shovel":317,"Matryoshka":537,"Ninja Scroll":532,"Ring of Peace":299,"Toolbox":232,"WingedGreaves":98,"Chemical X":117,"Ring of Panic":465,"InkBottle":117,"Ring of the Snake":0,"Potion Belt":359,"The Specimen":434,"Golden Idol":299,"Basket Of Snakes":286,"Thread and Needle":532,"PreservedInsect":0,"The Courier":178,"Omamori":205,"Ring of Greed":465,"MawBank":3,"Replay:Arrowhead":110,"Ornamental Fan":117,"Orrery":277,"Turnip":485,"Art of War":0,"Garlic":168,"Durian":371,"ReplayTheSpireMod:Ring of Challenge":299,"ReplayTheSpireMod:Lightbulb":17,"Ice Cream":117,"Divine Protection":71,"Calipers":532,"Vajra":0,"HoveringKite":383,"Centennial Puzzle":138,"Lizard Tail":553,"HornCleat":58,"Strawberry":194,"Honey Jar":82,"Prayer Wheel":178,"Iron Hammer":317,"Toxic Egg 2":532,"Girya":286,"Happy Flower":434,"ReplayTheSpireMod:CursedCoin":191,"Dead Branch":606,"Oddly Smooth Stone":117,"Letter Opener":317,"War Paint":453,"Question Card":123,"Du-Vu Doll":128,"OrangePellets":277,"Replay:Baseball":429,"ReplayTheSpireMod:Shallot":26,"Shuriken":359,"Bronze Scales":128,"Simple Rune":110,"Black Star":46,"ReplayTheSpireMod:TigerMarble":477,"Mirror":65,"ReplayTheSpireMod:DimensionalGlitch":218,"Meat on the Bone":562,"Pocketwatch":580,"ReplayFunnel":49,"Darkstone Periapt":253,"Mango":508,"Snake Skull":191,"Sizzling Blood":437,"Juzu Bracelet":481,"Incense Burner":532,"ClockworkSouvenir":532,"Nunchaku":26,"Dream Catcher":71,"Replay:Bandana":165,"Tough Bandages":532,"Chameleon Ring":409,"Mummified Hand":133,"Tiny Chest":359,"Red Mask":212,"Replay:Bottled Snecko":508,"BargainBundle":0,"Replay:Towering Pillar of Hats":427,"Quantum Egg":138,"Replay:WaspNest":469,"Orichalcum":194,"White Beast Statue":323,"Mercury Hourglass":393,"Strange Spoon":434,"Anchor":117,"Bag of Marbles":359,"Membership Card":0,"TungstenRod":0,"FossilizedHelix":26}],"Meat on the Bone":0,"Pocketwatch":[0]},"card_choices":[{"not_picked":["Dagger Spray","Sucker Punch"],"picked":"Crippling Poison+1","floor":0},{"not_picked":["Quick Slash","Flying Knee"],"picked":"Cloak And Dagger+1","floor":0},{"not_picked":["Cloak And Dagger+1","Acrobatics+1"],"picked":"Blur+1","floor":0},{"not_picked":["Bane","Deadly Poison+1"],"picked":"Slice","floor":0},{"not_picked":["Bane","Dash"],"picked":"Riddle With Holes","floor":0},{"not_picked":["Poisoned Stab","All Out Attack"],"picked":"Infinite Blades","floor":1},{"not_picked":["Dagger Spray","Caltrops"],"picked":"Leg Sweep+1","floor":5},{"not_picked":["Sucker Punch","Slice"],"picked":"Storm of Steel+1","floor":7},{"not_picked":["Dagger Spray","All Out Attack"],"picked":"Well Laid Plans","floor":10},{"not_picked":["Dagger Throw","Bane"],"picked":"Finisher","floor":11},{"not_picked":["Backstab","Heel Hook"],"picked":"Dodge and Roll+1","floor":13},{"not_picked":["Envenom","Storm of Steel+1"],"picked":"Night Terror+1","floor":16},{"not_picked":["Well Laid Plans","Deadly Poison+1"],"picked":"Prepared+1","floor":18},{"not_picked":["Dodge and Roll+1","Well Laid Plans"],"picked":"Blade Dance+1","floor":21},{"not_picked":["Caltrops","Dagger Spray"],"picked":"Terror+1","floor":23},{"not_picked":["Backflip+1","Dodge and Roll+1"],"picked":"Wraith Form v2","floor":25},{"not_picked":["Dash","Quick Slash","Slice"],"picked":"SKIP","floor":28},{"not_picked":["Underhanded Strike","Deflect+1"],"picked":"Acrobatics+1","floor":30},{"not_picked":["Venomology+1","Tools of the Trade"],"picked":"Phantasmal Killer+1","floor":33},{"not_picked":["Terror+1","Blade Dance+1"],"picked":"Tactician+1","floor":35},{"not_picked":["Flying Knee","Underhanded Strike","Eviscerate"],"picked":"SKIP","floor":36},{"not_picked":["Slice","Setup+1","Quick Slash"],"picked":"SKIP","floor":38},{"not_picked":["Backstab","Noxious Fumes"],"picked":"Backflip+1","floor":39},{"not_picked":["Terror+1","Deflect+1","PiercingWail+1"],"picked":"SKIP","floor":40},{"not_picked":["Outmaneuver+1","Acrobatics+1"],"picked":"Footwork","floor":42},{"not_picked":["Bane+1","Acrobatics+1"],"picked":"Adrenaline+1","floor":44},{"not_picked":["Sucker Punch","Grand Finale","Prepared+1"],"picked":"Singing Bowl","floor":46},{"not_picked":["Deadly Poison+1","Blade Dance+1","Cloak And Dagger+1"],"picked":"Singing Bowl","floor":47},{"not_picked":["Dagger Spray","Quick Slash+1","Dagger Throw"],"picked":"Singing Bowl","floor":48},{"not_picked":["Grand Finale","Prepared+1","Endless Agony"],"picked":"Singing Bowl","floor":55}],"player_experience":1428946,"relics_obtained":[{"floor":7,"key":"Matryoshka"},{"floor":9,"key":"Akabeko"},{"floor":9,"key":"Regal Pillow"},{"floor":11,"key":"Mummified Hand"},{"floor":23,"key":"Art of War"},{"floor":23,"key":"Lizard Tail"},{"floor":25,"key":"Bronze Scales"},{"floor":25,"key":"White Beast Statue"},{"floor":26,"key":"Dream Catcher"},{"floor":26,"key":"Happy Flower"},{"floor":30,"key":"Bag of Marbles"},{"floor":30,"key":"Meat on the Bone"},{"floor":39,"key":"Turnip"},{"floor":40,"key":"Pocketwatch"},{"floor":40,"key":"Smiling Mask"},{"floor":44,"key":"The Courier"},{"floor":44,"key":"Singing Bowl"},{"floor":46,"key":"Omamori"},{"floor":46,"key":"Centennial Puzzle"},{"floor":55,"key":"Ginger"},{"floor":55,"key":"Dead Branch"}],"event_choices":[{"damage_healed":0,"gold_gain":150,"player_choice":"AGREE","damage_taken":0,"max_hp_gain":0,"max_hp_loss":0,"event_name":"betterThird:BetterSerpent","floor":3,"gold_loss":0},{"damage_healed":0,"gold_gain":1,"player_choice":"LEAVE","damage_taken":11,"max_hp_gain":0,"max_hp_loss":0,"event_name":"betterThird:BetterScrap","floor":4,"gold_loss":0,"cards_obtained":["Barricade"]},{"damage_healed":0,"gold_gain":0,"player_choice":"Lose Max HP","damage_taken":0,"relics_obtained":["Golden Idol"],"max_hp_gain":0,"max_hp_loss":6,"event_name":"Golden Idol","floor":8,"gold_loss":0},{"damage_healed":0,"gold_gain":0,"player_choice":"Grow","damage_taken":0,"max_hp_gain":0,"max_hp_loss":0,"event_name":"Living Wall","floor":14,"gold_loss":0,"cards_upgraded":["Well Laid Plans"]},{"damage_healed":0,"gold_gain":0,"player_choice":"Ignored","damage_taken":0,"max_hp_gain":0,"max_hp_loss":0,"event_name":"N\u0027loth","floor":19,"gold_loss":0},{"damage_healed":0,"gold_gain":275,"player_choice":"Desecrate","damage_taken":0,"max_hp_gain":0,"max_hp_loss":0,"event_name":"Golden Shrine","floor":24,"gold_loss":0,"cards_obtained":["Regret"]},{"cards_removed":["Strike_G"],"damage_healed":0,"gold_gain":0,"player_choice":"Removed Attack","damage_taken":0,"max_hp_gain":0,"max_hp_loss":0,"event_name":"Falling","floor":37,"gold_loss":0},{"damage_healed":0,"gold_gain":0,"player_choice":"Fight","damage_taken":0,"max_hp_gain":0,"max_hp_loss":0,"event_name":"MindBloom","floor":39,"gold_loss":0}],"is_beta":false,"boss_relics":[{"not_picked":["Pandora\u0027s Box","Sozu"],"picked":"Black Star"},{"not_picked":["SacredBark","Empty Cage"],"picked":"HoveringKite"}],"items_purged_floors":[0,12,31,45,45,54],"is_endless":false,"potions_floor_spawned":[1,11,13,18,28,30,33,35,36,38,39,40,42,44,46,47,48,55],"ascension_level":20}}