{"host":"t4s40kl3r64vu0u6","time":1609634450,"event":{"mods":["BaseMod","Colored Map","Googly Eyes","Highlight Path","Minty Spire (QoL Compilation)","READ ME - Snecko Mod","StSLib","slay the spire mod where everything is the same but ironclad has a cowboy hat"],"gold_per_floor":[109,109,123,136,151,190,190,216,216,216,216],"floor_reached":10,"playtime":742,"items_purged":[],"score":88,"play_id":"4ae23ffb-f08e-4e49-b7b0-bd4a6118ea27","local_time":"20210102194050","is_ascension_mode":true,"campfire_choices":[{"floor":7,"key":"REST"}],"circlet_count":0,"master_deck":["Strike_G","Strike_G","Strike_G","Strike_G","Strike_G","Defend_G","Defend_G","Defend_G","Defend_G","Defend_G","Survivor","Neutralize","Blur","Regret","PiercingWail","Sucker Punch","Outmaneuver","Caltrops","Crippling Poison"],"relics":["Ring of the Snake","NeowsBlessing","Potion Belt","CeramicFish","White Beast Statue"],"acts_visited":["Exordium"],"potions_floor_usage":[6,6,10],"damage_taken":[{"damage":0,"enemies":"Jaw Worm","floor":1,"turns":1},{"damage":0,"enemies":"Small Slimes","floor":3,"turns":1},{"damage":0,"enemies":"2 Louse","floor":4,"turns":1},{"damage":13,"enemies":"Exordium Thugs","floor":5,"turns":7},{"damage":50,"enemies":"Lagavulin","floor":6,"turns":13},{"damage":18,"enemies":"Red Slaver","floor":8,"turns":7},{"damage":11,"enemies":"3 Sentries","floor":10,"turns":4}],"seed_played":"-7582967922133396925","potions_obtained":[{"floor":3,"key":"SteroidPotion"},{"floor":4,"key":"PowerPotion"},{"floor":6,"key":"Weak Potion"}],"is_trial":false,"path_per_floor":["M","?","M","M","M","E","R","M","T","E"],"character_chosen":"THE_SILENT","items_purchased":[],"campfire_rested":1,"item_purchase_floors":[],"current_hp_per_floor":[70,70,70,70,57,7,28,10,10,0,0],"gold":216,"neow_bonus":"THREE_ENEMY_KILL","is_daily":false,"chose_seed":false,"campfire_upgraded":0,"win_rate":0.0,"timestamp":1609634450,"path_taken":["M","?","M","M","M","E","R","M","T","E"],"items_purchased_type":[],"build_version":"2020-12-22","purchased_purges":0,"victory":false,"max_hp_per_floor":[70,70,70,70,70,70,70,70,70,70,70],"card_choices":[{"not_picked":["Poisoned Stab","PiercingWail"],"picked":"Blur","floor":1},{"not_picked":["Underhanded Strike","Dagger Throw"],"picked":"PiercingWail","floor":3},{"not_picked":["Accuracy","Flying Knee"],"picked":"Sucker Punch","floor":4},{"not_picked":["Glass Knife","Poisoned Stab"],"picked":"Outmaneuver","floor":5},{"not_picked":["Bouncing Flask","Blade Dance"],"picked":"Caltrops","floor":6},{"not_picked":["Predator","Bane"],"picked":"Crippling Poison","floor":8}],"player_experience":234106,"relics_obtained":[{"floor":6,"key":"CeramicFish"},{"floor":9,"key":"White Beast Statue"}],"event_choices":[{"damage_healed":0,"gold_gain":0,"player_choice":"Box","damage_taken":0,"relics_obtained":["Potion Belt"],"max_hp_gain":0,"max_hp_loss":0,"event_name":"Big Fish","floor":2,"gold_loss":0,"cards_obtained":["Regret"]}],"is_beta":false,"boss_relics":[],"items_purged_floors":[],"is_endless":false,"potions_floor_spawned":[3,4,6],"killed_by":"3 Sentries","ascension_level":5}}