{"host":"r1nmrm6ty8vc3zop","time":1609717415,"event":{"mods":["AchievementEnabler","BaseMod","Hermit","Minty Spire (QoL Compilation)","Replay The Spire","StSLib","The Cursed","The Servant 0.9.4"],"gold_per_floor":[111,122,122,122,136,157,157,195,195,195,213,17,17,17],"floor_reached":13,"playtime":792,"items_purged":[],"score":85,"play_id":"11d018d4-d942-4e8e-b618-32d0ae74f22f","local_time":"20210103184335","is_ascension_mode":false,"campfire_choices":[{"data":"hermit:FullyLoaded","floor":7,"key":"SMITH"}],"circlet_count":0,"master_deck":["hermit:Strike_Hermit","hermit:Strike_Hermit","hermit:Strike_Hermit","hermit:Strike_Hermit","hermit:Defend_Hermit","hermit:Defend_Hermit","hermit:Defend_Hermit","hermit:Defend_Hermit","hermit:Snapshot","hermit:Covet","hermit:CalledShot","hermit:Enervate","Injury","hermit:Grudge","hermit:FullyLoaded+1","Pain","Transmutation"],"relics":["hermit:Momento","NeowsBlessing","ReplayTheSpireMod:Lightbulb","Golden Idol","Singing Bowl","WarpedTongs"],"acts_visited":["Exordium"],"potions_floor_usage":[11],"damage_taken":[{"damage":0,"enemies":"Small Slimes","floor":1,"turns":1},{"damage":0,"enemies":"Jaw Worm","floor":2,"turns":1},{"damage":0,"enemies":"2 Louse","floor":5,"turns":1},{"damage":4,"enemies":"Gremlin Gang","floor":6,"turns":3},{"damage":38,"enemies":"Replay:BlueRogue","floor":8,"turns":8},{"damage":5,"enemies":"Looter","floor":11,"turns":3},{"damage":0,"enemies":"Gremlin Nob","floor":13,"turns":3}],"seed_played":"9194694564568322833","potions_obtained":[{"floor":8,"key":"Block Potion"}],"is_trial":false,"path_per_floor":["M","M","?","?","M","M","R","E","T","?","M","$","E"],"character_chosen":"HERMIT","items_purchased":["Transmutation"],"campfire_rested":0,"item_purchase_floors":[12],"current_hp_per_floor":[75,75,63,63,63,59,59,23,23,23,20,20,20,20],"gold":17,"neow_bonus":"THREE_ENEMY_KILL","is_daily":false,"chose_seed":false,"campfire_upgraded":1,"win_rate":0.0,"timestamp":1609717415,"path_taken":["M","M","?","?","M","M","R","E","T","?","?","$","E"],"items_purchased_type":["Card"],"build_version":"2020-12-22","purchased_purges":0,"victory":false,"max_hp_per_floor":[75,75,75,75,75,75,75,77,77,77,79,79,79,79],"card_choices":[{"not_picked":["hermit:LowProfile","hermit:HighCaliber"],"picked":"hermit:CalledShot","floor":1},{"not_picked":["hermit:ItchyTrigger","hermit:HoleUp"],"picked":"hermit:Enervate","floor":2},{"not_picked":["hermit:Quickdraw","hermit:BodyArmor"],"picked":"hermit:Grudge","floor":5},{"not_picked":["hermit:WideOpen","hermit:HoleUp"],"picked":"hermit:FullyLoaded","floor":6},{"not_picked":["hermit:CursedWeapon","hermit:HoleUp","hermit:Quickdraw"],"picked":"Singing Bowl","floor":8},{"not_picked":["hermit:Misfire","hermit:Ricochet","hermit:Roulette"],"picked":"Singing Bowl","floor":11}],"player_experience":346177,"relics_obtained":[{"floor":8,"key":"Singing Bowl"}],"event_choices":[{"damage_healed":0,"gold_gain":0,"player_choice":"Success","damage_taken":12,"relics_obtained":["ReplayTheSpireMod:Lightbulb"],"max_hp_gain":0,"max_hp_loss":0,"event_name":"Scrap Ooze","floor":3,"gold_loss":0},{"damage_healed":0,"gold_gain":0,"player_choice":"Take Wound","damage_taken":0,"relics_obtained":["Golden Idol"],"max_hp_gain":0,"max_hp_loss":0,"event_name":"Golden Idol","floor":4,"gold_loss":0,"cards_obtained":["Injury"]},{"damage_healed":0,"gold_gain":0,"player_choice":"Rummage","damage_taken":0,"relics_obtained":["WarpedTongs"],"max_hp_gain":0,"max_hp_loss":0,"event_name":"Accursed Blacksmith","floor":10,"gold_loss":0,"cards_obtained":["Pain"]}],"is_beta":false,"boss_relics":[],"items_purged_floors":[],"is_endless":false,"potions_floor_spawned":[8],"killed_by":"Gremlin Nob","ascension_level":0}}