{"host":"xwqwvmlzre68xjvm","time":1609651400,"event":{"mods":["BaseMod","Colored Map","Colored Powertips","Hermit","Minty Spire (QoL Compilation)","Replay The Spire","StSLib","SuperFastMode","Td1madao Mod","The Bug Knight","The Cursed","The Hierophant","The Runesmith"],"gold_per_floor":[117,117,117,192,192,223,240,0,47,47,61,61,94,113,113,113,113,213,213,226,226,236,256,256,285,200,200,253,285,285,295,326,326,326,326,326,429,429,449,449,466,476,523,523,550,550,577,595,595,625,64,82,82,82,82,82,1,30,30,30],"floor_reached":59,"playtime":2526,"items_purged":["Strike_G"],"score":848,"play_id":"7a1816ed-fb3b-4238-be7f-cb5113a61d49","local_time":"20210103142320","is_ascension_mode":true,"campfire_choices":[{"floor":12,"key":"RECALL"},{"floor":17,"key":"REST"},{"data":"After Image","floor":27,"key":"SMITH"},{"floor":30,"key":"REST"},{"floor":36,"key":"REST"},{"floor":44,"key":"REST"},{"floor":46,"key":"REST"},{"floor":49,"key":"REST"},{"floor":53,"key":"REST"},{"data":"Crow Ritual","floor":56,"key":"SMITH"}],"circlet_count":0,"master_deck":["Defend_G","Defend_G","Defend_G","Neutralize","Backstab","Backflip+1","Flying Knee+1","Panache","Fluid Movement","Blade Dance+1","After Image+1","Pot Of Greed+1","Pot Of Greed+1","CommonCold","ReplayTheSpireMod:Splinters","ReplayTheSpireMod:Restless Dread","Choke+1","Backstab+1","Outmaneuver+1","Outmaneuver+1","Pot Of Greed+1","Escape Plan+1","Quick Slash+1","Die Die Die+1","A Thousand Cuts","ReplayTheSpireMod:Shiv Toss+1","Decay","Slice+1","Hidden Blade+1","Hidden Blade+1","ReplayTheSpireMod:Speed Training+1","Backflip+1","Deflect+1","Pot Of Greed+1","Terror+1","Crow Ritual+1","Distraction+1","Venomology+1","Endless Agony+1","Slice+1","Hidden Blade+1","Flash of Steel+1","Escape Plan+1"],"relics":["Ring of the Snake","NeowsBlessing","Toxic Egg 2","Molten Egg 2","Paper Crane","Onion Ring","Replay:Ancient Bell","Grinning Jar","Kunai","Du-Vu Doll","Orichalcum","ReplayFunnel","Omamori","Dream Catcher","Quantum Egg","Enchiridion","Kintsugi","Ice Cream","Shuriken","Bronze Scales","Replay:Bottled Steam","Bag of Marbles","Orrery","ReplayTheSpireMod:Ninjato"],"acts_visited":["Exordium","TheCity","TheBeyond","TheEnding"],"potions_floor_usage":[22,25,32,32,37,43,52,54,54,58,59,59],"damage_taken":[{"damage":0,"enemies":"Small Slimes","floor":1,"turns":1},{"damage":0,"enemies":"Lagavulin","floor":6,"turns":1},{"damage":0,"enemies":"2 Louse","floor":7,"turns":1},{"damage":0,"enemies":"Cultist","floor":11,"turns":3},{"damage":4,"enemies":"Replay:BlueRogue","floor":13,"turns":4},{"damage":8,"enemies":"Exordium Thugs","floor":14,"turns":3},{"damage":0,"enemies":"Slime Boss","floor":18,"turns":4},{"damage":6,"enemies":"3 Byrds","floor":20,"turns":5},{"damage":0,"enemies":"2 Thieves","floor":22,"turns":2},{"damage":0,"enemies":"Centurion and Healer","floor":23,"turns":3},{"damage":5,"enemies":"Book of Stabbing","floor":25,"turns":3},{"damage":7,"enemies":"Gremlin Leader","floor":29,"turns":5},{"damage":0,"enemies":"Snecko","floor":31,"turns":3},{"damage":0,"enemies":"Slavers","floor":32,"turns":5},{"damage":11,"enemies":"Automaton","floor":37,"turns":6},{"damage":0,"enemies":"3 Darklings","floor":39,"turns":2},{"damage":1,"enemies":"3 Shapes","floor":41,"turns":3},{"damage":0,"enemies":"3 Darklings","floor":42,"turns":3},{"damage":67,"enemies":"2 Orb Walkers","floor":43,"turns":4},{"damage":2,"enemies":"Reptomancer","floor":45,"turns":3},{"damage":0,"enemies":"Jaw Worm Horde","floor":48,"turns":1},{"damage":15,"enemies":"Nemesis","floor":50,"turns":3},{"damage":2,"enemies":"Maw","floor":52,"turns":4},{"damage":7,"enemies":"Replay:Hell Engine","floor":54,"turns":7},{"damage":0,"enemies":"Shield and Spear","floor":58,"turns":3},{"damage":79,"enemies":"The Heart","floor":59,"turns":3}],"seed_played":"4968951840843868054","potions_obtained":[{"floor":1,"key":"Fire Potion"},{"floor":7,"key":"DistilledChaos"},{"floor":11,"key":"Poison Potion"},{"floor":14,"key":"Adrenaline Potion"},{"floor":23,"key":"Toxic Potion"},{"floor":32,"key":"Swift Potion"},{"floor":37,"key":"Regen Potion"},{"floor":43,"key":"SteroidPotion"},{"floor":45,"key":"SteroidPotion"},{"floor":48,"key":"Poison Potion"}],"is_trial":false,"path_per_floor":["M","?","?","?","?","E","M","$","T","T","M","R","E","M","R_BF","PTL","R","B",null,"M","?","M","M","?","E","?","R","T","E","R","M","E","?","R_BF","PTL","R","B",null,"M","?","M","M","?","R","E","R","T","M","R","E","$","M","R","B",null,"R","$","E","B"],"character_chosen":"THE_SILENT","items_purchased":["Panache","Fluid Movement","Bag of Marbles","Crow Ritual","Orrery","Flash of Steel+1"],"campfire_rested":7,"item_purchase_floors":[8,8,51,51,51,57],"current_hp_per_floor":[70,63,63,52,52,52,52,52,52,52,52,52,48,40,40,40,61,61,70,64,64,64,64,51,46,46,46,46,39,61,61,61,45,45,45,67,56,75,75,75,74,74,16,38,36,58,58,58,75,60,60,58,75,68,75,75,75,75,0,0],"gold":30,"neow_bonus":"THREE_ENEMY_KILL","is_daily":false,"chose_seed":false,"campfire_upgraded":2,"win_rate":0.0,"timestamp":1609651400,"path_taken":["M","?","?","?","?","E","?","?","T","?","?","R","E","M","R_BF","PTL","R","BOSS","M","?","M","M","?","E","?","R","T","E","R","M","E","?","R_BF","PTL","R","BOSS","M","?","?","M","?","R","E","R","T","M","R","E","$","M","R","BOSS","R","$","E","BOSS"],"items_purchased_type":["Card","Card","Relic","Card","Relic","Card"],"build_version":"2020-12-22","purchased_purges":1,"victory":false,"max_hp_per_floor":[70,70,70,70,70,70,70,70,70,70,70,70,70,70,70,70,70,70,70,70,70,70,70,75,75,75,75,75,75,75,75,75,75,75,75,75,75,75,75,75,75,75,75,75,75,75,75,75,75,75,75,75,75,75,75,75,75,75,75,75],"card_choices":[{"not_picked":["Heel Hook","Draining Mist"],"picked":"Backstab","floor":1},{"not_picked":["Skewer+1","Deflect+1"],"picked":"Backflip+1","floor":6},{"not_picked":["Bouncing Flask+1","Blur+1"],"picked":"Flying Knee+1","floor":7},{"not_picked":["Leg Sweep+1","PiercingWail+1"],"picked":"Blade Dance+1","floor":11},{"not_picked":["Calculated Gamble+1","ReplayTheSpireMod:Tripwire+1","Sucker Punch+1"],"picked":"SKIP","floor":13},{"not_picked":["Well Laid Plans","Tactician+1","Underhanded Strike+1"],"picked":"SKIP","floor":14},{"not_picked":["Unload+1","Burst+1"],"picked":"After Image","floor":18},{"not_picked":["Hallucinations","hermit:ImpendingDoom"],"picked":"CommonCold","floor":19},{"not_picked":["AbeCurse","hermit:ImpendingDoom"],"picked":"ReplayTheSpireMod:Splinters","floor":19},{"not_picked":["Writhe","Hallucinations"],"picked":"ReplayTheSpireMod:Restless Dread","floor":19},{"not_picked":["Catalyst+1","Flechettes+1"],"picked":"Choke+1","floor":20},{"not_picked":["Dodge and Roll+1","Dagger Spray+1"],"picked":"Backstab+1","floor":22},{"not_picked":["Choke+1","Underhanded Strike+1"],"picked":"Outmaneuver+1","floor":23},{"not_picked":["Bouncing Flask+1","Doppelganger+1"],"picked":"Outmaneuver+1","floor":25},{"not_picked":["Bane+1","Backflip+1"],"picked":"Escape Plan+1","floor":29},{"not_picked":["PiercingWail+1","Bane+1"],"picked":"Quick Slash+1","floor":30},{"not_picked":["Poisoned Stab+1","ReplayTheSpireMod:The Works+1","Leg Sweep+1"],"picked":"SKIP","floor":31},{"not_picked":["Outmaneuver+1","Poisoned Stab+1"],"picked":"Die Die Die+1","floor":32},{"not_picked":["Wraith Form v2","Burst+1"],"picked":"A Thousand Cuts","floor":37},{"not_picked":["Dagger Throw+1","Outmaneuver+1"],"picked":"ReplayTheSpireMod:Shiv Toss+1","floor":39},{"not_picked":["Acrobatics+1","Well Laid Plans+1"],"picked":"Slice+1","floor":41},{"not_picked":["Fluid Movement+1","Slice+1"],"picked":"Hidden Blade+1","floor":42},{"not_picked":["Slice+1","Dodge and Roll+1"],"picked":"Hidden Blade+1","floor":43},{"not_picked":["Leg Sweep+1","Prepared+1"],"picked":"ReplayTheSpireMod:Speed Training+1","floor":44},{"not_picked":["Underhanded Strike+1","Sneak Up+1","Dagger Throw+1"],"picked":"SKIP","floor":45},{"not_picked":["Leg Sweep+1","Reflex+1"],"picked":"Backflip+1","floor":46},{"not_picked":["Bouncing Flask+1","Corpse Explosion+1","Noxious Fumes"],"picked":"SKIP","floor":48},{"not_picked":["Poisoned Stab+1","Backflip+1"],"picked":"Deflect+1","floor":49},{"not_picked":["Masterful Stab+1","Expertise+1"],"picked":"Terror+1","floor":50},{"not_picked":["Backflip+1","Skewer+1"],"picked":"Distraction+1","floor":51},{"not_picked":["Terror+1","Choke+1"],"picked":"Venomology+1","floor":51},{"not_picked":["Footwork","Dodge and Roll+1"],"picked":"Endless Agony+1","floor":51},{"not_picked":["Underhanded Strike+1","Deflect+1"],"picked":"Slice+1","floor":52},{"not_picked":["Well Laid Plans+1","Flying Knee+1"],"picked":"Hidden Blade+1","floor":53},{"not_picked":["Poisoned Stab+1","Calculated Gamble+1"],"picked":"Escape Plan+1","floor":58}],"player_experience":35498,"relics_obtained":[{"floor":5,"key":"Toxic Egg 2"},{"floor":6,"key":"Molten Egg 2"},{"floor":10,"key":"Paper Crane"},{"floor":13,"key":"Onion Ring"},{"floor":25,"key":"Orichalcum"},{"floor":28,"key":"Omamori"},{"floor":29,"key":"Dream Catcher"},{"floor":32,"key":"Quantum Egg"},{"floor":33,"key":"Enchiridion"},{"floor":43,"key":"Ice Cream"},{"floor":45,"key":"Shuriken"},{"floor":47,"key":"Bronze Scales"},{"floor":50,"key":"Replay:Bottled Steam"},{"floor":58,"key":"ReplayTheSpireMod:Ninjato"}],"event_choices":[{"cards_removed":["Defend_G"],"damage_healed":0,"gold_gain":0,"player_choice":"Card Removal","damage_taken":7,"max_hp_gain":0,"max_hp_loss":0,"event_name":"Golden Wing","floor":2,"gold_loss":0},{"damage_healed":0,"gold_gain":75,"player_choice":"Gather Gold","damage_taken":11,"max_hp_gain":0,"max_hp_loss":0,"event_name":"World of Goop","floor":4,"gold_loss":0},{"damage_healed":0,"gold_gain":0,"player_choice":"Relic","damage_taken":0,"max_hp_gain":0,"max_hp_loss":0,"event_name":"Wheel of Change","floor":5,"gold_loss":0},{"damage_healed":0,"gold_gain":0,"player_choice":"Ignored","damage_taken":0,"max_hp_gain":0,"max_hp_loss":0,"event_name":"Ghosts","floor":21,"gold_loss":0},{"damage_healed":0,"gold_gain":0,"player_choice":"Shed Blood","damage_taken":18,"max_hp_gain":5,"max_hp_loss":0,"event_name":"Forgotten Altar","floor":24,"gold_loss":0},{"damage_healed":0,"gold_gain":0,"player_choice":"Obtained Relic","damage_taken":0,"relics_obtained":["ReplayFunnel"],"max_hp_gain":0,"max_hp_loss":0,"event_name":"Addict","floor":26,"gold_loss":85},{"damage_healed":0,"gold_gain":0,"player_choice":"Obtained Book","damage_taken":16,"max_hp_gain":0,"max_hp_loss":0,"event_name":"Cursed Tome","floor":33,"gold_loss":0},{"damage_healed":0,"gold_gain":0,"player_choice":"Cursed","damage_taken":0,"max_hp_gain":0,"max_hp_loss":0,"event_name":"Wheel of Change","floor":40,"gold_loss":0,"cards_obtained":["Decay"]},{"damage_healed":0,"gold_gain":0,"player_choice":"Fight","damage_taken":0,"max_hp_gain":0,"max_hp_loss":0,"event_name":"Mysterious Sphere","floor":43,"gold_loss":0}],"is_beta":false,"boss_relics":[{"not_picked":["Runic Dome","Empty Cage"],"picked":"Replay:Ancient Bell"},{"not_picked":["Snake Skull","Replay:Wax Seal"],"picked":"Grinning Jar"},{"not_picked":["HollowMod:LifeEnderRelic","InkBottle"],"picked":"Kunai"},{"not_picked":["Girya","Unceasing Top"],"picked":"Du-Vu Doll"},{"not_picked":["Sozu","Coffee Dripper"],"picked":"Kintsugi"}],"items_purged_floors":[51],"is_endless":false,"potions_floor_spawned":[1,7,11,14,23,32,37,43,45,48,52],"killed_by":"The Heart","ascension_level":1}}