{"host":"utqe55yv0jihe4d6","time":1609689517,"event":{"mods":["2.2 Compatiblity","AchievementEnabler","BaseMod","Block Reminder","Colored Map","Colored Powertips","Minty Spire (QoL Compilation)","Quick Restart","Rare Cards Sparkle","Relic Stats","SuperFastMode"],"gold_per_floor":[361,18,29,29,39,39,49,89,112,112,155,181,181,181,181,181,181],"floor_reached":16,"playtime":564,"items_purged":["Normality"],"score":220,"play_id":"c1be4576-e4c4-457d-b60a-5faed5612bed","local_time":"20210103105837","is_ascension_mode":true,"campfire_choices":[{"data":"Corruption","floor":6,"key":"SMITH"},{"data":"True Grit","floor":10,"key":"SMITH"},{"data":"Pommel Strike","floor":15,"key":"SMITH"}],"circlet_count":0,"master_deck":["AscendersBane","Strike_R","Strike_R","Strike_R","Strike_R","Strike_R","Defend_R","Defend_R","Defend_R","Defend_R","Bash+1","Pommel Strike+1","Battle Trance","Pommel Strike+1","Corruption+1","Battle Trance","True Grit+1","Sentinel","Impervious","Flex"],"relics":["Burning Blood","Oddly Smooth Stone","CeramicFish","Potion Belt","Boot"],"acts_visited":["Exordium"],"potions_floor_usage":[8,11],"damage_taken":[{"damage":6,"enemies":"Cultist","floor":1,"turns":4},{"damage":1,"enemies":"Jaw Worm","floor":3,"turns":5},{"damage":7,"enemies":"2 Louse","floor":5,"turns":3},{"damage":13,"enemies":"Looter","floor":7,"turns":4},{"damage":28,"enemies":"Lagavulin","floor":8,"turns":5},{"damage":24,"enemies":"3 Sentries","floor":11,"turns":11},{"damage":3,"enemies":"Exordium Thugs","floor":12,"turns":4},{"damage":10,"enemies":"Hexaghost","floor":16,"turns":7}],"seed_played":"827622816083912542","potions_obtained":[{"floor":3,"key":"AttackPotion"},{"floor":5,"key":"EssenceOfSteel"},{"floor":11,"key":"Swift Potion"},{"floor":12,"key":"Energy Potion"}],"is_trial":false,"path_per_floor":["M","$","M","?","M","R","M","E","T","R","E","M","?","?","R","B"],"character_chosen":"IRONCLAD","items_purchased":["Oddly Smooth Stone","Battle Trance","Pommel Strike"],"campfire_rested":0,"item_purchase_floors":[2,2,2],"current_hp_per_floor":[68,68,73,73,72,72,65,43,43,43,25,28,5,10,10,0,0],"gold":181,"neow_bonus":"TWO_FIFTY_GOLD","is_daily":false,"chose_seed":false,"campfire_upgraded":3,"win_rate":0.0,"timestamp":1609689517,"path_taken":["M","$","?","?","M","R","?","E","T","R","E","M","?","?","R","BOSS"],"items_purchased_type":["Relic","Card","Card"],"build_version":"2020-12-22","purchased_purges":1,"victory":false,"max_hp_per_floor":[75,75,75,75,75,75,75,75,75,75,75,75,75,80,80,80,80],"relic_stats":{"counters":[8,43],"CeramicFish":27,"Boot":[0],"obtain_stats":[{"Potion Belt":9,"CeramicFish":8,"Oddly Smooth Stone":2,"Boot":11,"Burning Blood":0},{"Potion Belt":5,"CeramicFish":5,"Oddly Smooth Stone":1,"Boot":6,"Burning Blood":0},{"Potion Belt":21,"CeramicFish":21,"Oddly Smooth Stone":4,"Boot":32,"Burning Blood":0}],"Burning Blood":42},"card_choices":[{"not_picked":["Warcry","Bloodletting"],"picked":"Pommel Strike","floor":1},{"not_picked":["Iron Wave","Rupture","Heavy Blade"],"picked":"SKIP","floor":3},{"not_picked":["Iron Wave","Anger"],"picked":"Battle Trance","floor":5},{"not_picked":["Twin Strike","Flex"],"picked":"True Grit","floor":7},{"not_picked":["Pommel Strike","Iron Wave"],"picked":"Sentinel","floor":8},{"not_picked":["Sword Boomerang","Pummel"],"picked":"Impervious","floor":11},{"not_picked":["Hemokinesis","Rupture"],"picked":"Flex","floor":12}],"player_experience":2931992,"relics_obtained":[{"floor":8,"key":"CeramicFish"},{"floor":9,"key":"Potion Belt"},{"floor":11,"key":"Boot"}],"event_choices":[{"damage_healed":0,"gold_gain":0,"player_choice":"1 cards matched","damage_taken":0,"max_hp_gain":0,"max_hp_loss":0,"event_name":"Match and Keep!","floor":4,"gold_loss":0,"cards_obtained":["Corruption"]},{"damage_healed":0,"gold_gain":0,"player_choice":"Entered Light","damage_taken":23,"max_hp_gain":0,"max_hp_loss":0,"event_name":"Shining Light","floor":13,"gold_loss":0,"cards_upgraded":["Bash","Pommel Strike"]},{"damage_healed":0,"gold_gain":0,"player_choice":"Donut","damage_taken":0,"max_hp_gain":5,"max_hp_loss":0,"event_name":"Big Fish","floor":14,"gold_loss":0}],"is_beta":false,"boss_relics":[],"items_purged_floors":[2],"is_endless":false,"potions_floor_spawned":[3,5,11,12],"killed_by":"Hexaghost","ascension_level":20}}