{"host":"2apb6gwm2fj4theg","time":1609680651,"event":{"mods":["2.2 Compatiblity","AlwaysNeverKeys","BaseMod","Halation","Infinite Spire","Minty Spire (QoL Compilation)","Replay The Spire","Shop Mod","Small Relic Pack","StSLib","The Animator"],"gold_per_floor":[127,149,160,188,202,202,222,37,37,110,110,137,137,151,151,271,296,314,367,22,44,44,44,69,83,108,108,128,128,128],"floor_reached":29,"playtime":2863,"items_purged":[],"score":225,"play_id":"e7d4a9fe-8add-41dd-8741-a167e16c2223","local_time":"20210103153051","is_ascension_mode":false,"campfire_choices":[{"floor":6.0,"key":"REST"},{"floor":11.0,"key":"REST"},{"floor":15.0,"key":"REST"},{"floor":23.0,"key":"REST"},{"floor":27.0,"key":"REST"}],"circlet_count":0,"master_deck":["animator:Strike_Fate","animator:Defend_Fate","animator:Strike","animator:Strike","animator:Strike+1","animator:Defend","animator:Defend","animator:Defend","animator:Alexander","animator:Rider","animator:Lancer","animator:RoyMustang","animator:Berserker","animator:Archer","animator:Assassin","animator:Darkness","animator:HououinKyouma","animator:Mitsurugi","animator:Rider","animator:Gilgamesh+4","animator:Alexander","animator:Millim+1","animator:Illya","animator:TukaLunaMarceau","animator:Greed","animator:Cocytus+1"],"relics":["animator:LivingPicture","animator:TheMissingPiece","Pet Ghost","Odd Mushroom","Meat on the Bone","infinitespire:WardingShard","animator:HolyGrailRelic","Red Mask","Shuriken","Quantum Egg","halation:LettersToHer"],"acts_visited":["Exordium","TheCity"],"potions_floor_usage":[],"damage_taken":[{"damage":0.0,"enemies":"2 Louse","floor":1.0,"turns":3.0},{"damage":9.0,"enemies":"Jaw Worm","floor":2.0,"turns":6.0},{"damage":5.0,"enemies":"Small Slimes","floor":3.0,"turns":4.0},{"damage":0.0,"enemies":"3 Louse","floor":4.0,"turns":2.0},{"damage":22.0,"enemies":"Exordium Wildlife","floor":5.0,"turns":5.0},{"damage":19.0,"enemies":"The Mushroom Lair","floor":7.0,"turns":4.0},{"damage":48.0,"enemies":"Lagavulin","floor":12.0,"turns":7.0},{"damage":0.0,"enemies":"Blue Slaver","floor":14.0,"turns":4.0},{"damage":47.0,"enemies":"The Guardian","floor":16.0,"turns":12.0},{"damage":5.0,"enemies":"3 Byrds","floor":18.0,"turns":6.0},{"damage":46.0,"enemies":"Masked Bandits","floor":19.0,"turns":6.0},{"damage":3.0,"enemies":"2 Thieves","floor":21.0,"turns":4.0},{"damage":12.0,"enemies":"Snake Plant","floor":25.0,"turns":6.0},{"damage":45.0,"enemies":"Cultist and Chosen","floor":28.0,"turns":8.0},{"damage":0,"enemies":"Chosen and Byrds","floor":29,"turns":1}],"seed_played":"-1676923047739395204","potions_obtained":[{"floor":3.0,"key":"SkillPotion"},{"floor":5.0,"key":"SteroidPotion"},{"floor":7.0,"key":"LiquidBronze"},{"floor":19.0,"key":"Strength Potion"},{"floor":21.0,"key":"Death Potion"}],"is_trial":false,"path_per_floor":["M","M","M","M","M","R","?","$","T","?","R","E","?","M","R","B",null,"M","?","$","M","?","R","T","M","T","R","M","M"],"character_chosen":"THE_ANIMATOR","items_purchased":["animator:HououinKyouma","Shuriken","animator:Illya","Adrenaline Potion"],"campfire_rested":5,"item_purchase_floors":[8,20,20,20],"current_hp_per_floor":[66,57,53,53,32,52,33,33,33,33,53,17,17,29,49,14,76,71,36,36,47,47,68,68,59,59,75,42,42,42],"gold":128,"neow_bonus":"RANDOM_COMMON_RELIC","is_daily":false,"chose_seed":false,"campfire_upgraded":0,"win_rate":0.0,"timestamp":1609680651,"path_taken":["M","M","M","M","M","R","?","$","T","?","R","E","?","M","R","BOSS","M","?","$","M","?","R","?","?","T","R","M","M"],"items_purchased_type":["Card","Relic","Card","Potion"],"build_version":"2020-12-22","purchased_purges":0,"victory":false,"max_hp_per_floor":[66,66,67,67,68,68,68,68,68,68,68,68,68,68,68,68,76,73,70,70,72,72,72,72,75,75,75,72,72,72],"card_choices":[{"not_picked":["animator:Hakurou","animator:Sloth"],"picked":"animator:Lancer","floor":1.0},{"not_picked":["animator:Genos","animator:Demiurge"],"picked":"animator:RoyMustang","floor":2.0},{"not_picked":["animator:Arpeggio","animator:Sonic"],"picked":"animator:Berserker","floor":3.0},{"not_picked":["animator:Berserker","animator:Caster"],"picked":"animator:Archer","floor":4.0},{"not_picked":["animator:Bozes","animator:TukaLunaMarceau"],"picked":"animator:Assassin","floor":5.0},{"not_picked":["animator:LeleiLaLalena","animator:Alexander"],"picked":"animator:Darkness","floor":7.0},{"not_picked":["animator:TukaLunaMarceau","animator:Geryuganshoop"],"picked":"animator:Mitsurugi","floor":12.0},{"not_picked":["animator:Shalltear","animator:Pride"],"picked":"animator:Rider","floor":14.0},{"not_picked":["animator:Saitama","animator:Boros"],"picked":"animator:Gilgamesh","floor":16.0},{"not_picked":["animator:Caster","animator:Rider"],"picked":"animator:Alexander","floor":18.0},{"not_picked":["animator:Hakurou+1","animator:Tatsumaki"],"picked":"animator:Millim+1","floor":19.0},{"not_picked":["animator:Mitsurugi","animator:Rider"],"picked":"animator:TukaLunaMarceau","floor":21.0},{"not_picked":["animator:EmiyaShirou+1","animator:Vanir"],"picked":"animator:Greed","floor":25.0},{"not_picked":["animator:Benimaru+1","animator:Shion+1"],"picked":"animator:Cocytus+1","floor":28.0}],"player_experience":586570,"relics_obtained":[{"floor":7.0,"key":"Odd Mushroom"},{"floor":9.0,"key":"Meat on the Bone"},{"floor":12.0,"key":"infinitespire:WardingShard"},{"floor":19.0,"key":"Red Mask"},{"floor":24.0,"key":"Quantum Egg"},{"floor":26.0,"key":"halation:LettersToHer"}],"event_choices":[{"damage_healed":0.0,"max_hp_gain":0.0,"max_hp_loss":0.0,"gold_gain":0.0,"event_name":"Mushrooms","player_choice":"Fought Mushrooms","floor":7.0,"gold_loss":0.0,"damage_taken":0.0},{"damage_healed":0.0,"max_hp_gain":0.0,"max_hp_loss":0.0,"gold_gain":73.0,"event_name":"Golden Wing","player_choice":"Gained Gold","floor":10.0,"gold_loss":0.0,"damage_taken":0.0},{"damage_healed":0.0,"max_hp_gain":0.0,"max_hp_loss":0.0,"gold_gain":0.0,"event_name":"Masked Bandits","player_choice":"Fought Bandits","floor":19.0,"gold_loss":0.0,"damage_taken":0.0}],"is_beta":false,"boss_relics":[{"not_picked":["ReplayTheSpireMod:DimensionalGlitch","Velvet Choker"],"picked":"animator:HolyGrailRelic"}],"items_purged_floors":[],"is_endless":false,"potions_floor_spawned":[3,5,7,19,21],"killed_by":"Chosen and Byrds","ascension_level":0}}