{"host":"kev6uqotw4tlyx8l","time":1609685526,"event":{"mods":["Act Like it!","Aspiration","BaseMod","Colored Powertips","Dota2Spire","Downfall","Hallownest","Infinite Spire","Marisa????????","Minty Spire (QoL Compilation)","Quick Restart","Remilia??????","Replay The Spire","StSLib","The Cursed","The Jungle","The Marked","The Mystic","The Servant 0.9.4"],"gold_per_floor":[110,128,47,47,47,47,59,59,59,92,92],"floor_reached":10,"playtime":189,"items_purged":[],"score":69,"play_id":"1f3f708f-7977-4fcd-96dc-e583c80b37a9","local_time":"20210103215206","is_ascension_mode":true,"campfire_choices":[{"data":"Machine Learning","floor":6,"key":"SMITH"},{"data":"Dualcast","floor":8,"key":"SMITH"}],"circlet_count":0,"master_deck":["Strike_B","Strike_B","Strike_B","Strike_B","Defend_B","Defend_B","Defend_B","Defend_B","Zap+1","Dualcast+1","Barrage","Streamline+1","Stack","Machine Learning+1","ReplayGash"],"relics":["Cracked Core","infinitespire:FocusingShard","Potion Belt"],"acts_visited":["Exordium"],"potions_floor_usage":[10],"damage_taken":[{"damage":6,"enemies":"Cultist","floor":1,"turns":3},{"damage":6,"enemies":"Jaw Worm","floor":2,"turns":2},{"damage":0,"enemies":"Small Slimes","floor":7,"turns":3},{"damage":30,"enemies":"Gremlin Nob","floor":10,"turns":5}],"seed_played":"9035246201574468589","potions_obtained":[{"floor":2,"key":"GamblersBrew"}],"is_trial":false,"path_per_floor":["M","M","$","?","$","R","M","R","T","E"],"character_chosen":"DEFECT","items_purchased":["Streamline+1","Stack"],"campfire_rested":0,"item_purchase_floors":[3,3],"current_hp_per_floor":[69,63,63,63,63,63,63,63,63,33,33],"gold":92,"neow_bonus":"RANDOM_EVENT","is_daily":false,"chose_seed":false,"campfire_upgraded":2,"win_rate":0.0,"timestamp":1609685526,"path_taken":["M","?","$","?","$","R","M","R","T","E"],"items_purchased_type":["Card","Card"],"build_version":"2020-12-22","purchased_purges":0,"victory":false,"max_hp_per_floor":[75,75,75,75,75,75,75,75,75,75,75],"card_choices":[{"not_picked":["Blizzard","BasicCrystalCard","Turbo"],"picked":"SKIP","floor":1},{"not_picked":["ReplayTheSpireMod:Repulse","Consume"],"picked":"Barrage","floor":2},{"not_picked":["Steam Power","Fusion","Force Field"],"picked":"SKIP","floor":7},{"not_picked":["Rebound","White Noise"],"picked":"ReplayGash","floor":10}],"player_experience":85989,"relics_obtained":[{"floor":9,"key":"infinitespire:FocusingShard"},{"floor":10,"key":"Potion Belt"}],"event_choices":[{"damage_healed":0,"gold_gain":0,"player_choice":"Grow","damage_taken":0,"max_hp_gain":0,"max_hp_loss":0,"event_name":"Living Wall","floor":0,"gold_loss":0,"cards_upgraded":["Zap"]},{"damage_healed":0,"gold_gain":0,"player_choice":"1 cards matched","damage_taken":0,"max_hp_gain":0,"max_hp_loss":0,"event_name":"Match and Keep!","floor":4,"gold_loss":0,"cards_obtained":["Machine Learning"]}],"is_beta":false,"boss_relics":[],"items_purged_floors":[],"is_endless":false,"potions_floor_spawned":[2],"killed_by":"Gremlin Nob","ascension_level":1}}