{"host":"9l4mw5jqza9qz9hr","time":1609678265,"event":{"mods":["AchievementEnabler","Always Whale","BaseMod","Colored Map","Minty Spire (QoL Compilation)","StSLib","SuperFastMode"],"gold_per_floor":[114,64,164,179,194,224,239,314,314,314,329,179,209,224,224,324,324,339,339,354,354,354,384,399,429,454,454,304,304,319,334,334,434,434,449,374,389,404,142,142,142,172,172,202,208,238,238,238,238,238],"floor_reached":51,"playtime":1359,"items_purged":[],"score":958,"play_id":"7473489b-5bf2-4dbc-a5db-50c67822e144","local_time":"20210103215105","daily_mods":["Allstar","Hoarder","Terminal"],"is_ascension_mode":false,"campfire_choices":[{"data":"Perfected Strike","floor":10.0,"key":"SMITH"},{"data":"Perfected Strike","floor":15.0,"key":"SMITH"},{"floor":32.0,"key":"REST"},{"floor":40,"key":"REST"},{"floor":49,"key":"REST"}],"circlet_count":0,"master_deck":["Strike_R","Strike_R","Strike_R","Defend_R","Defend_R","Defend_R","Defend_R","Bash","Thinking Ahead","Thinking Ahead","Thinking Ahead","The Bomb","The Bomb","The Bomb","PanicButton","PanicButton","PanicButton","Secret Weapon","Secret Weapon","Secret Weapon","Good Instincts","Good Instincts","Good Instincts","Hemokinesis","Hemokinesis","Hemokinesis","Perfected Strike","Perfected Strike+1","Perfected Strike+1","Infernal Blade","Infernal Blade","Infernal Blade","Perfected Strike+1","Perfected Strike+1","Perfected Strike+1","Wild Strike","Wild Strike","Wild Strike","Headbutt","Headbutt","Headbutt","Perfected Strike","Perfected Strike","Perfected Strike","Battle Trance","Battle Trance","Battle Trance","Second Wind","Second Wind","Second Wind","Double Tap","Double Tap","Double Tap","Perfected Strike+1","Perfected Strike+1","Perfected Strike+1"],"relics":["Burning Blood","Thread and Needle","Anchor","DollysMirror","Kunai","Fusion Hammer","Omamori","Mercury Hourglass","Strawberry","Membership Card","Sozu","HandDrill","Bronze Scales","WingedGreaves","Peace Pipe","Dead Branch","Pen Nib","Incense Burner","The Courier"],"acts_visited":["Exordium","TheCity","TheBeyond"],"potions_floor_usage":[44,50,50],"damage_taken":[{"damage":0.0,"enemies":"Small Slimes","floor":1.0,"turns":6.0},{"damage":4.0,"enemies":"2 Louse","floor":4.0,"turns":2.0},{"damage":2.0,"enemies":"Cultist","floor":5.0,"turns":2.0},{"damage":23.0,"enemies":"3 Sentries","floor":6.0,"turns":7.0},{"damage":6.0,"enemies":"Gremlin Gang","floor":7.0,"turns":4.0},{"damage":2.0,"enemies":"2 Fungi Beasts","floor":11.0,"turns":2.0},{"damage":2.0,"enemies":"Gremlin Nob","floor":13.0,"turns":2.0},{"damage":2.0,"enemies":"Exordium Wildlife","floor":14.0,"turns":1.0},{"damage":7.0,"enemies":"Hexaghost","floor":16.0,"turns":6.0},{"damage":6.0,"enemies":"3 Byrds","floor":18.0,"turns":4.0},{"damage":0.0,"enemies":"Spheric Guardian","floor":20.0,"turns":2.0},{"damage":14.0,"enemies":"Slavers","floor":23.0,"turns":4.0},{"damage":0.0,"enemies":"Shelled Parasite and Fungi","floor":24.0,"turns":2.0},{"damage":4.0,"enemies":"Gremlin Leader","floor":25.0,"turns":6.0},{"damage":0.0,"enemies":"3 Cultists","floor":30.0,"turns":3.0},{"damage":0.0,"enemies":"Snecko","floor":31.0,"turns":2.0},{"damage":34.0,"enemies":"Collector","floor":33.0,"turns":6.0},{"damage":2,"enemies":"3 Shapes","floor":35,"turns":3},{"damage":0,"enemies":"Orb Walker","floor":37,"turns":1},{"damage":6,"enemies":"Spire Growth","floor":38,"turns":3},{"damage":0,"enemies":"Nemesis","floor":42,"turns":3},{"damage":0,"enemies":"Reptomancer","floor":44,"turns":2},{"damage":8,"enemies":"2 Orb Walkers","floor":45,"turns":3},{"damage":19,"enemies":"Nemesis","floor":46,"turns":3},{"damage":17,"enemies":"Donu and Deca","floor":50,"turns":3}],"seed_played":"4251252283042701915","potions_obtained":[{"floor":1.0,"key":"GamblersBrew"},{"floor":7.0,"key":"SteroidPotion"},{"floor":11.0,"key":"FearPotion"},{"floor":13.0,"key":"Explosive Potion"}],"is_trial":false,"path_per_floor":["M","?","?","M","M","E","M","?","T","R","M","$","E","M","R","B",null,"M","?","M","$","?","E","M","E","T","?","$","?","M","M","R","B",null,"M","$","M","M","$","R","$","E","T","E","?","E","?","?","R","B",null],"character_chosen":"IRONCLAD","items_purchased":["DollysMirror","Membership Card","HandDrill","Bronze Scales","WingedGreaves","Double Tap"],"campfire_rested":3,"item_purchase_floors":[12,28,36,39,39,39],"current_hp_per_floor":[78,77,76,75,74,57,57,46,46,46,50,50,54,58,58,57,62,61,60,59,58,57,49,55,54,60,50,50,50,56,60,59,31,57,56,55,54,53,52,51,50,49,48,47,45,32,32,32,40,29],"gold":238,"neow_bonus":"","is_daily":true,"chose_seed":false,"campfire_upgraded":2,"win_rate":0.0,"timestamp":1609678265,"path_taken":["M","?","?","M","?","E","?","?","T","R","M","?","E","M","R","BOSS","M","?","M","$","?","E","?","E","T","?","$","?","M","M","R","BOSS","M","$","M","M","$","R","$","E","T","E","?","E","?","?","R","BOSS"],"items_purchased_type":["Relic","Relic","Relic","Relic","Relic","Card"],"build_version":"2020-12-22","purchased_purges":0,"victory":true,"max_hp_per_floor":[78,77,76,75,74,73,72,71,70,69,68,67,66,65,64,63,62,61,60,59,58,57,56,55,54,60,64,63,62,61,60,59,58,57,56,55,54,53,52,51,50,49,48,47,46,45,44,41,40,39],"card_choices":[{"not_picked":["Iron Wave","Twin Strike"],"picked":"Hemokinesis","floor":1.0},{"not_picked":["Armaments","Anger"],"picked":"Perfected Strike","floor":4.0},{"not_picked":["Flex","Combust","Burning Pact"],"picked":"SKIP","floor":5.0},{"not_picked":["Brutality","Combust","Sword Boomerang"],"picked":"SKIP","floor":6.0},{"not_picked":["Sword Boomerang","Clash"],"picked":"Infernal Blade","floor":7.0},{"not_picked":["Clash","Dropkick","Flex"],"picked":"SKIP","floor":11.0},{"not_picked":["Headbutt","Entrench","Combust"],"picked":"SKIP","floor":13.0},{"not_picked":["True Grit","Intimidate","Sword Boomerang"],"picked":"SKIP","floor":14.0},{"not_picked":["True Grit","Pummel"],"picked":"Wild Strike","floor":18.0},{"not_picked":["True Grit","Bloodletting","Rage"],"picked":"SKIP","floor":20.0},{"not_picked":["Berserk","Infernal Blade","Heavy Blade"],"picked":"SKIP","floor":23.0},{"not_picked":["Clothesline","Searing Blow+1","Armaments"],"picked":"SKIP","floor":24.0},{"not_picked":["Searing Blow","Spot Weakness","True Grit"],"picked":"SKIP","floor":25.0},{"not_picked":["Thunderclap","Ghostly Armor","Armaments"],"picked":"SKIP","floor":30.0},{"not_picked":["Infernal Blade","Heavy Blade"],"picked":"Battle Trance","floor":31.0},{"not_picked":["Battle Trance","Flex+1"],"picked":"Second Wind","floor":35},{"not_picked":["True Grit+1","Sword Boomerang","Shrug It Off"],"picked":"SKIP","floor":37},{"not_picked":["Armaments+1","Fiend Fire","Flame Barrier+1"],"picked":"SKIP","floor":38},{"not_picked":["Heavy Blade","Warcry","Burning Pact"],"picked":"SKIP","floor":42},{"not_picked":["Combust+1","Limit Break","Sword Boomerang+1"],"picked":"SKIP","floor":44},{"not_picked":["Seeing Red+1","Whirlwind"],"picked":"Perfected Strike+1","floor":46}],"player_experience":160289,"relics_obtained":[{"floor":6.0,"key":"Thread and Needle"},{"floor":9.0,"key":"Anchor"},{"floor":13.0,"key":"Kunai"},{"floor":23.0,"key":"Omamori"},{"floor":25.0,"key":"Mercury Hourglass"},{"floor":26.0,"key":"Strawberry"},{"floor":42,"key":"Peace Pipe"},{"floor":43,"key":"Dead Branch"},{"floor":44,"key":"Pen Nib"},{"floor":45,"key":"Incense Burner"},{"floor":46,"key":"The Courier"}],"event_choices":[{"cards_removed":["Strike_R"],"damage_healed":0.0,"max_hp_gain":0.0,"max_hp_loss":0.0,"gold_gain":0.0,"event_name":"The Cleric","player_choice":"Card Removal","floor":2.0,"gold_loss":50.0,"damage_taken":0.0},{"damage_healed":0.0,"max_hp_gain":0.0,"max_hp_loss":0.0,"gold_gain":100.0,"event_name":"Golden Shrine","player_choice":"Pray","floor":3.0,"gold_loss":0.0,"damage_taken":0.0},{"damage_healed":0.0,"max_hp_gain":0.0,"max_hp_loss":0.0,"gold_gain":75.0,"event_name":"World of Goop","player_choice":"Gather Gold","floor":8.0,"gold_loss":0.0,"damage_taken":11.0},{"damage_healed":0.0,"max_hp_gain":0.0,"max_hp_loss":0.0,"gold_gain":0.0,"event_name":"The Mausoleum","player_choice":"Ignored","floor":19.0,"gold_loss":0.0,"damage_taken":0.0},{"damage_healed":0.0,"max_hp_gain":0.0,"max_hp_loss":0.0,"gold_gain":0.0,"cards_transformed":["Strike_R"],"event_name":"Transmorgrifier","player_choice":"Transformed","floor":22.0,"gold_loss":0.0,"damage_taken":0.0,"cards_obtained":["Headbutt"]},{"damage_healed":0.0,"max_hp_gain":5.0,"max_hp_loss":0.0,"gold_gain":0.0,"event_name":"Forgotten Altar","player_choice":"Shed Blood","floor":27.0,"gold_loss":0.0,"damage_taken":15.0},{"damage_healed":0.0,"max_hp_gain":0.0,"max_hp_loss":0.0,"gold_gain":0.0,"event_name":"The Library","player_choice":"Read","floor":29.0,"gold_loss":0.0,"damage_taken":0.0,"cards_obtained":["Perfected Strike"]},{"damage_healed":0,"gold_gain":0,"player_choice":"Fight","damage_taken":0,"max_hp_gain":0,"max_hp_loss":0,"event_name":"Mysterious Sphere","floor":45,"gold_loss":0},{"damage_healed":0,"gold_gain":0,"player_choice":"Memory 1","damage_taken":0,"max_hp_gain":0,"max_hp_loss":0,"event_name":"SensoryStone","floor":47,"gold_loss":0},{"damage_healed":0,"gold_gain":0,"player_choice":"Max HP","damage_taken":0,"max_hp_gain":0,"max_hp_loss":2,"event_name":"Winding Halls","floor":48,"gold_loss":0}],"is_beta":false,"boss_relics":[{"not_picked":["Busted Crown","SacredBark"],"picked":"Fusion Hammer"},{"not_picked":["Black Star","Tiny House"],"picked":"Sozu"}],"items_purged_floors":[],"is_endless":false,"potions_floor_spawned":[1,7,11,13,18,20,23,31,33,35,44],"ascension_level":0}}