{"host":"98ajcw3do3zsggh8","time":1609675898,"event":{"mods":["BaseMod","Minty Spire (QoL Compilation)","Replay The Spire","StSLib"],"gold_per_floor":[109,109,59,59,77,111,111,146,146,162,237,237,263,279,279,379,379,396,396,60,79,152,184,184,184,184],"floor_reached":25,"playtime":799,"items_purged":["Replay:Sssssssssshield"],"score":300,"play_id":"b2722066-195f-4a40-9724-08d737f84394","local_time":"20210103131138","is_ascension_mode":true,"campfire_choices":[{"data":"Eruption","floor":7.0,"key":"SMITH"},{"floor":15,"key":"DIG"},{"data":"WindmillStrike","floor":24,"key":"SMITH"}],"circlet_count":0,"master_deck":["Strike_P","Strike_P+1","Strike_P","Defend_P","Defend_P+1","Defend_P","Eruption+1","Vigilance","EmptyFist","Establishment+1","Ragnarok+1","CurseOfTheBell","LikeWater+1","WindmillStrike+1"],"relics":["PureWater","NeowsBlessing","Lizard Tail","Frozen Egg 2","Replay:Ringing Soul","Counterbalance","Bag of Preparation","Golden Egg","Calling Bell","Strawberry","Pantograph","WingedGreaves","Snack Pack","Ancient Tea Set","Damaru"],"acts_visited":["Exordium","TheCity"],"potions_floor_usage":[13,16,16,18,23,23,23],"damage_taken":[{"damage":0.0,"enemies":"Jaw Worm","floor":1.0,"turns":1.0},{"damage":0.0,"enemies":"2 Louse","floor":5.0,"turns":1.0},{"damage":0.0,"enemies":"Lagavulin","floor":6.0,"turns":1.0},{"damage":15.0,"enemies":"3 Sentries","floor":8.0,"turns":9.0},{"damage":0.0,"enemies":"Small Slimes","floor":10.0,"turns":2.0},{"damage":1,"enemies":"Gremlin Nob","floor":13,"turns":4},{"damage":0,"enemies":"Looter","floor":14,"turns":1},{"damage":38,"enemies":"The Guardian","floor":16,"turns":12},{"damage":39,"enemies":"2 Thieves","floor":18,"turns":3},{"damage":0,"enemies":"Spheric Guardian","floor":21,"turns":2},{"damage":32,"enemies":"Slavers","floor":23,"turns":5},{"damage":25,"enemies":"Replay:Snechameleon","floor":25,"turns":4}],"seed_played":"465644009165444313","potions_obtained":[{"floor":1.0,"key":"Weak Potion"},{"floor":13,"key":"AttackPotion"},{"floor":14,"key":"Languid Potion"},{"floor":16,"key":"Elixir"},{"floor":21,"key":"Dexterity Potion"},{"floor":22,"key":"Block Potion"},{"floor":22,"key":"EssenceOfSteel"}],"is_trial":false,"path_per_floor":["M","?","?","?","M","E","R","E","T","M","?","?","E","M","R","B",null,"M","?","$","M","?","E","R","E"],"character_chosen":"WATCHER","items_purchased":["Snack Pack"],"campfire_rested":0,"item_purchase_floors":[20],"current_hp_per_floor":[72,54,54,47,47,47,47,32,32,35,24,9,8,8,8,11,88,49,40,40,45,48,20,20,0,0],"gold":184,"neow_bonus":"THREE_ENEMY_KILL","is_daily":false,"chose_seed":false,"campfire_upgraded":2,"win_rate":0.0,"timestamp":1609675898,"path_taken":["M","?","?","?","M","E","R","E","T","M","?","?","E","M","R","BOSS","M","?","$","?","?","E","R","E"],"items_purchased_type":["Relic"],"build_version":"2020-12-22","purchased_purges":1,"victory":false,"max_hp_per_floor":[72,72,72,72,72,72,72,72,72,75,75,75,75,75,75,78,88,88,91,91,94,97,97,97,97,97],"card_choices":[{"not_picked":["FearNoEvil","JustLucky"],"picked":"EmptyFist","floor":1.0},{"not_picked":["CrushJoints","ClearTheMind","Pray"],"picked":"SKIP","floor":5.0},{"not_picked":["Replay:ManipulateFuture","Replay:Vibes","Replay:Battleflow"],"picked":"SKIP","floor":6.0},{"not_picked":["JustLucky","Weave","ClearTheMind"],"picked":"SKIP","floor":8.0},{"not_picked":["Replay:AtTheReady","SashWhip"],"picked":"Establishment+1","floor":10.0},{"not_picked":["Prostrate","Alpha","Crescendo"],"picked":"SKIP","floor":13},{"not_picked":["BowlingBash","DeceiveReality","Protect"],"picked":"SKIP","floor":14},{"not_picked":["SpiritShield","Wish"],"picked":"Ragnarok","floor":16},{"not_picked":["CutThroughFate","CrushJoints","FearNoEvil"],"picked":"SKIP","floor":18},{"not_picked":["CutThroughFate","Study+1"],"picked":"LikeWater+1","floor":21},{"not_picked":["Perseverance","ClearTheMind+1"],"picked":"WindmillStrike","floor":22},{"not_picked":["Nirvana+1","FlyingSleeves","Adaptation+1"],"picked":"SKIP","floor":23}],"player_experience":296843,"relics_obtained":[{"floor":6.0,"key":"Frozen Egg 2"},{"floor":8.0,"key":"Replay:Ringing Soul"},{"floor":9.0,"key":"Counterbalance"},{"floor":13,"key":"Bag of Preparation"},{"floor":15,"key":"Golden Egg"},{"floor":17,"key":"Strawberry"},{"floor":17,"key":"Pantograph"},{"floor":17,"key":"WingedGreaves"},{"floor":22,"key":"Ancient Tea Set"},{"floor":23,"key":"Damaru"}],"event_choices":[{"damage_healed":0.0,"max_hp_gain":0.0,"max_hp_loss":0.0,"gold_gain":0.0,"event_name":"Scrap Ooze","player_choice":"Success","floor":2.0,"gold_loss":0.0,"damage_taken":18.0,"relics_obtained":["Lizard Tail"]},{"cards_removed":["Strike_P"],"damage_healed":0.0,"max_hp_gain":0.0,"max_hp_loss":0.0,"gold_gain":0.0,"event_name":"The Cleric","player_choice":"Card Removal","floor":3.0,"gold_loss":50.0,"damage_taken":0.0},{"cards_removed":["Defend_P"],"damage_healed":0.0,"max_hp_gain":0.0,"max_hp_loss":0.0,"gold_gain":0.0,"event_name":"Golden Wing","player_choice":"Card Removal","floor":4.0,"gold_loss":0.0,"damage_taken":7.0},{"damage_healed":0.0,"max_hp_gain":0.0,"max_hp_loss":0.0,"gold_gain":75.0,"event_name":"World of Goop","player_choice":"Gather Gold","floor":11.0,"gold_loss":0.0,"damage_taken":11.0},{"damage_healed":0.0,"max_hp_gain":0.0,"max_hp_loss":0.0,"gold_gain":0.0,"event_name":"Shining Light","player_choice":"Entered Light","floor":12.0,"gold_loss":0.0,"damage_taken":15.0,"cards_upgraded":["Strike_P","Defend_P"]},{"damage_healed":0,"gold_gain":0,"player_choice":"CARD ","damage_taken":12,"max_hp_gain":0,"max_hp_loss":0,"event_name":"Knowing Skull","floor":19,"potions_obtained":[],"gold_loss":0,"cards_obtained":["Replay:Sssssssssshield"]}],"is_beta":false,"boss_relics":[{"not_picked":["Replay:Bronze Core","Tiny House"],"picked":"Calling Bell"}],"items_purged_floors":[20],"is_endless":false,"potions_floor_spawned":[1,13,14,16,21],"killed_by":"Replay:Snechameleon","ascension_level":1}}