{"host":"0cnf9zf1gia27zti","time":1609641241,"event":{"mods":["BaseMod","Better Third Choice","BetterRewards","Card Forge","ChefMod","Colored Map","Colored Powertips","Conspire","Downfall","Googly Eyes","Infinite Spire","Minty Spire (QoL Compilation)","Practice Mode","Quick Restart","Replay The Spire","Shade Mod","Spicy Shops","StSLib","The Marked"],"gold_per_floor":[153,192,192,222,72,153,153,213,236,314,314,314,314],"floor_reached":12,"playtime":659,"items_purged":[],"score":201,"play_id":"fd57a809-62fe-4a75-9c4c-0f5b6f4a2e87","local_time":"20210103023401","daily_mods":["SealedDeck","Colorless Cards","Heirloom","downfall:Lament","DeadlyEvents","Elite Swarm","Midas"],"is_ascension_mode":true,"campfire_choices":[{"floor":11,"key":"REST"}],"circlet_count":0,"master_deck":["AscendersBane","sneckomod:QuickMove+1","sneckomod:UnknownCommonAttack+1","sneckomod:Unknown2Cost+1","sneckomod:SoulRoll+1","sneckomod:Nope+1","sneckomod:QuickMove+1","sneckomod:IronFang+1","sneckomod:UnknownBlock+1","sneckomod:QuickMove+1","sneckomod:QuickMove+1","sneckomod:QuickBite+1","sneckomod:IronFang+1","sneckomod:UnknownRareSkill+1","Mayhem+1","Enlightenment+1","Secret Weapon"],"relics":["sneckomod:SneckoSoul","Hammer of Thor","Seething Fire","Anvil of the Gods","NeowsBlessing","Ring of Chaos","Lizard Tail","Replay:Wax Seal","Art of War","War Paint"],"acts_visited":["Exordium"],"potions_floor_usage":[],"damage_taken":[{"damage":0,"enemies":"Small Slimes","floor":1,"turns":2},{"damage":0,"enemies":"Cultist","floor":2,"turns":1},{"damage":0,"enemies":"2 Louse","floor":4,"turns":1},{"damage":35,"enemies":"3 Sentries","floor":6,"turns":15},{"damage":0,"enemies":"Red Slaver","floor":8,"turns":5},{"damage":7,"enemies":"Gremlin Nob","floor":10,"turns":3},{"damage":0,"enemies":"Lagavulin","floor":12,"turns":1}],"seed_played":"-5693476016327738078","potions_obtained":[{"floor":8,"key":"Dexterity Potion"},{"floor":10,"key":"Elixir"}],"is_trial":true,"path_per_floor":["M","M","?","M","$","E","$","M","T","E","R","E"],"character_chosen":"THE_SNECKO","items_purchased":["sneckomod:UnknownRareSkill"],"campfire_rested":1,"item_purchase_floors":[5],"current_hp_per_floor":[79,79,79,79,80,45,45,45,45,38,64,64,64],"gold":314,"neow_bonus":"","is_daily":false,"chose_seed":false,"campfire_upgraded":0,"win_rate":0.0,"timestamp":1609641241,"path_taken":["M","M","?","M","$","E","$","M","T","?","R","E"],"items_purchased_type":["Card"],"build_version":"2020-12-22","purchased_purges":0,"victory":false,"max_hp_per_floor":[87,87,87,87,88,88,88,88,88,88,88,88,88],"card_choices":[{"not_picked":["sneckomod:UnknownCommonAttack","sneckomod:UnknownClassRED"],"picked":"sneckomod:QuickMove","floor":1},{"not_picked":["Specialist","sneckomod:DiceBlock"],"picked":"sneckomod:QuickBite","floor":2},{"not_picked":["Dark Shackles","sneckomod:Unknown1Cost"],"picked":"sneckomod:IronFang","floor":4},{"not_picked":["Replay:Dark Deal","The Bomb"],"picked":"Mayhem","floor":6},{"not_picked":["sneckomod:UnknownBlock","sneckomod:UnknownWeak"],"picked":"Enlightenment","floor":8},{"not_picked":["Apotheosis","Transmutation"],"picked":"Secret Weapon","floor":10}],"player_experience":2936888,"relics_obtained":[{"floor":6,"key":"Replay:Wax Seal"},{"floor":9,"key":"Art of War"},{"floor":10,"key":"War Paint"}],"event_choices":[{"cards_removed":["sneckomod:UnknownBlock"],"damage_healed":0,"gold_gain":0,"player_choice":"Purged","damage_taken":0,"max_hp_gain":0,"max_hp_loss":0,"event_name":"Purifier","floor":3,"gold_loss":0}],"is_beta":false,"boss_relics":[],"items_purged_floors":[],"is_endless":false,"potions_floor_spawned":[8,10],"killed_by":"Lagavulin","ascension_level":20}}