{"host":"3iouabftir4t7z56","time":1609689653,"event":{"mods":["2.2 Compatiblity","Act Like it!","BaseMod","Colored Map","Hallownest","Minty Spire (QoL Compilation)","StSLib","The Bug Knight"],"gold_per_floor":[112,112,112,128,142,142,173,173,173,192,219,232,12,24,24,129,129,144,144,144],"floor_reached":19,"playtime":2255,"items_purged":["HollowMod:PureNailStrike"],"score":179,"play_id":"224dee9a-800d-498f-adc5-f6be0354ca84","local_time":"20210103170053","is_ascension_mode":false,"campfire_choices":[{"floor":6,"key":"REST"},{"data":"HollowMod:AbyssShriek","floor":8,"key":"SMITH"},{"floor":15,"key":"REST"}],"circlet_count":0,"master_deck":["HollowMod:NailStrikeStart","HollowMod:NailStrikeStart","HollowMod:NailStrikeStart","HollowMod:NailStrikeStart","HollowMod:QuickDashStart","HollowMod:QuickDashStart","HollowMod:QuickDashStart","HollowMod:QuickDashStart","HollowMod:FocusHealStart","HollowMod:PogoStrike","HollowMod:DoubleDash","HollowMod:AbyssShriek+1","HollowMod:MonarchWings","HollowMod:ShadowDash","HollowMod:WraithStrike+1","HollowMod:ShapeofUnn","HollowMod:CrystalDash","HollowMod:SlysStrikes","HollowMod:ShadowDash+1"],"relics":["HollowMod:VesselMask","NeowsBlessing","Hallownest:DreamNailRelic","HornCleat","Molten Egg 2","InkBottle","SlaversCollar"],"acts_visited":["Hallownest:Greenpath","Hallownest:CityofTears"],"potions_floor_usage":[16,18],"damage_taken":[{"damage":0,"enemies":"Hallownest:2_Tiktiks_and_1_Crawlid","floor":1,"turns":1},{"damage":0,"enemies":"Hallownest:monsterHuskGuard","floor":4,"turns":1},{"damage":0,"enemies":"Hallownest:monsterHuskWarrior","floor":5,"turns":1},{"damage":20,"enemies":"Hallownest:eliteVengeflyKing","floor":7,"turns":5},{"damage":0,"enemies":"Hallownest:monsterAspidMother","floor":10,"turns":5},{"damage":30,"enemies":"Hallownest:eliteCrystalGuardian","floor":11,"turns":8},{"damage":9,"enemies":"Hallownest:MossCreep_and_Mosskin","floor":12,"turns":6},{"damage":8,"enemies":"Hallownest:1_Ooma_and_2_Uuma","floor":14,"turns":5},{"damage":17,"enemies":"Hallownest:BossFalseKnight","floor":16,"turns":9},{"damage":75,"enemies":"Hallownest:2_Mistakes","floor":18,"turns":20},{"damage":6,"enemies":"Hallownest:Flukemon_and_Top","floor":19,"turns":4}],"seed_played":"-2161723469911926012","potions_obtained":[{"floor":10,"key":"Swift Potion"},{"floor":12,"key":"CultistPotion"},{"floor":14,"key":"SteroidPotion"}],"is_trial":false,"path_per_floor":["M","?","?","M","M","R","E","R","T","M","E","M","$","M","R","B",null,"M","M"],"character_chosen":"THE_BUGKNIGHT","items_purchased":["HollowMod:ShapeofUnn","HollowMod:CrystalDash"],"campfire_rested":2,"item_purchase_floors":[13,13],"current_hp_per_floor":[75,75,75,75,75,75,55,55,55,55,25,22,22,14,36,25,75,6,0,0],"gold":144,"neow_bonus":"THREE_ENEMY_KILL","is_daily":false,"chose_seed":false,"campfire_upgraded":1,"win_rate":0.0,"timestamp":1609689653,"path_taken":["M","?","?","M","M","R","E","R","T","?","E","M","$","M","R","BOSS","M","M"],"items_purchased_type":["Card","Card"],"build_version":"2020-12-22","purchased_purges":1,"victory":false,"max_hp_per_floor":[75,75,75,75,75,75,75,75,75,75,75,75,75,75,75,75,75,75,75,75],"card_choices":[{"not_picked":["HollowMod:SiblingsSouls","HollowMod:TaintedHusks","HollowMod:InfectedCysts"],"picked":"SKIP","floor":1},{"not_picked":["HollowMod:SoulEater","HollowMod:MothsMistake"],"picked":"HollowMod:DoubleDash","floor":4},{"not_picked":["HollowMod:HeavyBlow","HollowMod:SoulVessel"],"picked":"HollowMod:PureNailStrike","floor":5},{"not_picked":["HollowMod:InfectedAttack","HollowMod:NewGlowingWomb"],"picked":"HollowMod:AbyssShriek","floor":7},{"not_picked":["HollowMod:HowlingWraiths+1","HollowMod:VengefulSpirit+1"],"picked":"HollowMod:MonarchWings","floor":10},{"not_picked":["HollowMod:SoulEater","HollowMod:BaldurShell"],"picked":"HollowMod:ShadowDash","floor":11},{"not_picked":["HollowMod:CrystalDash","HollowMod:HeavyBlow+1"],"picked":"HollowMod:WraithStrike+1","floor":12},{"not_picked":["HollowMod:SoulEater","HollowMod:MonomonsArchive","HollowMod:HeavyBlow+1"],"picked":"SKIP","floor":14},{"not_picked":["HollowMod:Hiveblood","HollowMod:HerrahsAnger"],"picked":"HollowMod:SlysStrikes","floor":16},{"not_picked":["HollowMod:WraithStrike+1","HollowMod:ChannelNail+1"],"picked":"HollowMod:ShadowDash+1","floor":18}],"player_experience":596296,"relics_obtained":[{"floor":7,"key":"HornCleat"},{"floor":9,"key":"Molten Egg 2"},{"floor":11,"key":"InkBottle"}],"event_choices":[],"is_beta":false,"boss_relics":[{"not_picked":["Ectoplasm","Pandora\u0027s Box"],"picked":"SlaversCollar"}],"items_purged_floors":[13],"is_endless":false,"potions_floor_spawned":[10,12,14],"killed_by":"Hallownest:Flukemon_and_Top","ascension_level":0}}