{"host":"mbpcepu6ztteuwhq","time":1609646452,"event":{"mods":["AchievementEnabler","BaseMod","Colored Map","DeckTracker","Minty Spire (QoL Compilation)","Rare Cards Sparkle","StSLib","everything is the same but u backflip on backflip"],"gold_per_floor":[113,24,24,24,99,99,99,129,156,156,156,181,14,69,69,69,69],"floor_reached":16,"playtime":215,"items_purged":[],"score":308,"play_id":"e8bc4db8-9ba9-459e-9b17-d5bb11879a70","local_time":"20210103130052","is_ascension_mode":true,"campfire_choices":[{"data":"Dash","floor":6.0,"key":"SMITH"},{"data":"Cloak And Dagger","floor":10,"key":"SMITH"},{"data":"HandOfGreed","floor":15,"key":"SMITH"}],"circlet_count":0,"master_deck":["AscendersBane","Strike_G+1","Strike_G","Strike_G","Defend_G","Defend_G","Defend_G+1","Defend_G","Defend_G","Survivor","Neutralize","Dash+1","Endless Agony","Cloak And Dagger+1","HandOfGreed+1"],"relics":["Ring of the Snake","NeowsBlessing","Eternal Feather","Nunchaku","MawBank"],"acts_visited":["Exordium"],"potions_floor_usage":[16],"damage_taken":[{"damage":0.0,"enemies":"2 Louse","floor":1.0,"turns":1.0},{"damage":0,"enemies":"Gremlin Nob","floor":8,"turns":1},{"damage":0,"enemies":"3 Sentries","floor":12,"turns":1},{"damage":0,"enemies":"Small Slimes","floor":14,"turns":6},{"damage":41,"enemies":"Slime Boss","floor":16,"turns":7}],"seed_played":"6986359397129858324","potions_obtained":[{"floor":1.0,"key":"GamblersBrew"},{"floor":8,"key":"Strength Potion"}],"is_trial":false,"path_per_floor":["M","$","?","?","?","R","?","E","T","R","?","E","$","M","R","B"],"character_chosen":"THE_SILENT","items_purchased":["Endless Agony","HandOfGreed"],"campfire_rested":0,"item_purchase_floors":[2,13],"current_hp_per_floor":[59,59,52,32,21,21,21,21,21,27,27,27,27,27,36,0,0],"gold":69,"neow_bonus":"THREE_ENEMY_KILL","is_daily":false,"chose_seed":false,"campfire_upgraded":3,"win_rate":0.0,"timestamp":1609646452,"path_taken":["M","$","?","?","?","R","?","E","T","R","?","E","$","M","R","BOSS"],"items_purchased_type":["Card","Card"],"build_version":"2020-12-22","purchased_purges":0,"victory":false,"max_hp_per_floor":[66,66,66,66,66,66,66,66,66,66,66,66,66,66,66,66,66],"card_choices":[{"not_picked":["Terror","Well Laid Plans"],"picked":"Dash","floor":1.0},{"not_picked":["Dagger Spray","All Out Attack"],"picked":"Cloak And Dagger","floor":8},{"not_picked":["Deflect","Outmaneuver","Setup"],"picked":"SKIP","floor":12},{"not_picked":["PiercingWail","Flying Knee","Escape Plan"],"picked":"SKIP","floor":14}],"player_experience":908,"relics_obtained":[{"floor":8,"key":"Eternal Feather"},{"floor":9,"key":"Nunchaku"},{"floor":12,"key":"MawBank"}],"event_choices":[{"cards_removed":["Strike_G"],"damage_healed":0.0,"max_hp_gain":0.0,"max_hp_loss":0.0,"gold_gain":0.0,"event_name":"Golden Wing","player_choice":"Card Removal","floor":3.0,"gold_loss":0.0,"damage_taken":7.0},{"damage_healed":0.0,"max_hp_gain":0.0,"max_hp_loss":0.0,"gold_gain":0.0,"event_name":"Shining Light","player_choice":"Entered Light","floor":4.0,"gold_loss":0.0,"damage_taken":20.0,"cards_upgraded":["Defend_G","Strike_G"]},{"damage_healed":0.0,"max_hp_gain":0.0,"max_hp_loss":0.0,"gold_gain":75.0,"event_name":"World of Goop","player_choice":"Gather Gold","floor":5.0,"gold_loss":0.0,"damage_taken":11.0},{"cards_removed":["Strike_G"],"damage_healed":0,"gold_gain":0,"player_choice":"Forget","damage_taken":0,"max_hp_gain":0,"max_hp_loss":0,"event_name":"Living Wall","floor":7,"gold_loss":0},{"damage_healed":0,"gold_gain":0,"player_choice":"Ignored","damage_taken":0,"max_hp_gain":0,"max_hp_loss":0,"event_name":"Liars Game","floor":11,"gold_loss":0}],"is_beta":false,"boss_relics":[],"items_purged_floors":[],"is_endless":false,"potions_floor_spawned":[1,8,12],"killed_by":"Slime Boss","ascension_level":20}}