{"host":"e1zuqie93klo2ncl","time":1609695692,"event":{"mods":["AchievementEnabler","BaseMod","Minty Spire (QoL Compilation)","Relic Stats","StSLib"],"gold_per_floor":[119,131,144,154,154,154,172,172,172,172,208,208,243,256,256,346,346,366,391,391,306,3,3,28,28,54,54,1,1,36,51,51,125,125,143,98,98,115,140,140,168,188,188,188,203,229,229,243,243,243],"floor_reached":51,"playtime":2725,"items_purged":["Strike_B"],"score":1283,"play_id":"73bb2394-22c0-42de-9fff-647f85cb1cfe","local_time":"20210103174132","is_ascension_mode":true,"campfire_choices":[{"data":"Zap","floor":6.0,"key":"SMITH"},{"data":"Multi-Cast","floor":8.0,"key":"SMITH"},{"data":"Defragment","floor":10.0,"key":"SMITH"},{"floor":12.0,"key":"REST"},{"floor":15.0,"key":"REST"},{"data":"Loop","floor":23,"key":"SMITH"},{"data":"Rainbow","floor":25,"key":"SMITH"},{"data":"Static Discharge","floor":32,"key":"SMITH"},{"data":"Heatsinks","floor":40,"key":"SMITH"},{"floor":44,"key":"REST"},{"data":"Darkness","floor":49,"key":"SMITH"}],"circlet_count":0,"master_deck":["AscendersBane","Strike_B","Strike_B","Defend_B","Defend_B","Defend_B","Defend_B","Zap+1","Dualcast","Multi-Cast+1","Sweeping Beam","Defragment+1","Loop+1","Ball Lightning","Self Repair","Core Surge+1","Go for the Eyes+1","Rainbow+1","Steam","Conserve Battery","Reboot","Coolheaded","Static Discharge+1","Compile Driver","Redo","Electrodynamics","Aggregate","Reboot","BootSequence","Heatsinks+1","All For One","Coolheaded","Reinforced Body","White Noise+1","Hologram","Darkness+1"],"relics":["Cracked Core","Bloody Idol","HornCleat","Oddly Smooth Stone","Du-Vu Doll","Sozu","Omamori","Nunchaku","Whetstone","Cursed Key","CaptainsWheel","Art of War","Akabeko","Torii","Darkstone Periapt"],"acts_visited":["Exordium","TheCity","TheBeyond"],"potions_floor_usage":[16,41],"damage_taken":[{"damage":0.0,"enemies":"Cultist","floor":1.0,"turns":3.0},{"damage":10.0,"enemies":"Small Slimes","floor":2.0,"turns":3.0},{"damage":12.0,"enemies":"2 Louse","floor":3.0,"turns":3.0},{"damage":12.0,"enemies":"Looter","floor":4.0,"turns":3.0},{"damage":0.0,"enemies":"2 Fungi Beasts","floor":7.0,"turns":3.0},{"damage":10.0,"enemies":"Gremlin Nob","floor":11.0,"turns":4.0},{"damage":28.0,"enemies":"Lagavulin","floor":13.0,"turns":5.0},{"damage":1.0,"enemies":"Blue Slaver","floor":14.0,"turns":3.0},{"damage":39,"enemies":"The Guardian","floor":16,"turns":9},{"damage":18,"enemies":"2 Thieves","floor":18,"turns":3},{"damage":8,"enemies":"Shell Parasite","floor":19,"turns":4},{"damage":4,"enemies":"Centurion and Healer","floor":24,"turns":6},{"damage":36,"enemies":"Gremlin Leader","floor":30,"turns":6},{"damage":0,"enemies":"3 Cultists","floor":31,"turns":3},{"damage":23,"enemies":"Champ","floor":33,"turns":7},{"damage":1,"enemies":"Orb Walker","floor":35,"turns":2},{"damage":8,"enemies":"3 Darklings","floor":38,"turns":4},{"damage":2,"enemies":"Mind Bloom Boss Battle","floor":39,"turns":5},{"damage":42,"enemies":"Reptomancer","floor":41,"turns":4},{"damage":11,"enemies":"Spire Growth","floor":42,"turns":5},{"damage":0,"enemies":"4 Shapes","floor":45,"turns":5},{"damage":2,"enemies":"Giant Head","floor":46,"turns":6},{"damage":0,"enemies":"3 Darklings","floor":48,"turns":3},{"damage":53,"enemies":"Time Eater","floor":50,"turns":9}],"seed_played":"5643901173964290418","potions_obtained":[{"floor":2.0,"key":"GamblersBrew"},{"floor":4.0,"key":"LiquidBronze"},{"floor":11.0,"key":"LiquidMemories"},{"floor":13.0,"key":"Dexterity Potion"},{"floor":16,"key":"DuplicationPotion"}],"is_trial":false,"path_per_floor":["M","M","M","M","?","R","M","R","T","R","E","R","E","M","R","B",null,"M","M","?","?","$","R","M","R","T","?","$","?","E","M","R","B",null,"M","$","?","M","?","R","E","M","T","R","M","E","T","M","R","B",null],"character_chosen":"DEFECT","items_purchased":["Reboot","Coolheaded","Static Discharge","Redo","Heatsinks"],"campfire_rested":3,"item_purchase_floors":[22,22,22,28,36],"current_hp_per_floor":[64,54,42,30,30,30,30,30,30,30,20,39,18,24,43,11,51,40,39,39,39,39,39,42,42,42,42,42,64,40,45,45,34,57,64,64,64,61,64,64,27,28,28,47,59,64,64,64,64,18],"gold":243,"neow_bonus":"ONE_RANDOM_RARE_CARD","is_daily":false,"chose_seed":false,"campfire_upgraded":8,"win_rate":0.0,"timestamp":1609695692,"path_taken":["M","M","M","?","?","R","M","R","T","R","E","R","E","M","R","BOSS","M","M","?","?","$","R","M","R","T","?","?","?","E","M","R","BOSS","M","?","?","?","?","R","E","M","T","R","M","E","?","?","R","BOSS"],"items_purchased_type":["Card","Card","Card","Card","Card"],"build_version":"2020-12-22","purchased_purges":1,"victory":true,"max_hp_per_floor":[71,71,71,71,64,64,64,64,64,64,64,64,64,64,64,64,64,64,64,64,64,64,64,64,64,64,64,64,64,64,64,64,64,64,64,64,64,64,64,64,64,64,64,64,64,64,64,64,64,64],"relic_stats":{"Sozu":3,"Darkstone Periapt":0,"Nunchaku":[7],"Torii":5,"counters":[24,108],"Bloody Idol":36,"Art of War":[6],"Whetstone":["Go for the Eyes","Core Surge"],"Cursed Key":2,"obtain_stats":[{"Darkstone Periapt":47,"Torii":46,"Golden Idol":5,"Oddly Smooth Stone":11,"Omamori":21,"Whetstone":30,"Cursed Key":34,"Akabeko":43,"Du-Vu Doll":13,"Sozu":17,"Nunchaku":26,"CaptainsWheel":39,"HornCleat":9,"Bloody Idol":27,"Art of War":41,"Cracked Core":0},{"Darkstone Periapt":22,"Torii":22,"Golden Idol":4,"Oddly Smooth Stone":6,"Omamori":11,"Whetstone":13,"Cursed Key":15,"Akabeko":20,"Du-Vu Doll":7,"Sozu":9,"Nunchaku":12,"CaptainsWheel":18,"HornCleat":5,"Bloody Idol":12,"Art of War":19,"Cracked Core":0},{"Darkstone Periapt":96,"Torii":96,"Golden Idol":12,"Oddly Smooth Stone":19,"Omamori":43,"Whetstone":55,"Cursed Key":65,"Akabeko":85,"Du-Vu Doll":24,"Sozu":36,"Nunchaku":49,"CaptainsWheel":76,"HornCleat":15,"Bloody Idol":49,"Art of War":80,"Cracked Core":0}]},"card_choices":[{"not_picked":["Go for the Eyes","Stack"],"picked":"Sweeping Beam","floor":1.0},{"not_picked":["Hello World","Ball Lightning"],"picked":"Defragment","floor":2.0},{"not_picked":["Doom and Gloom","Force Field"],"picked":"Loop","floor":3.0},{"not_picked":["Storm","Turbo"],"picked":"Recycle","floor":4.0},{"not_picked":["White Noise","BootSequence"],"picked":"Ball Lightning","floor":7.0},{"not_picked":["Auto Shields","Gash"],"picked":"Self Repair","floor":11.0},{"not_picked":["Sunder","Rebound"],"picked":"Core Surge","floor":13.0},{"not_picked":["Steam","Redo"],"picked":"Go for the Eyes","floor":14.0},{"not_picked":["Machine Learning","Thunder Strike"],"picked":"Rainbow","floor":16},{"not_picked":["Steam Power","Gash"],"picked":"Steam","floor":18},{"not_picked":["Ball Lightning","Rebound"],"picked":"Conserve Battery","floor":19},{"not_picked":["Turbo","Coolheaded"],"picked":"Compile Driver","floor":24},{"not_picked":["Lockon","Compile Driver"],"picked":"Electrodynamics","floor":30},{"not_picked":["Conserve Battery","Gash"],"picked":"Aggregate","floor":31},{"not_picked":["Hyperbeam","Meteor Strike"],"picked":"Reboot","floor":33},{"not_picked":["Leap","Go for the Eyes"],"picked":"BootSequence","floor":35},{"not_picked":["Ball Lightning+1","Hello World","Turbo"],"picked":"SKIP","floor":38},{"not_picked":["Go for the Eyes+1","Ball Lightning"],"picked":"Coolheaded","floor":39},{"not_picked":["Core Surge","Cold Snap"],"picked":"Reinforced Body","floor":41},{"not_picked":["Beam Cell","Rip and Tear","Gash"],"picked":"SKIP","floor":42},{"not_picked":["Streamline+1","Redo+1"],"picked":"White Noise+1","floor":45},{"not_picked":["Scrape","Conserve Battery"],"picked":"Hologram","floor":46},{"not_picked":["Ball Lightning+1","Sweeping Beam"],"picked":"Darkness","floor":48}],"player_experience":824215,"relics_obtained":[{"floor":9.0,"key":"HornCleat"},{"floor":11.0,"key":"Oddly Smooth Stone"},{"floor":13.0,"key":"Du-Vu Doll"},{"floor":26,"key":"Nunchaku"},{"floor":30,"key":"Whetstone"},{"floor":39,"key":"CaptainsWheel"},{"floor":41,"key":"Art of War"},{"floor":43,"key":"Akabeko"},{"floor":46,"key":"Torii"},{"floor":47,"key":"Darkstone Periapt"}],"event_choices":[{"damage_healed":0.0,"max_hp_gain":0.0,"max_hp_loss":7.0,"gold_gain":0.0,"event_name":"Golden Idol","player_choice":"Lose Max HP","floor":5.0,"gold_loss":0.0,"damage_taken":0.0,"relics_obtained":["Golden Idol"]},{"damage_healed":0,"gold_gain":0,"player_choice":"Ignored","damage_taken":0,"max_hp_gain":0,"max_hp_loss":0,"event_name":"Ghosts","floor":20,"gold_loss":0},{"damage_healed":0,"gold_gain":0,"player_choice":"Obtained Relic","damage_taken":0,"relics_obtained":["Omamori"],"max_hp_gain":0,"max_hp_loss":0,"event_name":"Addict","floor":21,"gold_loss":85},{"damage_healed":0,"gold_gain":0,"player_choice":"Gave Idol","damage_taken":0,"relics_obtained":["Bloody Idol"],"max_hp_gain":0,"max_hp_loss":0,"event_name":"Forgotten Altar","floor":27,"relics_lost":["Golden Idol"],"gold_loss":0},{"cards_removed":["Recycle"],"damage_healed":22,"gold_gain":0,"player_choice":"Offered Uncommon","damage_taken":0,"max_hp_gain":0,"max_hp_loss":0,"event_name":"Bonfire Elementals","floor":29,"gold_loss":0},{"damage_healed":0,"gold_gain":0,"cards_transformed":["Strike_B"],"player_choice":"Transformed","damage_taken":0,"max_hp_gain":0,"max_hp_loss":0,"event_name":"Transmorgrifier","floor":37,"gold_loss":0,"cards_obtained":["All For One"]},{"damage_healed":0,"gold_gain":0,"player_choice":"Fight","damage_taken":0,"max_hp_gain":0,"max_hp_loss":0,"event_name":"MindBloom","floor":39,"gold_loss":0}],"is_beta":false,"boss_relics":[{"not_picked":["SlaversCollar","Fusion Hammer"],"picked":"Sozu"},{"not_picked":["Snecko Eye","SacredBark"],"picked":"Cursed Key"}],"items_purged_floors":[22],"is_endless":false,"potions_floor_spawned":[2,4,11,13,14,16,19,24,31,35,39,46],"ascension_level":16}}