{"host":"ec09novo68szpe7d","time":1609708830,"event":{"mods":["AchievementEnabler","BaseMod","Bestiary","BetterRewards","Minty Spire (QoL Compilation)","Replay The Spire","Shop Mod","StSLib"],"gold_per_floor":[118,192,210,226,226,226,251,251,303,314,340,352,368,110,110,207,207,222,239,253,273,129,129,129],"floor_reached":23,"playtime":1503,"items_purged":["Strike_R","Strike_R","Strike_R"],"score":522,"play_id":"64731392-dd92-491b-b481-d71fbaf66433","local_time":"20210103222030","is_ascension_mode":true,"campfire_choices":[{"data":"Metamorphosis","floor":6.0,"key":"SMITH"},{"data":"Armaments","floor":15.0,"key":"SMITH"}],"circlet_count":0,"master_deck":["Strike_R","Defend_R+1","Defend_R","Defend_R","Bash","ReplayTheSpireMod:Limb From Limb","Forethought","Metamorphosis+1","Feed+1","Wild Strike+1","Armaments+1","Shrug It Off","Second Wind","Exhume","True Grit+1"],"relics":["Burning Blood","Lantern","replay:Trail_Library","Philosopher\u0027s Stone","Replay:PocketPolymizer","Replay:Kaleidoscope","Quantum Egg","Frozen Eye","Turnip","Charon\u0027s Ashes","Iron Hammer","Bag of Preparation","MerchantsRug","Blood Vial"],"acts_visited":["Exordium","TheCity"],"potions_floor_usage":[23],"damage_taken":[{"damage":6.0,"enemies":"Jaw Worm","floor":1.0,"turns":3.0},{"damage":3.0,"enemies":"Small Slimes","floor":3.0,"turns":3.0},{"damage":0.0,"enemies":"Cultist","floor":4.0,"turns":2.0},{"damage":0.0,"enemies":"Gremlin Nob","floor":7.0,"turns":2.0},{"damage":0.0,"enemies":"Blue Slaver","floor":10.0,"turns":1.0},{"damage":0.0,"enemies":"Lagavulin","floor":11.0,"turns":3.0},{"damage":0.0,"enemies":"Lots of Slimes","floor":12.0,"turns":3.0},{"damage":19.0,"enemies":"Large Slime","floor":13.0,"turns":3.0},{"damage":34.0,"enemies":"The Guardian","floor":16.0,"turns":7.0},{"damage":11.0,"enemies":"Shell Parasite","floor":18.0,"turns":3.0},{"damage":26.0,"enemies":"3 Byrds","floor":19.0,"turns":4.0},{"damage":31.0,"enemies":"Sentry and Sphere","floor":20.0,"turns":4.0},{"damage":16.0,"enemies":"Snake Plant","floor":21.0,"turns":3.0},{"damage":34,"enemies":"Book of Stabbing","floor":23,"turns":4}],"seed_played":"3857588758763272002","potions_obtained":[{"floor":3.0,"key":"SneckoOil"},{"floor":11.0,"key":"Energy Potion"},{"floor":12.0,"key":"Strength Potion"},{"floor":16.0,"key":"Regen Potion"},{"floor":19.0,"key":"SteroidPotion"}],"is_trial":false,"path_per_floor":["M","?","M","M","?","R","E","?","T","M","E","M","M","$","R","B",null,"M","M","M","M","$","E"],"character_chosen":"IRONCLAD","items_purchased":["Quantum Egg","Frozen Eye","Turnip","Bag of Preparation","MerchantsRug","Blood Vial"],"campfire_rested":0,"item_purchase_floors":[0,0,0,14,14,22],"current_hp_per_floor":[24,24,27,33,33,33,42,34,34,44,50,60,47,47,47,19,73,68,48,27,17,17,0,0],"gold":129,"neow_bonus":"","is_daily":false,"chose_seed":false,"campfire_upgraded":2,"win_rate":0.0,"timestamp":1609708830,"path_taken":["M","?","M","M","?","R","E","?","T","M","E","M","?","$","R","BOSS","M","M","M","M","$","E"],"items_purchased_type":["Relic","Relic","Relic","Relic","Relic","Relic"],"build_version":"2020-12-22","purchased_purges":3,"victory":false,"max_hp_per_floor":[80,80,80,80,80,80,83,83,83,87,87,91,91,91,91,91,91,91,91,95,95,95,95,95],"card_choices":[{"not_picked":["Second Wind","Iron Wave","Anger"],"picked":"SKIP","floor":1.0},{"not_picked":["Dark Embrace","Run Through","Iron Wave"],"picked":"SKIP","floor":3.0},{"not_picked":["Life Link","Thunderclap"],"picked":"Feed","floor":4.0},{"not_picked":["Second Wind","Havoc","Pommel Strike"],"picked":"SKIP","floor":7.0},{"not_picked":["Warcry","Spot Weakness"],"picked":"Armaments","floor":10.0},{"not_picked":["True Grit","ReplayTheSpireMod:Strike From Hell"],"picked":"Shrug It Off","floor":11.0},{"not_picked":["Replay:Undeath\u0027s Touch","Twin Strike","Sever Soul"],"picked":"SKIP","floor":12.0},{"not_picked":["Flex","Fiend Fire","Sever Soul"],"picked":"SKIP","floor":13.0},{"not_picked":["Reaper","Bludgeon"],"picked":"Exhume","floor":16.0},{"not_picked":["Heavy Blade"],"picked":"SKIP","floor":18.0},{"not_picked":["Seeing Red"],"picked":"SKIP","floor":19.0},{"not_picked":[],"picked":"True Grit+1","floor":20.0},{"not_picked":["Body Slam"],"picked":"SKIP","floor":21.0}],"player_experience":246286,"relics_obtained":[{"floor":7.0,"key":"Charon\u0027s Ashes"},{"floor":9.0,"key":"Whetstone"},{"floor":11.0,"key":"Iron Hammer"}],"event_choices":[{"damage_healed":0.0,"max_hp_gain":0.0,"max_hp_loss":0.0,"gold_gain":74.0,"event_name":"Golden Wing","player_choice":"Gained Gold","floor":2.0,"gold_loss":0.0,"damage_taken":0.0},{"damage_healed":0.0,"max_hp_gain":0.0,"max_hp_loss":0.0,"gold_gain":0.0,"event_name":"Wheel of Change","player_choice":"Damaged","floor":8.0,"gold_loss":0.0,"damage_taken":8.0}],"is_beta":false,"boss_relics":[{"not_picked":["Empty Cage","Cursed Key"],"picked":"Busted Crown"}],"items_purged_floors":[0,0,22],"is_endless":false,"potions_floor_spawned":[3,11,12,16,19],"killed_by":"Book of Stabbing","ascension_level":8}}