{"host":"tl8jdqk9pnwb74j1","time":1609683626,"event":{"mods":["BaseMod","BetterRewards","Custom Start","Minty Spire (QoL Compilation)","Shop Mod","StSLib","SuperFastMode"],"gold_per_floor":[109,109,119,294,294,325,344,344,398,398,398,45,64,83,83,83,83],"floor_reached":16,"playtime":172,"items_purged":[],"score":175,"play_id":"45c11c77-6f03-46c4-98f6-61a8386fad4d","local_time":"20210103222026","is_ascension_mode":true,"campfire_choices":[{"floor":8,"key":"DIG"},{"floor":15,"key":"DIG"}],"circlet_count":0,"master_deck":["Strike_R+1","Strike_R","Strike_R","Strike_R","Strike_R","Defend_R","Defend_R","Defend_R","Defend_R","Bash+1","Pommel Strike","Shrug It Off","Shrug It Off","Shrug It Off"],"relics":["Burning Blood","NeowsBlessing","MealTicket","Shovel","Mercury Hourglass","Whetstone","Bird Faced Urn","MerchantsRug","CaptainsWheel","Eternal Feather"],"acts_visited":["Exordium"],"potions_floor_usage":[12],"damage_taken":[{"damage":0,"enemies":"Small Slimes","floor":1,"turns":1},{"damage":0,"enemies":"2 Louse","floor":3,"turns":1},{"damage":0,"enemies":"Gremlin Nob","floor":6,"turns":1},{"damage":9,"enemies":"Cultist","floor":7,"turns":3},{"damage":12,"enemies":"2 Fungi Beasts","floor":13,"turns":3},{"damage":18,"enemies":"Blue Slaver","floor":14,"turns":3},{"damage":0,"enemies":"The Guardian","floor":16,"turns":1}],"seed_played":"-1739719216300137255","potions_obtained":[{"floor":1,"key":"Ancient Potion"},{"floor":6,"key":"EntropicBrew"},{"floor":13,"key":"LiquidMemories"}],"is_trial":false,"path_per_floor":["M","?","M","?","?","E","M","R","T","?","?","$","M","M","R","B"],"character_chosen":"IRONCLAD","items_purchased":["MerchantsRug","CaptainsWheel"],"campfire_rested":0,"item_purchase_floors":[12,12],"current_hp_per_floor":[78,78,80,80,80,80,77,77,77,74,74,80,74,62,62,62,62],"gold":83,"neow_bonus":"THREE_ENEMY_KILL","is_daily":false,"chose_seed":false,"campfire_upgraded":0,"win_rate":0.0,"timestamp":1609683626,"path_taken":["M","?","M","?","?","E","M","R","T","?","?","$","M","?","R","BOSS"],"items_purchased_type":["Relic","Relic"],"build_version":"2020-12-22","purchased_purges":0,"victory":false,"max_hp_per_floor":[80,80,80,80,80,80,80,80,80,80,80,80,80,80,80,80,80],"card_choices":[{"not_picked":["Disarm","Clash"],"picked":"Pommel Strike","floor":1},{"not_picked":["Intimidate","Heavy Blade"],"picked":"Shrug It Off","floor":3},{"not_picked":["Clothesline","Flex","Corruption"],"picked":"SKIP","floor":6},{"not_picked":["Clothesline","Dropkick"],"picked":"Shrug It Off","floor":7},{"not_picked":["Heavy Blade","Armaments"],"picked":"Shrug It Off","floor":13},{"not_picked":["True Grit","Heavy Blade","Headbutt"],"picked":"SKIP","floor":14}],"player_experience":968017,"relics_obtained":[{"floor":6,"key":"Shovel"},{"floor":8,"key":"Mercury Hourglass"},{"floor":9,"key":"Whetstone"},{"floor":15,"key":"Eternal Feather"}],"event_choices":[{"damage_healed":0,"gold_gain":0,"player_choice":"Box","damage_taken":0,"relics_obtained":["MealTicket"],"max_hp_gain":0,"max_hp_loss":0,"event_name":"Big Fish","floor":2,"gold_loss":0,"cards_obtained":["Regret"]},{"damage_healed":0,"gold_gain":175,"player_choice":"AGREE","damage_taken":0,"max_hp_gain":0,"max_hp_loss":0,"event_name":"Liars Game","floor":4,"gold_loss":0,"cards_obtained":["Doubt"]},{"cards_removed":["Doubt"],"damage_healed":0,"gold_gain":0,"player_choice":"Forget","damage_taken":0,"max_hp_gain":0,"max_hp_loss":0,"event_name":"Living Wall","floor":5,"gold_loss":0},{"damage_healed":0,"gold_gain":0,"player_choice":"Success","damage_taken":3,"relics_obtained":["Bird Faced Urn"],"max_hp_gain":0,"max_hp_loss":0,"event_name":"Scrap Ooze","floor":10,"gold_loss":0},{"cards_removed":["Regret"],"damage_healed":0,"gold_gain":0,"player_choice":"Purged","damage_taken":0,"max_hp_gain":0,"max_hp_loss":0,"event_name":"Purifier","floor":11,"gold_loss":0}],"is_beta":false,"boss_relics":[],"items_purged_floors":[],"is_endless":false,"potions_floor_spawned":[1,6,13],"killed_by":"The Guardian","ascension_level":8}}