{"host":"6dypmz777xraikqf","time":1609652307,"event":{"mods":["AchievementEnabler","BaseMod","BetterRewards","Colored Map","Colored Powertips","Downfall","Highlight Path","Hubris","Infinite Spire","Minty Spire (QoL Compilation)","Replay The Spire","StSLib"],"gold_per_floor":[215,20,32,93,111,139,139,139,166,166,199,217,227,127,127,230,230,244,264,284,8,8,8,24,24,24,24,35,50,62,62,62,165,165,180,200,218,237,250,250,265,300,371,387,387,387,400,400,400,400,400],"floor_reached":50,"playtime":2675,"items_purged":["Defend_R","Strike_R","Strike_R"],"score":720,"play_id":"cc085169-856e-47b4-8e3a-14c93c7f0aaa","local_time":"20210103053827","is_ascension_mode":true,"campfire_choices":[{"data":"Armaments","floor":7,"key":"SMITH"},{"data":"ReplayTheSpireMod:Muscle Training","floor":15,"key":"SMITH"},{"data":"Finesse","floor":23,"key":"SMITH"},{"data":"Slimebound:CheckThePlaybook","floor":27,"key":"SMITH"},{"data":"Shrug It Off","floor":32,"key":"SMITH"},{"data":"Shrug It Off","floor":40,"key":"SMITH"},{"floor":49,"key":"REST"}],"circlet_count":0,"master_deck":["Strike_R","Strike_R","Strike_R","Defend_R+1","Defend_R","Defend_R","Bash","Shrug It Off+1","Shrug It Off","Armaments+1","Finesse+1","Shrug It Off+1","Pummel","ReplayTheSpireMod:Muscle Training+1","infinitespire:OneForAll+1","Anger","Metallicize+1","Anger","Dark Embrace+1","hubris:Insight","Slimebound:CheckThePlaybook+1","Anger+1","Intimidate+1","Shrug It Off","Replay:Sssssssssshield","Power Through","Reaper","Sentinel+1","Shrug It Off","Spot Weakness","Fire Breathing+1","Body Slam","hexamod:Haunted","Power Through","Writhe","hubris:Wrath","Replay:Hysterical Blindness","ReplayTheSpireMod:Haul+1","Parasite","Flex+1"],"relics":["Burning Blood","BargainBundle","Torii","Replay:Baseball","Lantern","InkBottle","Painkiller Herb","infinitespire:FocusingShard","Cursed Key","infinitespire:Broken Mirror","Golden Egg"],"acts_visited":["Exordium","TheCity","TheBeyond"],"potions_floor_usage":[6,6,16,29,33,33,33,38,41,50,50],"damage_taken":[{"damage":1,"enemies":"Cultist","floor":1,"turns":4},{"damage":1,"enemies":"2 Louse","floor":3,"turns":3},{"damage":0,"enemies":"Jaw Worm","floor":5,"turns":3},{"damage":2,"enemies":"Lagavulin","floor":6,"turns":8},{"damage":11,"enemies":"Replay:BlueRogue","floor":11,"turns":5},{"damage":1,"enemies":"2 Fungi Beasts","floor":12,"turns":4},{"damage":7,"enemies":"Looter","floor":13,"turns":2},{"damage":13,"enemies":"Hexaghost","floor":16,"turns":9},{"damage":2,"enemies":"2 Thieves","floor":18,"turns":4},{"damage":7,"enemies":"Chosen","floor":19,"turns":4},{"damage":18,"enemies":"Shelled Parasite and Fungi","floor":20,"turns":5},{"damage":0,"enemies":"Centurion and Healer","floor":24,"turns":5},{"damage":36,"enemies":"Snecko","floor":28,"turns":8},{"damage":2,"enemies":"Cultist and Chosen","floor":29,"turns":3},{"damage":5,"enemies":"Snake Plant","floor":30,"turns":3},{"damage":34,"enemies":"Automaton","floor":33,"turns":7},{"damage":1,"enemies":"3 Shapes","floor":35,"turns":3},{"damage":4,"enemies":"3 Darklings","floor":36,"turns":6},{"damage":11,"enemies":"4 Shapes","floor":37,"turns":7},{"damage":29,"enemies":"Writhing Mass","floor":38,"turns":6},{"damage":0,"enemies":"Maw","floor":39,"turns":7},{"damage":10,"enemies":"3 Darklings","floor":41,"turns":5},{"damage":56,"enemies":"Reptomancer","floor":42,"turns":8},{"damage":15,"enemies":"Sphere and 2 Shapes","floor":44,"turns":4},{"damage":6,"enemies":"Writhing Mass","floor":47,"turns":6},{"damage":61,"enemies":"Time Eater","floor":50,"turns":3}],"seed_played":"-290041557939751375","potions_obtained":[{"floor":4,"key":"Strength Potion"},{"floor":11,"key":"ColorlessPotion"},{"floor":12,"key":"LiquidMemories"},{"floor":19,"key":"BloodPotion"},{"floor":29,"key":"Dexterity Potion"},{"floor":33,"key":"Adrenaline Potion"},{"floor":35,"key":"DuplicationPotion"},{"floor":38,"key":"AttackPotion"},{"floor":42,"key":"Dexterity Potion"},{"floor":44,"key":"FearPotion"}],"is_trial":false,"path_per_floor":["M","$","M","?","M","E","R","?","T","?","E","M","M","$","R","B",null,"?","?","?","T","?","T","?","?","T","T","?","?","?","?","T","B",null,"?","?","?","?","?","T","?","E","T","?","?","?","?","?","T","B"],"character_chosen":"IRONCLAD","items_purchased":["BargainBundle","sneckomod:MuddlingPotion","BloodPotion","ColorlessPotion","Shrug It Off","Armaments","Finesse","Dark Embrace","hubris:Insight"],"campfire_rested":1,"item_purchase_floors":[2,2,2,2,2,2,2,21,21],"current_hp_per_floor":[77,77,80,80,80,80,80,68,68,52,47,52,51,51,51,44,71,75,74,62,62,62,62,68,68,68,68,38,56,57,45,45,31,62,67,69,67,46,59,59,65,22,22,13,31,31,31,31,52,0,0],"gold":400,"neow_bonus":"HUNDRED_GOLD","is_daily":false,"chose_seed":false,"campfire_upgraded":6,"win_rate":0.0,"timestamp":1609652307,"path_taken":["M","$","M","?","M","E","R","?","T","?","E","?","M","$","R","BOSS","?","?","?","T","?","T","?","?","T","T","?","?","?","?","T","BOSS","?","?","?","?","?","T","?","E","T","?","?","?","?","?","T","BOSS"],"items_purchased_type":["Relic","Potion","Potion","Potion","Card","Card","Card","Card","Card"],"build_version":"2020-12-22","purchased_purges":3,"victory":false,"max_hp_per_floor":[80,80,80,80,80,80,80,80,80,80,80,80,80,80,80,80,80,80,80,80,80,80,80,80,72,72,72,72,72,72,72,72,72,72,72,72,72,72,72,72,72,72,72,72,72,72,72,72,72,72,72],"card_choices":[{"not_picked":["ReplayTheSpireMod:Strike From Hell","Perfected Strike"],"picked":"Shrug It Off","floor":1},{"not_picked":["ReplayTheSpireMod:Limb From Limb","Havoc"],"picked":"Shrug It Off","floor":3},{"not_picked":["hubris:ReadiedAction","Body Slam"],"picked":"Pummel","floor":4},{"not_picked":["Dual Wield","hubris:CleavingFinish"],"picked":"ReplayTheSpireMod:Muscle Training","floor":5},{"not_picked":["Anger","Run Through"],"picked":"infinitespire:OneForAll","floor":6},{"not_picked":["Fiend Fire","True Grit","Eclipse"],"picked":"SKIP","floor":11},{"not_picked":["Massacre","Cleave","Clothesline"],"picked":"SKIP","floor":12},{"not_picked":["Dual Wield","Thunderclap","Second Wind"],"picked":"SKIP","floor":13},{"not_picked":["Inflame","Twin Strike"],"picked":"Anger","floor":18},{"not_picked":["Body Slam","Clothesline+1"],"picked":"Metallicize+1","floor":19},{"not_picked":["Shrug It Off","Whirlwind+1"],"picked":"Anger","floor":20},{"not_picked":["Double Tap","Sentinel","Clothesline"],"picked":"SKIP","floor":24},{"not_picked":["Cleave","Abandon"],"picked":"Anger+1","floor":28},{"not_picked":["Combust+1","Wild Strike+1"],"picked":"Intimidate+1","floor":29},{"not_picked":["Perfected Strike","ReplayTheSpireMod:Strike From Hell"],"picked":"Shrug It Off","floor":30},{"not_picked":["hubris:ReadiedAction+1","Thunderclap+1"],"picked":"Power Through","floor":35},{"not_picked":["Searing Blow+1","ReplayReversal+1"],"picked":"Reaper","floor":36},{"not_picked":["Rage","Bloodletting"],"picked":"Sentinel+1","floor":37},{"not_picked":["Sword Boomerang","Iron Wave+1"],"picked":"Shrug It Off","floor":38},{"not_picked":["Anger","ReplayTheSpireMod:Strike From Hell"],"picked":"Spot Weakness","floor":39},{"not_picked":["Cleave","Shrug It Off+1"],"picked":"Fire Breathing+1","floor":41},{"not_picked":["Twin Strike","Heavy Blade+1"],"picked":"Body Slam","floor":42},{"not_picked":["Pommel Strike+1","Clothesline"],"picked":"Power Through","floor":44},{"not_picked":["infinitespire:Fortify","infinitespire:Oblivion"],"picked":"ReplayTheSpireMod:Haul","floor":46},{"not_picked":["Headbutt","Thunderclap"],"picked":"Flex+1","floor":47}],"player_experience":83167,"relics_obtained":[{"floor":6,"key":"Torii"},{"floor":9,"key":"Lantern"},{"floor":11,"key":"InkBottle"},{"floor":26,"key":"infinitespire:FocusingShard"},{"floor":42,"key":"infinitespire:Broken Mirror"},{"floor":43,"key":"Golden Egg"}],"event_choices":[{"damage_healed":0,"gold_gain":0,"player_choice":"Success","damage_taken":12,"relics_obtained":["Replay:Baseball"],"max_hp_gain":0,"max_hp_loss":0,"event_name":"Scrap Ooze","floor":8,"gold_loss":0},{"damage_healed":0,"gold_gain":0,"player_choice":"Entered Light","damage_taken":16,"max_hp_gain":0,"max_hp_loss":0,"event_name":"Shining Light","floor":10,"gold_loss":0,"cards_upgraded":["Defend_R","infinitespire:OneForAll"]},{"damage_healed":0,"gold_gain":0,"player_choice":"CARD ","damage_taken":12,"max_hp_gain":0,"max_hp_loss":0,"event_name":"Knowing Skull","floor":31,"potions_obtained":[],"gold_loss":0,"cards_obtained":["Replay:Sssssssssshield"]},{"damage_healed":18,"gold_gain":0,"player_choice":"Writhe","damage_taken":0,"max_hp_gain":0,"max_hp_loss":0,"event_name":"Winding Halls","floor":45,"gold_loss":0,"cards_obtained":["Writhe"]},{"damage_healed":0,"gold_gain":0,"player_choice":"Forge","damage_taken":0,"max_hp_gain":0,"max_hp_loss":0,"event_name":"Accursed Blacksmith","floor":48,"gold_loss":0,"cards_upgraded":["ReplayTheSpireMod:Haul"]}],"is_beta":false,"boss_relics":[{"not_picked":["Fusion Hammer","Replay:Bronze Core"],"picked":"Painkiller Herb"},{"not_picked":["infinitespire:Burning Sword","SacredBark"],"picked":"Cursed Key"}],"items_purged_floors":[2,14,21],"is_endless":false,"potions_floor_spawned":[11,12,13,19,20,24,29,33,35,38,42,44],"killed_by":"Time Eater","ascension_level":6}}