{"host":"w6bv7e6dabj27l4i","time":1609716435,"event":{"mods":["Act Like it!","BaseMod","Colored Map","Custom Start","Downfall","Minty Spire (QoL Compilation)","Quick Restart","StSLib","Synergy Search","Unceasing Turn Reminder","slay the spire mod where everything is the same but ironclad has a cowboy hat"],"gold_per_floor":[99,115,115,135,149,74,74,94,119,44,3,21,46,65,77,178,178,103,103,103,118,138,138,138,152,152,182,282,129,129,154,171,272,272,272,286,297,315,590,609,632,646,646,13,25,25,53,63,77,77,77,112,18,18,18],"floor_reached":56,"playtime":3813,"items_purged":[],"score":1383,"play_id":"a72d0c2e-ee46-484d-b754-fa0d63427fea","local_time":"20210103172715","is_ascension_mode":false,"campfire_choices":[{"floor":1,"key":"RECALL"},{"data":"Guardian:DonusPower","floor":6,"key":"SMITH"},{"data":"Guardian:EvasiveProtocol","floor":10,"key":"SMITH"},{"data":"Guardian:HyperBeam_Guardian","floor":18,"key":"SMITH"},{"data":"Guardian:DecasProtection","floor":23,"key":"SMITH"},{"data":"Guardian:SphericShield","floor":26,"key":"SMITH"},{"data":"Guardian:AncientConstruct","floor":35,"key":"SMITH"},{"data":"Guardian:DonusPower","floor":43,"key":"SMITH"},{"data":"Guardian:EvasiveProtocol","floor":54,"key":"SMITH"}],"circlet_count":0,"master_deck":["Guardian:CurlUp","Guardian:TwinSlam","Guardian:Reroute","Guardian:DonusPower+1","Guardian:EvasiveProtocol+1","Guardian:PrimingBeam","Guardian:HyperBeam_Guardian+1","Guardian:DecasProtection+1","Guardian:ShieldCharger","Guardian:ShieldCharger","Guardian:SphericShield+1","Pain","Guardian:PrismaticBeam","Guardian:BronzeArmor+1","Guardian:FloatingOrbs","Guardian:SpikerProtocol","Guardian:ShieldSpikes","Guardian:AncientConstruct+1","Guardian:GuardianWhirl+1","Guardian:SphericShield","Guardian:PrimingBeam","Guardian:PolyBeam","Guardian:ChargeCore","Guardian:ArmoredProtocol","Guardian:DonusPower+1","Guardian:PolyBeam","Guardian:GuardianWhirl","Guardian:DonusPower+1","Regret","Guardian:FuturePlans","Sadistic Nature","Guardian:ArmoredProtocol","Guardian:Preprogram","Guardian:TemporalStrike","Guardian:FloatingOrbs+1","expansioncontent:CaCaw","expansioncontent:TimeRipple","expansioncontent:Flail","Guardian:WalkerClaw","Guardian:Repulse","Guardian:SpikerProtocol","Guardian:EvasiveProtocol+1","expansioncontent:CaCaw"],"relics":["Sozu","downfall:HeartBlessingRed","PreservedInsect","downfall:HeartBlessingGreen","Orichalcum","expansioncontent:StudyCardRelic","downfall:HeartBlessingBlue","Meat on the Bone","Blue Candle","Mummified Hand","Du-Vu Doll","InkBottle","Pen Nib","Pandora\u0027s Box","Art of War","Torii","Toolbox","Bag of Preparation","Bag of Marbles","Bronze Scales"],"acts_visited":["Exordium","TheCity","TheBeyond","TheEnding"],"potions_floor_usage":[],"damage_taken":[{"damage":0,"enemies":"Cultist","floor":2,"turns":4},{"damage":0,"enemies":"Small Slimes","floor":4,"turns":3},{"damage":1,"enemies":"Jaw Worm","floor":5,"turns":3},{"damage":5,"enemies":"Lots of Slimes","floor":8,"turns":3},{"damage":21,"enemies":"3 Sentries","floor":9,"turns":10},{"damage":0,"enemies":"downfall:FleeingMerchant","floor":11,"turns":4},{"damage":0,"enemies":"2 Fungi Beasts","floor":12,"turns":3},{"damage":3,"enemies":"Lagavulin","floor":13,"turns":4},{"damage":4,"enemies":"Blue Slaver","floor":14,"turns":4},{"damage":14,"enemies":"Exordium Thugs","floor":15,"turns":3},{"damage":15,"enemies":"downfall:Defect","floor":16,"turns":8},{"damage":11,"enemies":"Shell Parasite","floor":21,"turns":3},{"damage":11,"enemies":"Spheric Guardian","floor":22,"turns":4},{"damage":0,"enemies":"Chosen and Byrds","floor":25,"turns":3},{"damage":1,"enemies":"Gremlin Leader","floor":27,"turns":6},{"damage":1,"enemies":"downfall:Silent","floor":28,"turns":4},{"damage":1,"enemies":"downfall:FleeingMerchant","floor":29,"turns":4},{"damage":0,"enemies":"Slavers","floor":31,"turns":3},{"damage":33,"enemies":"Snake Plant","floor":32,"turns":2},{"damage":1,"enemies":"downfall:Watcher","floor":33,"turns":6},{"damage":11,"enemies":"3 Shapes","floor":36,"turns":2},{"damage":0,"enemies":"3 Darklings","floor":37,"turns":2},{"damage":1,"enemies":"Jaw Worm Horde","floor":38,"turns":3},{"damage":16,"enemies":"Writhing Mass","floor":40,"turns":3},{"damage":0,"enemies":"4 Shapes","floor":42,"turns":1},{"damage":0,"enemies":"downfall:FleeingMerchant","floor":44,"turns":1},{"damage":1,"enemies":"3 Darklings","floor":45,"turns":3},{"damage":9,"enemies":"Nemesis","floor":47,"turns":3},{"damage":1,"enemies":"Jaw Worm Horde","floor":48,"turns":2},{"damage":1,"enemies":"Transient","floor":49,"turns":5},{"damage":29,"enemies":"downfall:Silent","floor":50,"turns":9},{"damage":1,"enemies":"downfall:CharBossMerchant","floor":52,"turns":4},{"damage":7,"enemies":"downfall:NeowBoss","floor":55,"turns":15}],"seed_played":"7969677367515398317","potions_obtained":[],"is_trial":false,"path_per_floor":["R","M","?","M","M","R","T","M","E","R","$","M","E","M","M","B",null,"R","?","?","M","M","R","T","M","R","E","?","$","?","E","M","B",null,"R","M","M","M","?","M","T","M","R","$","M","?","E","M","M","B",null,"E","$","R","B",null],"character_chosen":"GUARDIAN","items_purchased":["Guardian:Gem_Red","Guardian:SpikerProtocol","Guardian:ShieldSpikes","Sadistic Nature","Guardian:ArmoredProtocol","Guardian:Preprogram","Guardian:TemporalStrike","Torii","Toolbox","Bag of Preparation","expansioncontent:CaCaw"],"campfire_rested":0,"item_purchase_floors":[11,29,29,44,44,44,44,44,44,44,53],"current_hp_per_floor":[80,80,80,80,79,79,79,74,53,53,53,53,50,46,32,17,80,90,90,90,79,68,68,68,68,68,67,66,65,65,65,44,55,90,90,79,79,78,78,62,62,62,62,62,61,51,54,53,52,35,90,89,89,89,82],"gold":18,"neow_bonus":"BOSS_RELIC","is_daily":false,"chose_seed":false,"campfire_upgraded":8,"win_rate":0.0,"timestamp":1609716435,"path_taken":["R","?","?","M","M","R","T","M","E","R","?","M","E","?","M","BOSS","R","?","?","?","M","R","T","M","R","E","?","$","?","E","M","BOSS","R","?","M","M","?","M","T","M","R","$","?","?","E","M","M","BOSS","E","$","R","BOSS"],"items_purchased_type":["Card","Card","Card","Card","Card","Card","Card","Relic","Relic","Relic","Card"],"build_version":"2020-12-22","purchased_purges":0,"victory":true,"max_hp_per_floor":[80,80,80,80,80,80,80,80,80,80,80,80,80,80,80,80,80,90,90,90,90,90,90,90,90,90,90,90,90,90,90,90,90,90,90,90,90,90,90,90,90,90,90,90,90,90,90,90,90,90,90,90,90,90,90],"card_choices":[{"not_picked":["Guardian:TemporalShield","Guardian:MultiBeam"],"picked":"Guardian:Gem_Cyan","floor":2},{"not_picked":["Guardian:Gem_Green","Guardian:TemporalShield"],"picked":"Guardian:Reroute","floor":4},{"not_picked":["Guardian:Gem_Purple","Guardian:Gem_Blue"],"picked":"Guardian:DonusPower","floor":5},{"not_picked":["Guardian:CrystalBeam","Guardian:Planning"],"picked":"Guardian:Gem_Lightblue","floor":8},{"not_picked":["Guardian:ShieldCharger","Guardian:ChargeCore"],"picked":"Guardian:EvasiveProtocol","floor":9},{"not_picked":["Guardian:Gem_Green","Guardian:Gem_Lightblue"],"picked":"Guardian:PrimingBeam","floor":11},{"not_picked":["Guardian:GuardianWhirl","Guardian:Gem_Purple"],"picked":"Guardian:HyperBeam_Guardian","floor":12},{"not_picked":["Guardian:Gem_Green","Guardian:TimeCapacitor"],"picked":"Guardian:DecasProtection","floor":13},{"not_picked":["Guardian:EvasiveProtocol","Guardian:Gem_Cyan"],"picked":"Guardian:ShieldCharger","floor":14},{"not_picked":["Guardian:Gem_Blue","Guardian:Incinerate"],"picked":"Guardian:ShieldCharger","floor":15},{"not_picked":["Guardian:ExploitGems","Guardian:GemFire"],"picked":"Guardian:SphericShield","floor":16},{"not_picked":["Guardian:RollAttack+1","Guardian:VentSteam"],"picked":"Guardian:PrismaticBeam","floor":21},{"not_picked":["Guardian:Gem_Purple","Guardian:Gem_Green"],"picked":"Guardian:Gem_Lightblue","floor":22},{"not_picked":["Guardian:ArmoredProtocol+1","Guardian:Gem_White"],"picked":"Guardian:BronzeArmor+1","floor":25},{"not_picked":["Guardian:PrimingBeam","Guardian:TemporalStrike","Guardian:PrismaticBeam+1"],"picked":"SKIP","floor":27},{"not_picked":["Guardian:WalkerClaw","Guardian:TimeBomb"],"picked":"Guardian:Gem_Fragmented","floor":28},{"not_picked":["Guardian:RollAttack","Guardian:BronzeOrb"],"picked":"Guardian:FloatingOrbs","floor":29},{"not_picked":["Guardian:VentSteam+1","Guardian:PrimingBeam"],"picked":"Guardian:AncientConstruct","floor":31},{"not_picked":["Guardian:Emergency","Guardian:TemporalShield"],"picked":"Guardian:GuardianWhirl+1","floor":32},{"not_picked":["Guardian:StasisField","Guardian:ExploitGems"],"picked":"Guardian:SphericShield","floor":33},{"not_picked":["Guardian:ChargeCore","Guardian:Gem_Lightblue"],"picked":"Guardian:Gem_Blue","floor":36},{"not_picked":["Guardian:PrimingBeam","Guardian:Suspension+1"],"picked":"Guardian:DonusPower+1","floor":37},{"not_picked":["Guardian:Planning","Guardian:PiercingHide","Guardian:Incinerate+1"],"picked":"SKIP","floor":38},{"not_picked":["Guardian:Gem_Cyan","Guardian:RollAttack"],"picked":"Guardian:Gem_Lightblue","floor":40},{"not_picked":["Guardian:Gem_Lightblue","Guardian:TemporalStrike","Guardian:ShieldCharger"],"picked":"SKIP","floor":42},{"not_picked":["Guardian:Reroute","Guardian:BronzeOrb"],"picked":"Guardian:FuturePlans","floor":44},{"not_picked":["Guardian:SpikerProtocol","Guardian:Planning+1"],"picked":"Guardian:FloatingOrbs+1","floor":45},{"not_picked":["expansioncontent:TimeRipple","expansioncontent:GoopSpray"],"picked":"expansioncontent:CaCaw","floor":46},{"not_picked":["expansioncontent:PolyBeam","expansioncontent:BronzeBeam"],"picked":"expansioncontent:TimeRipple","floor":46},{"not_picked":["expansioncontent:ManipulateTime","expansioncontent:TimeRipple"],"picked":"expansioncontent:Flail","floor":46},{"not_picked":["Guardian:WalkerClaw","Guardian:CrystalBeam+1","Guardian:Gem_Purple"],"picked":"SKIP","floor":47},{"not_picked":["Guardian:CrystalBeam+1","Guardian:Gem_Purple"],"picked":"Guardian:WalkerClaw","floor":47},{"not_picked":["Guardian:PrimingBeam+1","Guardian:Suspension+1"],"picked":"Guardian:Repulse","floor":48},{"not_picked":["Guardian:ShieldSpikes","Guardian:Gem_Green"],"picked":"Guardian:SpikerProtocol","floor":49},{"not_picked":["Guardian:Planning","Guardian:Harden+1"],"picked":"Guardian:EvasiveProtocol","floor":52}],"player_experience":480140,"relics_obtained":[{"floor":9,"key":"PreservedInsect"},{"floor":13,"key":"Orichalcum"},{"floor":24,"key":"Blue Candle"},{"floor":27,"key":"Mummified Hand"},{"floor":28,"key":"Du-Vu Doll"},{"floor":28,"key":"InkBottle"},{"floor":31,"key":"Pen Nib"},{"floor":41,"key":"Art of War"},{"floor":47,"key":"Bag of Marbles"},{"floor":52,"key":"Bronze Scales"}],"event_choices":[{"damage_healed":0,"gold_gain":0,"player_choice":"Ignored","damage_taken":0,"max_hp_gain":0,"max_hp_loss":0,"event_name":"Vampires","floor":19,"gold_loss":0},{"damage_healed":0,"gold_gain":0,"player_choice":"Got Potions","damage_taken":0,"max_hp_gain":0,"max_hp_loss":0,"event_name":"Lab","floor":30,"gold_loss":0}],"is_beta":false,"boss_relics":[{"not_picked":["Runic Dome","Cursed Key"],"picked":"expansioncontent:StudyCardRelic"},{"not_picked":["Empty Cage","Busted Crown"],"picked":"Pandora\u0027s Box"}],"items_purged_floors":[],"is_endless":false,"potions_floor_spawned":[4,5,12,13,16,25,27,33,36,38,48,49,52],"ascension_level":0}}