{"host":"s41rn2jhghpwfrvz","time":1609645401,"event":{"mods":["BaseMod","Minty Spire (QoL Compilation)","Quick Restart","Relic Stats","SuperFastMode"],"gold_per_floor":[111,122,122,135,135,165,178,207,258,258,270,270,296,327,327,405,405,418,343,343,360,360,386,415,431,431,457,457,457,471,497,497,572,572,589,600,620,637,221,246,258,285,322,360,402,425,437,474,486,498,510,522,534,30,57,57],"floor_reached":57,"playtime":2066,"items_purged":[],"score":4025,"play_id":"b7012c85-3ddf-4c45-8c53-673dab4affed","local_time":"20210103054321","daily_mods":["SealedDeck","Diverse","DeadlyEvents"],"is_ascension_mode":true,"campfire_choices":[{"data":"Prostrate","floor":10,"key":"SMITH"},{"data":"Prostrate","floor":12,"key":"SMITH"},{"data":"Skim","floor":15,"key":"SMITH"},{"floor":28,"key":"RECALL"},{"data":"Blur","floor":32,"key":"SMITH"},{"data":"Panacea","floor":49,"key":"SMITH"},{"data":"Evolve","floor":53,"key":"SMITH"}],"circlet_count":0,"master_deck":["AscendersBane","Well Laid Plans","Wallop+1","Prostrate+1","Blur+1","Prostrate+1","Skim+1","Evolve+1","Quick Slash+1","Panacea+1","Footwork"],"relics":["Burning Blood","Molten Egg 2","Odd Mushroom","Lantern","WingedGreaves","Busted Crown","Eternal Feather","Centennial Puzzle","Mummified Hand","Whetstone","PreservedInsect","Black Star","Medical Kit","Anchor","FossilizedHelix","Orichalcum","StoneCalendar","MawBank","Toy Ornithopter","White Beast Statue","Ornamental Fan","InkBottle","Thread and Needle","Oddly Smooth Stone","Champion Belt","OrangePellets","Bag of Preparation","Art of War","Pear","Boot"],"acts_visited":["Exordium","TheCity","TheBeyond","TheEnding"],"potions_floor_usage":[13,56,56],"damage_taken":[{"damage":0,"enemies":"Jaw Worm","floor":1,"turns":4},{"damage":0,"enemies":"Small Slimes","floor":2,"turns":3},{"damage":0,"enemies":"Cultist","floor":4,"turns":3},{"damage":0,"enemies":"Gremlin Nob","floor":6,"turns":4},{"damage":0,"enemies":"Looter","floor":7,"turns":3},{"damage":0,"enemies":"The Mushroom Lair","floor":8,"turns":5},{"damage":0,"enemies":"2 Fungi Beasts","floor":11,"turns":3},{"damage":2,"enemies":"3 Sentries","floor":13,"turns":5},{"damage":0,"enemies":"Lagavulin","floor":14,"turns":4},{"damage":0,"enemies":"Slime Boss","floor":16,"turns":5},{"damage":0,"enemies":"3 Byrds","floor":18,"turns":4},{"damage":13,"enemies":"2 Thieves","floor":21,"turns":3},{"damage":26,"enemies":"Gremlin Leader","floor":23,"turns":6},{"damage":0,"enemies":"Book of Stabbing","floor":24,"turns":5},{"damage":0,"enemies":"Sentry and Sphere","floor":25,"turns":5},{"damage":0,"enemies":"Gremlin Leader","floor":27,"turns":4},{"damage":0,"enemies":"Cultist and Chosen","floor":30,"turns":4},{"damage":0,"enemies":"Book of Stabbing","floor":31,"turns":3},{"damage":0,"enemies":"Automaton","floor":33,"turns":5},{"damage":0,"enemies":"Orb Walker","floor":35,"turns":2},{"damage":0,"enemies":"3 Shapes","floor":36,"turns":1},{"damage":0,"enemies":"Spire Growth","floor":37,"turns":4},{"damage":0,"enemies":"Sphere and 2 Shapes","floor":38,"turns":4},{"damage":0,"enemies":"Nemesis","floor":40,"turns":5},{"damage":0,"enemies":"4 Shapes","floor":41,"turns":4},{"damage":0,"enemies":"Giant Head","floor":42,"turns":4},{"damage":0,"enemies":"Nemesis","floor":44,"turns":3},{"damage":0,"enemies":"Reptomancer","floor":45,"turns":4},{"damage":0,"enemies":"Writhing Mass","floor":46,"turns":4},{"damage":0,"enemies":"Nemesis","floor":48,"turns":3},{"damage":0,"enemies":"Donu and Deca","floor":50,"turns":6},{"damage":0,"enemies":"Awakened One","floor":51,"turns":10},{"damage":0,"enemies":"Shield and Spear","floor":55,"turns":3},{"damage":0,"enemies":"The Heart","floor":56,"turns":8}],"seed_played":"4639553606580696998","potions_obtained":[{"floor":1,"key":"Block Potion"},{"floor":7,"key":"EssenceOfSteel"},{"floor":13,"key":"EssenceOfSteel"},{"floor":18,"key":"Dexterity Potion"},{"floor":27,"key":"Dexterity Potion"}],"is_trial":true,"path_per_floor":["M","M","?","M","?","E","M","?","T","R","M","R","E","E","R","B",null,"M","?","$","M","?","E","E","M","T","E","R","?","M","E","R","B",null,"M","M","M","M","$","E","M","E","T","E","E","M","$","E","R","B","B",null,"R","$","E","B",null],"character_chosen":"IRONCLAD","items_purchased":["Medical Kit","Panacea","Anchor","OrangePellets","Bag of Preparation","Art of War"],"campfire_rested":0,"item_purchase_floors":[39,39,39,54,54,54],"current_hp_per_floor":[74,75,68,74,75,75,75,75,75,75,75,75,75,75,75,75,75,75,75,75,68,68,48,54,60,60,66,69,69,75,75,75,75,75,75,75,75,75,75,75,75,75,75,75,75,75,75,75,75,75,75,75,75,75,85,85],"gold":57,"neow_bonus":"","is_daily":false,"chose_seed":false,"campfire_upgraded":6,"win_rate":0.0,"timestamp":1609645401,"path_taken":["M","M","?","M","?","?","?","?","T","R","M","R","E","?","R","BOSS","M","?","$","M","?","E","E","M","T","E","R","?","M","E","R","BOSS","M","M","?","?","$","E","M","E","T","E","E","?","$","?","R","BOSS","BOSS","R","$","E","BOSS"],"items_purchased_type":["Relic","Card","Relic","Relic","Relic","Relic"],"build_version":"2020-12-22","purchased_purges":0,"victory":true,"max_hp_per_floor":[75,75,75,75,75,75,75,75,75,75,75,75,75,75,75,75,75,75,75,75,75,75,75,75,75,75,75,75,75,75,75,75,75,75,75,75,75,75,75,75,75,75,75,75,75,75,75,75,75,75,75,75,75,75,85,85],"relic_stats":{"counters":[34,143],"Eternal Feather":3,"StoneCalendar":[52],"PreservedInsect":418,"Bag of Preparation":[4],"Whetstone":["Wallop"],"Orichalcum":[0],"Medical Kit":[25],"MawBank":144,"Boot":[0],"Burning Blood":51,"OrangePellets":[0],"Centennial Puzzle":[0],"Busted Crown":42,"Mummified Hand":[53],"Ornamental Fan":[88],"Black Star":6,"Art of War":[0],"Champion Belt":[0],"obtain_stats":[{"Lantern":13,"StoneCalendar":42,"Bag of Preparation":54,"Whetstone":27,"Boot":55,"Burning Blood":0,"Centennial Puzzle":24,"Mummified Hand":26,"WingedGreaves":14,"InkBottle":45,"Pear":55,"Oddly Smooth Stone":48,"Eternal Feather":23,"Thread and Needle":45,"PreservedInsect":31,"Odd Mushroom":8,"Orichalcum":40,"Medical Kit":39,"MawBank":42,"White Beast Statue":44,"OrangePellets":54,"Anchor":39,"Busted Crown":17,"Ornamental Fan":44,"Molten Egg 2":6,"Black Star":34,"Art of War":54,"Champion Belt":48,"FossilizedHelix":40,"Toy Ornithopter":43},{"Lantern":8,"StoneCalendar":26,"Bag of Preparation":32,"Whetstone":16,"Boot":33,"Burning Blood":0,"Centennial Puzzle":14,"Mummified Hand":15,"WingedGreaves":9,"InkBottle":28,"Pear":33,"Oddly Smooth Stone":30,"Eternal Feather":13,"Thread and Needle":28,"PreservedInsect":18,"Odd Mushroom":6,"Orichalcum":24,"Medical Kit":23,"MawBank":26,"White Beast Statue":27,"OrangePellets":32,"Anchor":23,"Busted Crown":10,"Ornamental Fan":27,"Molten Egg 2":4,"Black Star":19,"Art of War":32,"Champion Belt":30,"FossilizedHelix":24,"Toy Ornithopter":26},{"Lantern":30,"StoneCalendar":102,"Bag of Preparation":132,"Whetstone":66,"Boot":135,"Burning Blood":0,"Centennial Puzzle":57,"Mummified Hand":62,"WingedGreaves":34,"InkBottle":109,"Pear":135,"Oddly Smooth Stone":116,"Eternal Feather":52,"Thread and Needle":109,"PreservedInsect":73,"Odd Mushroom":22,"Orichalcum":94,"Medical Kit":89,"MawBank":102,"White Beast Statue":105,"OrangePellets":132,"Anchor":89,"Busted Crown":39,"Ornamental Fan":105,"Molten Egg 2":14,"Black Star":78,"Art of War":132,"Champion Belt":116,"FossilizedHelix":94,"Toy Ornithopter":102}],"Toy Ornithopter":0,"InkBottle":[25]},"card_choices":[{"not_picked":["Perfected Strike","Melter","Blur"],"picked":"SKIP","floor":1},{"not_picked":["Spot Weakness","Cold Snap","Rebound"],"picked":"SKIP","floor":2},{"not_picked":["MentalFortress","Static Discharge","Endless Agony"],"picked":"SKIP","floor":4},{"not_picked":["Halt","CrushJoints+1","Multi-Cast"],"picked":"SKIP","floor":6},{"not_picked":["Halt","CrushJoints+1","Multi-Cast"],"picked":"SKIP","floor":6},{"not_picked":["Streamline+1","Carnage+1"],"picked":"Evolve","floor":7},{"not_picked":["Ghostly Armor","Sucker Punch+1","Predator+1"],"picked":"SKIP","floor":11},{"not_picked":["Quick Slash+1","Disarm","ThirdEye"],"picked":"SKIP","floor":13},{"not_picked":["Static Discharge","InnerPeace","Disarm"],"picked":"SKIP","floor":14},{"not_picked":["Skim"],"picked":"SKIP","floor":18},{"not_picked":["Predator+1"],"picked":"SKIP","floor":21},{"not_picked":["FlurryOfBlows+1"],"picked":"SKIP","floor":23},{"not_picked":["FlurryOfBlows+1"],"picked":"SKIP","floor":23},{"not_picked":["Sweeping Beam+1"],"picked":"SKIP","floor":24},{"not_picked":[],"picked":"Quick Slash+1","floor":25},{"not_picked":["Prostrate"],"picked":"SKIP","floor":27},{"not_picked":["Cleave+1"],"picked":"SKIP","floor":30},{"not_picked":["Flame Barrier"],"picked":"SKIP","floor":31},{"not_picked":["Protect"],"picked":"SKIP","floor":35},{"not_picked":["Searing Blow+1"],"picked":"SKIP","floor":36},{"not_picked":["Backstab+1"],"picked":"SKIP","floor":37},{"not_picked":["Spot Weakness"],"picked":"SKIP","floor":38},{"not_picked":["Havoc"],"picked":"SKIP","floor":40},{"not_picked":["Go for the Eyes+1"],"picked":"SKIP","floor":41},{"not_picked":["ThirdEye"],"picked":"SKIP","floor":42},{"not_picked":["Accuracy"],"picked":"SKIP","floor":44},{"not_picked":["MentalFortress"],"picked":"SKIP","floor":45},{"not_picked":["Cloak And Dagger+1"],"picked":"SKIP","floor":46},{"not_picked":["Entrench"],"picked":"SKIP","floor":48},{"not_picked":[],"picked":"Footwork","floor":55}],"player_experience":1636692,"relics_obtained":[{"floor":6,"key":"Molten Egg 2"},{"floor":8,"key":"Odd Mushroom"},{"floor":13,"key":"Lantern"},{"floor":14,"key":"WingedGreaves"},{"floor":23,"key":"Eternal Feather"},{"floor":24,"key":"Centennial Puzzle"},{"floor":26,"key":"Mummified Hand"},{"floor":27,"key":"Whetstone"},{"floor":31,"key":"PreservedInsect"},{"floor":40,"key":"FossilizedHelix"},{"floor":40,"key":"Orichalcum"},{"floor":42,"key":"StoneCalendar"},{"floor":42,"key":"MawBank"},{"floor":43,"key":"Toy Ornithopter"},{"floor":44,"key":"White Beast Statue"},{"floor":44,"key":"Ornamental Fan"},{"floor":45,"key":"InkBottle"},{"floor":45,"key":"Thread and Needle"},{"floor":48,"key":"Oddly Smooth Stone"},{"floor":48,"key":"Champion Belt"},{"floor":55,"key":"Pear"},{"floor":55,"key":"Boot"}],"event_choices":[{"cards_removed":["Prepared"],"damage_healed":0,"gold_gain":0,"player_choice":"Card Removal","damage_taken":7,"max_hp_gain":0,"max_hp_loss":0,"event_name":"Golden Wing","floor":3,"gold_loss":0},{"cards_removed":["Endless Agony"],"damage_healed":1,"gold_gain":0,"player_choice":"Offered Uncommon","damage_taken":0,"max_hp_gain":0,"max_hp_loss":0,"event_name":"Bonfire Elementals","floor":5,"gold_loss":0},{"damage_healed":0,"gold_gain":0,"player_choice":"Fought Mushrooms","damage_taken":0,"max_hp_gain":0,"max_hp_loss":0,"event_name":"Mushrooms","floor":8,"gold_loss":0},{"cards_removed":["Shrug It Off"],"damage_healed":0,"gold_gain":0,"player_choice":"Gave Gold","damage_taken":0,"max_hp_gain":0,"max_hp_loss":0,"event_name":"Beggar","floor":19,"gold_loss":75},{"cards_removed":["Melter"],"damage_healed":0,"gold_gain":0,"player_choice":"Elegance","damage_taken":0,"max_hp_gain":0,"max_hp_loss":0,"event_name":"Back to Basics","floor":22,"gold_loss":0},{"damage_healed":0,"gold_gain":0,"player_choice":"Got Potions","damage_taken":0,"max_hp_gain":0,"max_hp_loss":0,"event_name":"Lab","floor":29,"gold_loss":0}],"is_beta":false,"boss_relics":[{"not_picked":["Cursed Key","Mark of Pain"],"picked":"Busted Crown"},{"not_picked":["Runic Dome","Velvet Choker"],"picked":"Black Star"}],"items_purged_floors":[],"is_endless":false,"potions_floor_spawned":[1,7,11,13,14,18,21,23,24,27,35,36,40,41,45,46,48,55],"ascension_level":20}}