{"host":"ixbvfs3so5a39bhe","time":1609652574,"event":{"mods":["BaseMod","Downfall","Minty Spire (QoL Compilation)","Quick Restart","StSLib"],"gold_per_floor":[99,99,199,199,199,228,228,60,60,60,60,79,105,117,132,132,132,132],"floor_reached":16,"playtime":769,"items_purged":[],"score":131,"play_id":"ba177239-dc54-48f9-884c-4ed36e22e3cf","local_time":"20210103134254","is_ascension_mode":false,"campfire_choices":[{"floor":1.0,"key":"RECALL"},{"data":"Slimebound:SplitBruiser","floor":9.0,"key":"SMITH"},{"data":"Slimebound:CorrosiveSpit","floor":11,"key":"SMITH"}],"circlet_count":0,"master_deck":["Slimebound:Strike_Slimebound","Slimebound:Strike_Slimebound","Slimebound:Strike_Slimebound","Slimebound:Tackle","Slimebound:Defend_Slimebound","Slimebound:Defend_Slimebound","Slimebound:Defend_Slimebound","Slimebound:Defend_Slimebound","Slimebound:Split","Slimebound:CorrosiveSpit+1","Slimebound:SamplingLick","Slimebound:LeechingTouch","Slimebound:SplitBruiser+1","Slimebound:PressTheAttack","Slimebound:SpikyOuterGoop"],"relics":["Slimebound:AbsorbEndCombat","downfall:HeartsMalice","downfall:BrokenWingStatue","Regal Pillow","Slimebound:ScrapOozeRelic","Blood Vial"],"acts_visited":["Exordium"],"potions_floor_usage":[],"damage_taken":[{"damage":0.0,"enemies":"Small Slimes","floor":4.0,"turns":1.0},{"damage":0.0,"enemies":"Jaw Worm","floor":5.0,"turns":1.0},{"damage":0.0,"enemies":"Gremlin Nob","floor":6.0,"turns":1.0},{"damage":14.0,"enemies":"downfall:FleeingMerchant","floor":8.0,"turns":4.0},{"damage":6,"enemies":"2 Louse","floor":12,"turns":2},{"damage":33,"enemies":"3 Sentries","floor":13,"turns":5},{"damage":15,"enemies":"Blue Slaver","floor":14,"turns":3},{"damage":26,"enemies":"Exordium Thugs","floor":15,"turns":3},{"damage":12,"enemies":"downfall:Watcher","floor":16,"turns":3}],"seed_played":"-7441177852336541025","potions_obtained":[{"floor":13,"key":"Weak Potion"}],"is_trial":false,"path_per_floor":["R","?","?","M","M","E","T","$","R","?","R","M","E","M","M","B"],"character_chosen":"SLIMEBOUND","items_purchased":["Bronze Scales"],"campfire_rested":0,"item_purchase_floors":[8],"current_hp_per_floor":[60,60,60,60,60,60,60,52,52,52,52,50,27,24,6,0,0,0],"gold":132,"neow_bonus":"THREE_ENEMY_KILL","is_daily":false,"chose_seed":false,"campfire_upgraded":2,"win_rate":0.0,"timestamp":1609652574,"path_taken":["R","?","?","M","M","E","T","$","R","?","R","M","E","M","M","BOSS"],"items_purchased_type":["Relic"],"build_version":"2020-12-22","purchased_purges":0,"victory":false,"max_hp_per_floor":[60,60,60,60,60,60,60,60,60,60,60,60,60,60,60,60,60,60],"card_choices":[{"not_picked":["Slimebound:ComboTackle","Slimebound:Replication"],"picked":"Slimebound:SamplingLick","floor":4.0},{"not_picked":["Slimebound:FinishingTackle","Slimebound:FormOfPuddle"],"picked":"Slimebound:LeechingTouch","floor":5.0},{"not_picked":["Slimebound:FormOfPuddle","Slimebound:ComboTackle","Slimebound:FlameTackle"],"picked":"SKIP","floor":6.0},{"not_picked":["Slimebound:SlimeTap","Slimebound:MinionMaster"],"picked":"Slimebound:SplitBruiser","floor":8.0},{"not_picked":["Slimebound:SplitLeeching","Slimebound:GrowthPunch","Slimebound:SamplingLick"],"picked":"SKIP","floor":12},{"not_picked":["Slimebound:GrowthPunch","Slimebound:SplitAcid"],"picked":"Slimebound:PressTheAttack","floor":13},{"not_picked":["Slimebound:FinishingTackle","Slimebound:SlimeSpikes","Slimebound:GrowthPunch"],"picked":"SKIP","floor":14},{"not_picked":["Slimebound:ForwardTackle","Slimebound:SplitLeeching"],"picked":"Slimebound:SpikyOuterGoop","floor":15}],"player_experience":207197,"relics_obtained":[{"floor":6.0,"key":"Regal Pillow"},{"floor":13,"key":"Blood Vial"}],"event_choices":[],"is_beta":false,"boss_relics":[],"items_purged_floors":[],"is_endless":false,"potions_floor_spawned":[13],"killed_by":"downfall:Watcher","ascension_level":0}}