{"host":"0cnf9zf1gia27zti","time":1609717631,"event":{"mods":["BaseMod","Better Third Choice","BetterRewards","Card Forge","ChefMod","Colored Map","Colored Powertips","Conspire","Downfall","Googly Eyes","Infinite Spire","Minty Spire (QoL Compilation)","Practice Mode","Quick Restart","Replay The Spire","Shade Mod","Spicy Shops","StSLib","The Marked"],"gold_per_floor":[153,210,303,303,186,279,279,384,384,384,384],"floor_reached":10,"playtime":291,"items_purged":[],"score":99,"play_id":"bed97de2-b26d-4816-b3d3-802c04c06314","local_time":"20210103234711","daily_mods":["SealedDeck","Heirloom","downfall:Lament","DeadlyEvents","Elite Swarm","Midas"],"is_ascension_mode":false,"campfire_choices":[{"floor":7,"key":"REST"}],"circlet_count":0,"master_deck":["Go for the Eyes+1","Go for the Eyes+1","Beam Cell+1","Sweeping Beam+1","Beam Cell+1","FTL+1","Gash+1","Gash+1","Reinforced Body+1","Conserve Battery+1","Finesse+1","Limit Break+1"],"relics":["Hammer of Thor","Seething Fire","Anvil of the Gods","NeowsBlessing","Ring of Chaos","Turnip","Sundial","Iron Core","Bird Faced Urn","ReplayFunnel","Replay:Accelerometer"],"acts_visited":["Exordium"],"potions_floor_usage":[],"damage_taken":[{"damage":0,"enemies":"Cultist","floor":1,"turns":1},{"damage":0,"enemies":"Small Slimes","floor":2,"turns":1},{"damage":0,"enemies":"conspire:MimicChest","floor":3,"turns":1},{"damage":7,"enemies":"Lagavulin","floor":6,"turns":3},{"damage":0,"enemies":"Gremlin Nob","floor":8,"turns":2},{"damage":0,"enemies":"3 Sentries","floor":10,"turns":2}],"seed_played":"7538640239873162245","potions_obtained":[{"floor":6,"key":"sneckomod:MuddlingPotion"},{"floor":8,"key":"ColorlessPotion"}],"is_trial":true,"path_per_floor":["M","M","?","?","$","E","R","E","T","E"],"character_chosen":"DEFECT","items_purchased":["Finesse"],"campfire_rested":1,"item_purchase_floors":[5],"current_hp_per_floor":[75,75,75,75,75,68,75,75,75,75,75],"gold":384,"neow_bonus":"","is_daily":false,"chose_seed":false,"campfire_upgraded":0,"win_rate":0.0,"timestamp":1609717631,"path_taken":["M","?","?","?","?","E","R","E","T","E"],"items_purchased_type":["Card"],"build_version":"2020-12-22","purchased_purges":0,"victory":false,"max_hp_per_floor":[75,75,75,75,75,75,75,75,75,75,75],"card_choices":[{"not_picked":["Static Discharge","Redo","Sweeping Beam"],"picked":"SKIP","floor":1},{"not_picked":["Lockon","Compile Driver","Capacitor"],"picked":"SKIP","floor":2},{"not_picked":["Firewall","Rainbow"],"picked":"Limit Break","floor":6},{"not_picked":["Limit Break","ReplayTheSpireMod:Omega Cannon","Rainbow"],"picked":"SKIP","floor":8}],"player_experience":2986368,"relics_obtained":[{"floor":3,"key":"Sundial"},{"floor":6,"key":"Bird Faced Urn"},{"floor":8,"key":"ReplayFunnel"},{"floor":9,"key":"Replay:Accelerometer"}],"event_choices":[],"is_beta":false,"boss_relics":[],"items_purged_floors":[],"is_endless":false,"potions_floor_spawned":[6,8],"killed_by":"3 Sentries","ascension_level":0}}