{"host":"3popq6h3e9zwx3f8","time":1609653713,"event":{"mods":["BaseMod","Colored Map","Googly Eyes","Hermit","Minty Spire (QoL Compilation)","Replay The Spire","StSLib","The Cursed","The IronCluck","everything is the same but u backflip on backflip"],"gold_per_floor":[109,384,152,152,169,169,186,216,240,240,240,240,256,108,108,208,208,223,223,223,238,257,257,284,238,261,176,176,185,212,229,229,229,229],"floor_reached":33,"playtime":5463,"items_purged":["Regret"],"score":368,"play_id":"dc3c7d93-991b-492b-a49b-6ea17c8a2ba7","local_time":"20210102220153","is_ascension_mode":false,"campfire_choices":[{"data":"Perfected Strike","floor":6,"key":"SMITH"},{"data":"Barricade","floor":10,"key":"SMITH"},{"floor":15,"key":"REST"},{"floor":23,"key":"REST"},{"data":"Perfected Strike","floor":28,"key":"SMITH"},{"data":"Perfected Strike","floor":32,"key":"SMITH"}],"circlet_count":0,"master_deck":["Strike_R","Strike_R","Strike_R","Strike_R","Strike_R+1","Defend_R","Defend_R","Defend_R+1","Defend_R","Bash","Spot Weakness","Perfected Strike+1","Cleave","Barricade+1","Regret","Life Link","Perfected Strike+1","CommonCold","TheCursedMod:Dregs","Sickly","Pommel Strike","Perfected Strike+1","ReplayTheSpireMod:Faulty Equipment","Perfected Strike+1"],"relics":["Burning Blood","NeowsBlessing","Replay:Mystery Machine","Ancient Tea Set","Torii","Simple Rune","ReplayTheSpireMod:Spearhead","Bronze Scales","DollysMirror","Replay:Ancient Bell","Anchor","HornCleat","Another Sword","MutagenicStrength","Happy Flower","Nunchaku","Tiny Chest","CeramicFish"],"acts_visited":["Exordium","TheCity"],"potions_floor_usage":[8,21,33],"damage_taken":[{"damage":0,"enemies":"Jaw Worm","floor":1,"turns":1},{"damage":0,"enemies":"Cultist","floor":5,"turns":1},{"damage":0,"enemies":"2 Louse","floor":7,"turns":1},{"damage":26,"enemies":"Gremlin Nob","floor":8,"turns":4},{"damage":12,"enemies":"Exordium Thugs","floor":13,"turns":3},{"damage":39,"enemies":"The Guardian","floor":16,"turns":8},{"damage":22,"enemies":"Spheric Guardian","floor":18,"turns":4},{"damage":7,"enemies":"2 Thieves","floor":21,"turns":3},{"damage":12,"enemies":"Cultist and Chosen","floor":22,"turns":3},{"damage":0,"enemies":"Snake Plant","floor":30,"turns":1},{"damage":3,"enemies":"Centurion and Healer","floor":31,"turns":3},{"damage":91,"enemies":"Automaton","floor":33,"turns":6}],"seed_played":"4009000577266270782","potions_obtained":[{"floor":5,"key":"Elixir"},{"floor":7,"key":"SteroidPotion"},{"floor":13,"key":"FearPotion"},{"floor":18,"key":"DistilledChaos"},{"floor":31,"key":"Languid Potion"}],"is_trial":false,"path_per_floor":["M","?","$","T","M","R","M","E","T","R","?","?","M","$","R","B",null,"M","?","?","M","M","R","T","$","T","?","R","?","M","M","R","B"],"character_chosen":"IRONCLAD","items_purchased":["Replay:Mystery Machine","DollysMirror","Perfected Strike"],"campfire_rested":2,"item_purchase_floors":[3,14,25],"current_hp_per_floor":[80,80,80,80,80,80,80,60,60,60,60,60,54,54,78,45,80,64,64,64,63,57,80,80,80,80,80,80,80,80,80,80,0,0],"gold":229,"neow_bonus":"THREE_ENEMY_KILL","is_daily":false,"chose_seed":false,"campfire_upgraded":4,"win_rate":0.0,"timestamp":1609653713,"path_taken":["M","?","?","?","?","R","M","E","T","R","?","?","M","$","R","BOSS","M","?","?","M","?","R","?","?","T","?","R","?","M","M","R","BOSS"],"items_purchased_type":["Relic","Relic","Card"],"build_version":"2020-12-22","purchased_purges":1,"victory":false,"max_hp_per_floor":[80,80,80,80,80,80,80,80,80,80,80,80,80,80,80,80,80,80,80,80,80,80,80,80,80,80,80,80,80,80,80,80,80,80],"card_choices":[{"not_picked":["Havoc","Warcry"],"picked":"Spot Weakness","floor":1},{"not_picked":["Run Through","Twin Strike"],"picked":"Perfected Strike","floor":5},{"not_picked":["Massacre","Searing Blow"],"picked":"Cleave","floor":7},{"not_picked":["Anger","Pummel"],"picked":"Barricade","floor":8},{"not_picked":["Clothesline","Sword Boomerang"],"picked":"Life Link","floor":13},{"not_picked":["Sickly","ReplayTheSpireMod:Splinters"],"picked":"CommonCold","floor":17},{"not_picked":["Overencumbered","Regret"],"picked":"TheCursedMod:Dregs","floor":17},{"not_picked":["Amnesia","Spreading Infection"],"picked":"Sickly","floor":17},{"not_picked":["Body Slam","Headbutt","Burning Pact+1"],"picked":"SKIP","floor":18},{"not_picked":["Bloodletting","Heavy Blade"],"picked":"Pommel Strike","floor":21},{"not_picked":["Heavy Blade","Sword Boomerang","Feed"],"picked":"SKIP","floor":22},{"not_picked":["Pummel+1","Rage"],"picked":"Perfected Strike","floor":30},{"not_picked":["Run Through","Body Slam","Thunderclap+1"],"picked":"SKIP","floor":31}],"player_experience":375698,"relics_obtained":[{"floor":4,"key":"Ancient Tea Set"},{"floor":8,"key":"Torii"},{"floor":9,"key":"Simple Rune"},{"floor":12,"key":"Bronze Scales"},{"floor":24,"key":"Happy Flower"},{"floor":26,"key":"Nunchaku"}],"event_choices":[{"damage_healed":0,"gold_gain":275,"player_choice":"Desecrate","damage_taken":0,"max_hp_gain":0,"max_hp_loss":0,"event_name":"Golden Shrine","floor":2,"gold_loss":0,"cards_obtained":["Regret"]},{"damage_healed":0,"gold_gain":0,"player_choice":"Box","damage_taken":0,"relics_obtained":["ReplayTheSpireMod:Spearhead"],"max_hp_gain":0,"max_hp_loss":0,"event_name":"Big Fish","floor":11,"gold_loss":0,"cards_obtained":["Regret"]},{"damage_healed":0,"gold_gain":0,"player_choice":"Relic","damage_taken":0,"max_hp_gain":0,"max_hp_loss":0,"event_name":"Wheel of Change","floor":12,"gold_loss":0},{"damage_healed":0,"gold_gain":0,"player_choice":"Inject Mutagens","damage_taken":0,"relics_obtained":["MutagenicStrength"],"max_hp_gain":0,"max_hp_loss":0,"event_name":"Drug Dealer","floor":19,"gold_loss":0},{"damage_healed":0,"gold_gain":0,"player_choice":"Ignored","damage_taken":0,"max_hp_gain":0,"max_hp_loss":0,"event_name":"Vampires","floor":20,"gold_loss":0},{"damage_healed":0,"gold_gain":0,"player_choice":"Obtained Relic","damage_taken":0,"relics_obtained":["Tiny Chest"],"max_hp_gain":0,"max_hp_loss":0,"event_name":"Addict","floor":27,"gold_loss":85}],"is_beta":false,"boss_relics":[{"not_picked":["Replay:Wanted Poster","Calling Bell"],"picked":"Replay:Ancient Bell"},{"not_picked":["Pen Nib","Smiling Mask"],"picked":"Anchor"},{"not_picked":["Gremlin Horn","Shuriken"],"picked":"HornCleat"},{"not_picked":["Pocketwatch","Replay:Towering Pillar of Hats"],"picked":"Another Sword"}],"items_purged_floors":[3],"is_endless":false,"potions_floor_spawned":[5,7,13,18,31],"killed_by":"Automaton","ascension_level":0}}