{"host":"Charlie","time":1609649539,"event":{"mods":["Aspiration","BaseMod","Better Match","Better Skull","Better Third Choice","BetterRewards","ChefMod","Colored Map","Colored Powertips","Conspire","Curses Come First","Downfall","Ekko","Evolution","Friendly Minions","Halation","Hermit","Hubris","Infinite Spire","Luminous","Melee Mod","Minty Spire (QoL Compilation)","Quick Restart","Rare Cards Sparkle","Relic Stats","Robot Space Explorer","Shade Mod","Spicy Shops","StSLib","SuperFastMode","Synergy Search","The Animator","The Blue Laboratory","The Caster","The Cursed","The Dragon Tamer","The Factory","The Gatherer","The Jungle","The Marked","The Necromancer","Unceasing Turn Reminder","vexMod","??????REMEMod"],"gold_per_floor":[110,60,60,73,88,150,166,18,41,41,41,108,125,152,152,255,255,269,289,141,191,209,244,244,332,332,352,377,392,392,392,392],"floor_reached":31,"playtime":2269,"items_purged":["RobotSpaceExplorer:ShockKick"],"score":332,"play_id":"3b7736f2-acc8-4065-a3b2-7b56bcf11936","local_time":"20210102205219","is_ascension_mode":false,"campfire_choices":[{"data":"RobotSpaceExplorer:StarDust","floor":11,"key":"SMITH"},{"data":"RobotSpaceExplorer:Autoloader","floor":15,"key":"SMITH"},{"floor":24,"key":"REST"},{"data":"RobotSpaceExplorer:TrailblazerForm","floor":30,"key":"SMITH"}],"circlet_count":0,"master_deck":["RobotSpaceExplorer:Defend","RobotSpaceExplorer:Defend","RobotSpaceExplorer:Defend","RobotSpaceExplorer:Defend","RobotSpaceExplorer:Scan","RobotSpaceExplorer:MiniLasers","RobotSpaceExplorer:MiniDrones","RobotSpaceExplorer:StarLightning","RobotSpaceExplorer:StarDust+1","RobotSpaceExplorer:TurboDodge","RobotSpaceExplorer:ScrapShield","RobotSpaceExplorer:Autoloader+1","RobotSpaceExplorer:Explosion","infinitespire:SevenWalls","RobotSpaceExplorer:TrailblazerForm+1","meleeMod_VCancel"],"relics":["RobotSpaceExplorer:RoboCore","EVO:Axolotl","REME_ComplimentaryCards","Eternal Feather","aspiration:Nostalgia","TheCursedMod:BlackMagic101","SsserpentHead","infinitespire:Satchel","SacredBark","hubris:TenFootPole","Regal Pillow","Strawberry","aspiration:SeaSaltIceCream","chefmod:TrustyPot","Molten Egg 2"],"acts_visited":["Exordium","TheCity"],"potions_floor_usage":[6,6,16,16,25,25,25,27],"damage_taken":[{"damage":0,"enemies":"2 Louse","floor":1,"turns":3},{"damage":0,"enemies":"Cultist","floor":4,"turns":4},{"damage":0,"enemies":"Small Slimes","floor":5,"turns":3},{"damage":9,"enemies":"Gremlin Nob","floor":6,"turns":4},{"damage":0,"enemies":"Looter","floor":7,"turns":4},{"damage":4,"enemies":"Large Slime","floor":12,"turns":5},{"damage":0,"enemies":"Blue Slaver","floor":13,"turns":4},{"damage":29,"enemies":"3 Sentries","floor":14,"turns":9},{"damage":8,"enemies":"Slime Boss","floor":16,"turns":9},{"damage":20,"enemies":"2 Thieves","floor":18,"turns":4},{"damage":7,"enemies":"3 Byrds","floor":19,"turns":6},{"damage":9,"enemies":"Centurion and Healer","floor":22,"turns":8},{"damage":11,"enemies":"conspire:Head Lice","floor":23,"turns":7},{"damage":14,"enemies":"Gremlin Leader","floor":25,"turns":7},{"damage":8,"enemies":"3 Cultists","floor":27,"turns":7},{"damage":22,"enemies":"Book of Stabbing","floor":28,"turns":8},{"damage":18,"enemies":"Snake Plant","floor":29,"turns":5},{"damage":22,"enemies":"Gremlin Leader","floor":31,"turns":2}],"seed_played":"7602017154476004756","potions_obtained":[{"floor":4,"key":"REME_GoldPotion"},{"floor":5,"key":"ColorlessPotion"},{"floor":7,"key":"Slimebound:ThreeZeroPotion"},{"floor":14,"key":"SpeedPotion"},{"floor":19,"key":"sneckomod:MuddlingPotion"},{"floor":22,"key":"Energy Potion"},{"floor":23,"key":"REME_GoldPotion"},{"floor":25,"key":"blueLaboratory:FrostheartPotion"}],"is_trial":false,"path_per_floor":["M","?","?","M","M","E","M","$","T","?","R","M","M","E","R","B",null,"M","M","$","?","M","E","R","E","T","M","E","M","R","E"],"character_chosen":"RobotSpaceExplorer","items_purchased":["aspiration:Nostalgia","hubris:TenFootPole"],"campfire_rested":1,"item_purchase_floors":[8,20],"current_hp_per_floor":[75,75,75,75,75,66,66,66,66,66,72,68,68,39,45,37,75,55,48,48,40,31,20,63,56,56,48,26,8,17,0,0],"gold":392,"neow_bonus":"TRANSFORM_CARD","is_daily":false,"chose_seed":false,"campfire_upgraded":3,"win_rate":0.0,"timestamp":1609649539,"path_taken":["M","?","?","?","M","E","?","?","T","?","R","?","M","E","R","BOSS","M","M","$","?","M","E","R","E","T","M","E","M","R","E"],"items_purchased_type":["Relic","Relic"],"build_version":"2020-12-18","purchased_purges":1,"victory":false,"max_hp_per_floor":[75,75,75,75,75,75,75,75,75,75,75,75,75,75,75,75,75,75,75,75,75,75,75,75,82,82,82,82,82,82,82,82],"relic_stats":{"SsserpentHead":100,"Regal Pillow":15,"counters":[18,99],"Eternal Feather":27,"obtain_stats":[{"TheCursedMod:BlackMagic101":8,"chefmod:TrustyPot":26,"Regal Pillow":23,"aspiration:Nostalgia":8,"SacredBark":17,"RobotSpaceExplorer:RoboCore":0,"Eternal Feather":6,"EVO:Axolotl":0,"aspiration:SeaSaltIceCream":26,"SsserpentHead":10,"Strawberry":25,"infinitespire:Satchel":14,"Molten Egg 2":28,"hubris:TenFootPole":20,"REME_ComplimentaryCards":0},{"TheCursedMod:BlackMagic101":5,"chefmod:TrustyPot":14,"Regal Pillow":13,"aspiration:Nostalgia":5,"SacredBark":9,"RobotSpaceExplorer:RoboCore":0,"Eternal Feather":4,"EVO:Axolotl":0,"aspiration:SeaSaltIceCream":14,"SsserpentHead":5,"Strawberry":14,"infinitespire:Satchel":8,"Molten Egg 2":16,"hubris:TenFootPole":11,"REME_ComplimentaryCards":0},{"TheCursedMod:BlackMagic101":18,"chefmod:TrustyPot":77,"Regal Pillow":70,"aspiration:Nostalgia":18,"SacredBark":45,"RobotSpaceExplorer:RoboCore":0,"Eternal Feather":14,"EVO:Axolotl":0,"aspiration:SeaSaltIceCream":77,"SsserpentHead":18,"Strawberry":77,"infinitespire:Satchel":36,"Molten Egg 2":92,"hubris:TenFootPole":55,"REME_ComplimentaryCards":0}]},"card_choices":[{"not_picked":["RobotSpaceExplorer:ImprovisedAttack","RobotSpaceExplorer:FrostMissile","RobotSpaceExplorer:SlimeMissile"],"picked":"SKIP","floor":1},{"not_picked":["RobotSpaceExplorer:Counterblock","RobotSpaceExplorer:SwiftStep"],"picked":"RobotSpaceExplorer:StarDust","floor":4},{"not_picked":["RobotSpaceExplorer:ExhaustFan","RobotSpaceExplorer:DualCore"],"picked":"RobotSpaceExplorer:TurboDodge","floor":5},{"not_picked":["RobotSpaceExplorer:FreezingShield","RobotSpaceExplorer:DualCore","RobotSpaceExplorer:ShockKick"],"picked":"SKIP","floor":6},{"not_picked":["RobotSpaceExplorer:Probe","RobotSpaceExplorer:SlimeMissile"],"picked":"RobotSpaceExplorer:ScrapShield","floor":7},{"not_picked":["RobotSpaceExplorer:SurgingStrike","RobotSpaceExplorer:SlimeMissile","RobotSpaceExplorer:StunGrenade"],"picked":"SKIP","floor":12},{"not_picked":["RobotSpaceExplorer:Probe","RobotSpaceExplorer:FrostMissile","RobotSpaceExplorer:GlueShot"],"picked":"SKIP","floor":13},{"not_picked":["RobotSpaceExplorer:SlimeMissile","RobotSpaceExplorer:Reload"],"picked":"RobotSpaceExplorer:Autoloader","floor":14},{"not_picked":["RobotSpaceExplorer:Autoloader","RobotSpaceExplorer:Arsenal"],"picked":"RobotSpaceExplorer:Explosion","floor":16},{"not_picked":["RobotSpaceExplorer:PowerCollector+1","RobotSpaceExplorer:SlimeMissile","RobotSpaceExplorer:SurgingShield"],"picked":"SKIP","floor":18},{"not_picked":["RobotSpaceExplorer:GlueShot","RobotSpaceExplorer:ImprovisedAttack","RobotSpaceExplorer:Smokescreen"],"picked":"SKIP","floor":19},{"not_picked":["infinitespire:UltimateForm","infinitespire:Collect"],"picked":"infinitespire:SevenWalls","floor":21},{"not_picked":["RobotSpaceExplorer:MiniDrones","RobotSpaceExplorer:ShockKick+1","RobotSpaceExplorer:Counterblock"],"picked":"SKIP","floor":22},{"not_picked":["RobotSpaceExplorer:Probe","RobotSpaceExplorer:ScrapShield","RobotSpaceExplorer:SlimeMissile"],"picked":"SKIP","floor":23},{"not_picked":["RobotSpaceExplorer:Pulsar","RobotSpaceExplorer:GlueSpray"],"picked":"RobotSpaceExplorer:TrailblazerForm","floor":25},{"not_picked":["RobotSpaceExplorer:FranticSearch","RobotSpaceExplorer:GlueSpray","RobotSpaceExplorer:ShockKick+1"],"picked":"SKIP","floor":27},{"not_picked":["RobotSpaceExplorer:TurboDodge+1","RobotSpaceExplorer:ImprovisedAttack+1","RobotSpaceExplorer:FranticSearch"],"picked":"SKIP","floor":28},{"not_picked":["RobotSpaceExplorer:Electroshield","RobotSpaceExplorer:SurgingStrike+1","RobotSpaceExplorer:IronShell"],"picked":"SKIP","floor":29}],"player_experience":459288,"relics_obtained":[{"floor":6,"key":"Eternal Feather"},{"floor":14,"key":"infinitespire:Satchel"},{"floor":23,"key":"Regal Pillow"},{"floor":25,"key":"Strawberry"},{"floor":26,"key":"aspiration:SeaSaltIceCream"},{"floor":28,"key":"Molten Egg 2"}],"event_choices":[{"cards_removed":["RobotSpaceExplorer:Strike"],"damage_healed":0,"gold_gain":0,"player_choice":"Card Removal","damage_taken":0,"max_hp_gain":0,"max_hp_loss":0,"event_name":"The Cleric","floor":2,"gold_loss":50},{"damage_healed":0,"gold_gain":0,"cards_transformed":["RobotSpaceExplorer:Strike"],"player_choice":"Transformed","damage_taken":0,"max_hp_gain":0,"max_hp_loss":0,"event_name":"Transmorgrifier","floor":3,"gold_loss":0,"cards_obtained":["RobotSpaceExplorer:StarLightning"]},{"damage_healed":0,"gold_gain":0,"player_choice":"Trade","damage_taken":0,"relics_obtained":["SsserpentHead"],"max_hp_gain":0,"max_hp_loss":0,"event_name":"FaceTrader","floor":10,"gold_loss":0}],"is_beta":true,"boss_relics":[{"not_picked":["halation:ForbiddenBikini","conspire:SeveredTorchhead"],"picked":"SacredBark"}],"items_purged_floors":[20],"is_endless":false,"potions_floor_spawned":[4,5,7,14,19,22,23,25],"killed_by":"Gremlin Leader","ascension_level":0}}