{"host":"w5vfr18i2ft1pzo2","time":1609683214,"event":{"mods":["Act Like it!","Aspiration","BaseMod","Better Third Choice","BetterRewards","Colored Map","Colored Powertips","Conspire","Curses Come First","DNKmod","Defuse TimeMaze Blight","Dota2Spire","Energized Spire","Evolution","Force Act Four","Friendly Minions","Gensokyo","GifTheSpireLib","Gold Saver","Halation","Hubris","Hyrulean Relics","Infinite Spire","Jedi Mod","Marisa????????","Minty Spire (QoL Compilation)","MostiFishMod","Prisma Mod","Remilia??????","Replay The Spire","SacredBarkPlus","Small Relic Pack","Spicy Shops","Spikes Relics","StSLib","Stuff the Spire","Synergy Search","The Blue Laboratory","The Servant 0.9.4","Trackpad","Treasure Hunter","Uncapped","Wandering Minibosses","Yakumo Yukari mod","noobMod","vexMod","??????REMEMod"],"gold_per_floor":[1997,1997,2042,2002,947,947,972,972,972,986,1019,1630,1685,1736,1836,1965,1965,1985,2026,2076,2124,2844,2844],"floor_reached":22,"playtime":1395,"items_purged":["PrismaMod:MiyuCommonDefend","PrismaMod:MiyuCommonDefend","PrismaMod:MiyuCommonDefend"],"score":344,"play_id":"3a3a1dd9-ed98-480f-ac8c-b7a75bb39b0b","local_time":"20210103221334","is_ascension_mode":false,"campfire_choices":[{"floor":6,"key":"RECALL"},{"data":"PrismaMod:MiyuChristmas","floor":8,"key":"SMITH"}],"circlet_count":0,"master_deck":["PrismaMod:MiyuCommonDefend","PrismaMod:MiyuCommonDefend","PrismaMod:MiyuCommonAttack","PrismaMod:MiyuCommonAttack","PrismaMod:MiyuCommonAttack","PrismaMod:MiyuCommonAttack","PrismaMod:MiyuCommonAttack","PrismaMod:MiyuCheapChannelAttack","PrismaMod:MiyuCheapChannelDefend","MostiFishMod:Hijack","PrismaMod:MiyuCheapStrBuff","PrismaMod:MiyuChristmas+1","Flash of Steel","TH:DeckOfManyThings","TH:CursedSword","PrismaMod:MiyuCheapEvoke","TH:DeckOfManyThings","PrismaMod:MiyuChristmas","PrismaMod:MiyuOrbIncreasePerm","TH:BikiniMail+1","PrismaMod:MiyuUncommonAttack","TH:DeckOfManyThings","TH:DeckOfManyThings","PrismaMod:MiyuChannelAttackEvoke","PrismaMod:MiyuUncommonDexBuff","PrismaMod:MiyuDevil+1","PrismaMod:MiyuUncommonDexBuff","PrismaMod:MiyuOrbIncreasePerm","Dramatic Entrance"],"relics":["PrismaMod:PrismaSapphire","EVO:Axolotl","DaveBox","ice","REME_ComplimentaryCards","NeowsBlessing","ArrowTower","SynthV:TestCard","Dota2Spire:HandOfMidas","Dota2Spire:ArcaneBoots","vexMod:Spyglass","conspire:GiftBox","TheAbacus","Snack Pack","conspire:DecoderRing","Omamori","Dota2Spire:Vanguard","Black Star","wanderingMiniBosses:OtherGremlinHorn","Tiny House"],"acts_visited":["Exordium","TheCity"],"potions_floor_usage":[1,3,10,11,11,13,13,16,16,16,16,16,16,16,19,19,19,19],"damage_taken":[{"damage":0,"enemies":"Small Slimes","floor":1,"turns":1},{"damage":0,"enemies":"Cultist","floor":3,"turns":1},{"damage":0,"enemies":"conspire:RoseBush","floor":10,"turns":1},{"damage":0,"enemies":"3 Sentries","floor":11,"turns":2},{"damage":0,"enemies":"Looter","floor":12,"turns":1},{"damage":0,"enemies":"Lagavulin","floor":13,"turns":2},{"damage":0,"enemies":"The Guardian","floor":16,"turns":5},{"damage":0,"enemies":"conspire:FuzzyDice","floor":18,"turns":1},{"damage":0,"enemies":"Shell Parasite","floor":19,"turns":6},{"damage":0,"enemies":"conspire:HollyBat","floor":21,"turns":5}],"seed_played":"2961054681946418771","potions_obtained":[{"floor":4,"key":"infinitespire:BlackPotion"},{"floor":4,"key":"DuplicationPotion"},{"floor":11,"key":"SteroidPotion"},{"floor":12,"key":"jedi:hoardpotion"},{"floor":16,"key":"blueLaboratory:BottleOfVodka"},{"floor":20,"key":"jedi:holywater"},{"floor":21,"key":"Languid Potion"}],"is_trial":false,"path_per_floor":["M","?","M","?","$","R","T","R","T","M","E","M","E","T","R_BF","B",null,"M","M","AVR","M","?"],"character_chosen":"MIYU","items_purchased":["Flash of Steel","Dota2Spire:ArcaneBoots","blueLaboratory:FruitPunch","vexMod:Spyglass","conspire:GiftBox","TheAbacus"],"campfire_rested":0,"item_purchase_floors":[5,5,5,5,5,5],"current_hp_per_floor":[75,72,72,72,72,72,72,72,72,74,76,76,77,77,77,79,79,79,79,84,84,0,0],"gold":2844,"neow_bonus":"THREE_ENEMY_KILL","is_daily":false,"chose_seed":false,"campfire_upgraded":1,"win_rate":0.0,"timestamp":1609683214,"path_taken":["M","?","M","?","$","R","?","R","T","?","E","M","E","?","R_BF","BOSS","M","M","AVR","M","?"],"items_purchased_type":["Card","Relic","Potion","Relic","Relic","Relic"],"build_version":"2020-12-22","purchased_purges":3,"victory":false,"max_hp_per_floor":[75,75,75,75,75,75,75,75,75,77,77,77,77,77,77,79,79,79,79,84,84,84,84],"card_choices":[{"not_picked":["PrismaMod:MiyuCheapPlate","PrismaMod:MiyuCheapAttack1"],"picked":"PrismaMod:MiyuCheapStrBuff","floor":1},{"not_picked":["PrismaMod:MiyuCarnivalAttack","PrismaMod:MiyuEvokeAll","PrismaMod:MiyuDefenseRemoval","PrismaMod:MiyuEvokeCheapAttack"],"picked":"PrismaMod:MiyuChristmas","floor":3},{"not_picked":["TH:TreasureMap","TH:CursedSword","TH:PixieDust"],"picked":"TH:DeckOfManyThings","floor":7},{"not_picked":["TH:ArmorSpikes","TH:PixieDust","TH:BikiniMail"],"picked":"TH:CursedSword","floor":9},{"not_picked":["PrismaMod:MiyuCheapChannelDefend","PrismaMod:MiyuCheapAttack2","PrismaMod:MiyuCommonAOEAttack","PrismaMod:MiyuAttackChannelAttack"],"picked":"PrismaMod:MiyuCheapEvoke","floor":10},{"not_picked":["TH:EnergyPotion","TH:PixieDust","TH:CursedSword"],"picked":"TH:DeckOfManyThings","floor":11},{"not_picked":["PrismaMod:MiyuUberAOEAttack","PrismaMod:MiyuCheapChannelDefend","PrismaMod:MiyuEvokeCheapAttack","PrismaMod:MiyuAttackChannelWeak"],"picked":"PrismaMod:MiyuChristmas","floor":11},{"not_picked":["PrismaMod:MiyuCheapChannelAttack","PrismaMod:MiyuUncommonPlate","PrismaMod:MiyuUncommonStrBuff","PrismaMod:MiyuAttackChannelAttack"],"picked":"PrismaMod:MiyuOrbIncreasePerm","floor":12},{"not_picked":["TH:ArmorSpikes","TH:PixieDust","TH:CopperCoins"],"picked":"TH:BikiniMail","floor":13},{"not_picked":["PrismaMod:MiyuAttackChannelVul","PrismaMod:MiyuChristmas","PrismaMod:MiyuUncommonDefend","PrismaMod:MiyuDefenseAbsorbMinor"],"picked":"PrismaMod:MiyuUncommonAttack","floor":13},{"not_picked":["TH:TreasureMap","TH:PixieDust","TH:CursedSword"],"picked":"TH:DeckOfManyThings","floor":14},{"not_picked":["TH:EnergyPotion","TH:PixieDust","TH:CopperCoins"],"picked":"TH:DeckOfManyThings","floor":16},{"not_picked":["PrismaMod:MiyuEvokeAllAttack","PrismaMod:MiyuCheapDefend2","PrismaMod:MiyuChannelDefendEvoke","PrismaMod:MiyuDefendChannelDefend"],"picked":"PrismaMod:MiyuChannelAttackEvoke","floor":16},{"not_picked":["PrismaMod:MiyuCheapStrBuff","PrismaMod:MiyuUberAttack+1","PrismaMod:MiyuUncommonAttack+1","PrismaMod:MiyuEvokeAll+1"],"picked":"PrismaMod:MiyuUncommonDexBuff","floor":18},{"not_picked":["PrismaMod:MiyuChristmas+1","PrismaMod:MiyuEvokeAll","PrismaMod:MiyuUncommonDexBuff+1","PrismaMod:MiyuUberAttack"],"picked":"PrismaMod:MiyuDevil+1","floor":19},{"not_picked":["PrismaMod:MiyuCheapDefend1","PrismaMod:MiyuCheapDexBuff","PrismaMod:MiyuUberAOEAttack","PrismaMod:MiyuAttackChannelVul"],"picked":"PrismaMod:MiyuUncommonDexBuff","floor":20},{"not_picked":["PrismaMod:MiyuMaid","PrismaMod:MiyuCheapChannelWeak","PrismaMod:MiyuAttackChannelVul+1","PrismaMod:MiyuAttackChannelWeak"],"picked":"PrismaMod:MiyuOrbIncreasePerm","floor":21}],"player_experience":197202,"relics_obtained":[{"floor":1,"key":"SynthV:TestCard"},{"floor":9,"key":"Snack Pack"},{"floor":11,"key":"conspire:DecoderRing"},{"floor":13,"key":"Omamori"},{"floor":14,"key":"Dota2Spire:Vanguard"},{"floor":19,"key":"wanderingMiniBosses:OtherGremlinHorn"}],"event_choices":[{"damage_healed":0,"gold_gain":0,"player_choice":"Relic ","damage_taken":3,"max_hp_gain":0,"max_hp_loss":0,"event_name":"betterThird:BetterScrap","floor":2,"gold_loss":0,"cards_obtained":["Sunder"]},{"damage_healed":0,"gold_gain":0,"player_choice":"Bought 3 Potions","damage_taken":0,"max_hp_gain":0,"max_hp_loss":0,"event_name":"The Woman in Blue","floor":4,"gold_loss":0},{"damage_healed":0,"gold_gain":100,"player_choice":"Pray","damage_taken":0,"max_hp_gain":0,"max_hp_loss":0,"event_name":"Golden Shrine","floor":15,"gold_loss":0}],"is_beta":false,"boss_relics":[{"not_picked":["Velvet Choker","vexMod:CursedCompass"],"picked":"Black Star"}],"items_purged_floors":[5,5,20],"is_endless":false,"potions_floor_spawned":[11,12,16,21],"ascension_level":0}}