{"host":"0cgp910o8339lr91","time":1609640365,"event":{"mods":["BaseMod","Block Reminder","Colored Map","Colored Powertips","Filter the Spire","Minty Spire (QoL Compilation)","Relic Stats","Slay-I","ojb\u0027s Better Paths Mod","ojb\u0027s Info Mod"],"gold_per_floor":[117,128,128,53,72,106,123,151,151,151,161,236,268,6,6,84,84,104,121,121,36,36,66,82,82,82],"floor_reached":25,"playtime":1530,"items_purged":["Strike_P","Strike_P"],"score":632,"play_id":"8e57eac6-0221-4143-89f2-1b275610bd28","local_time":"20210103031925","is_ascension_mode":true,"campfire_choices":[{"data":"LikeWater","floor":10.0,"key":"SMITH"},{"data":"Alpha","floor":15,"key":"SMITH"}],"circlet_count":0,"master_deck":["AscendersBane","Strike_P+1","Strike_P+1","Defend_P+1","Defend_P+1","Defend_P+1","Defend_P+1","Eruption","Vigilance","PathToVictory","PathToVictory","SignatureMove","LikeWater+1","Alpha+1","CurseOfTheBell"],"relics":["Philosopher\u0027s Stone","Lizard Tail","Shuriken","Matryoshka","Bottled Lightning","Lantern","Calling Bell","CaptainsWheel","StrikeDummy","Happy Flower","Nunchaku","Mango"],"acts_visited":["Exordium","TheCity"],"potions_floor_usage":[13,13,16,25,25],"damage_taken":[{"damage":0.0,"enemies":"Cultist","floor":1.0,"turns":3.0},{"damage":5.0,"enemies":"Jaw Worm","floor":2.0,"turns":4.0},{"damage":0.0,"enemies":"2 Louse","floor":5.0,"turns":3.0},{"damage":7.0,"enemies":"Gremlin Nob","floor":6.0,"turns":3.0},{"damage":2.0,"enemies":"Looter","floor":7.0,"turns":3.0},{"damage":31.0,"enemies":"3 Sentries","floor":8.0,"turns":7.0},{"damage":4.0,"enemies":"3 Louse","floor":11.0,"turns":4.0},{"damage":0,"enemies":"Lagavulin","floor":13,"turns":5},{"damage":0,"enemies":"Hexaghost","floor":16,"turns":6},{"damage":4,"enemies":"Spheric Guardian","floor":18,"turns":5},{"damage":8,"enemies":"Chosen","floor":19,"turns":5},{"damage":61,"enemies":"Gremlin Leader","floor":23,"turns":5},{"damage":20,"enemies":"Centurion and Healer","floor":24,"turns":6},{"damage":21,"enemies":"Slavers","floor":25,"turns":3}],"seed_played":"-3534189813753265337","potions_obtained":[{"floor":2.0,"key":"Swift Potion"},{"floor":6.0,"key":"DistilledChaos"},{"floor":8.0,"key":"StancePotion"},{"floor":11.0,"key":"Block Potion"},{"floor":13,"key":"Weak Potion"},{"floor":23,"key":"GamblersBrew"},{"floor":24,"key":"SpeedPotion"}],"is_trial":false,"path_per_floor":["M","M","?","$","M","E","M","E","T","R","M","?","E","$","R","B",null,"M","M","?","?","?","E","M","E"],"character_chosen":"WATCHER","items_purchased":["Lantern"],"campfire_rested":0,"item_purchase_floors":[14],"current_hp_per_floor":[61,56,56,56,56,49,47,16,16,16,12,1,1,1,1,1,51,47,39,39,39,39,27,7,0,0],"gold":82,"neow_bonus":"BOSS_RELIC","is_daily":false,"chose_seed":false,"campfire_upgraded":2,"win_rate":0.0,"timestamp":1609640365,"path_taken":["M","?","?","?","M","E","?","E","T","R","M","?","E","$","R","BOSS","M","M","?","?","?","E","M","E"],"items_purchased_type":["Relic"],"build_version":"2020-12-22","purchased_purges":2,"victory":false,"max_hp_per_floor":[68,68,68,68,68,68,68,68,68,68,68,68,68,68,68,68,68,68,68,68,68,68,82,82,82,82],"relic_stats":{"Lizard Tail":34,"Nunchaku":[0],"Happy Flower":[8],"counters":[14,62],"Shuriken":[1],"obtain_stats":[{"Lantern":14,"Happy Flower":17,"Mango":23,"Calling Bell":17,"Lizard Tail":6,"CaptainsWheel":17,"Nunchaku":21,"Matryoshka":9,"Shuriken":8,"Philosopher\u0027s Stone":0,"Bottled Lightning":13,"PureWater":0,"StrikeDummy":17},{"Lantern":8,"Happy Flower":9,"Mango":12,"Calling Bell":9,"Lizard Tail":4,"CaptainsWheel":9,"Nunchaku":11,"Matryoshka":6,"Shuriken":6,"Philosopher\u0027s Stone":0,"Bottled Lightning":8,"PureWater":0,"StrikeDummy":9},{"Lantern":32,"Happy Flower":38,"Mango":53,"Calling Bell":38,"Lizard Tail":13,"CaptainsWheel":38,"Nunchaku":48,"Matryoshka":23,"Shuriken":23,"Philosopher\u0027s Stone":0,"Bottled Lightning":32,"PureWater":0,"StrikeDummy":38}]},"card_choices":[{"not_picked":["Prostrate","ReachHeaven"],"picked":"PathToVictory","floor":1.0},{"not_picked":["EmptyFist","FlyingSleeves","BowlingBash"],"picked":"SKIP","floor":2.0},{"not_picked":["CarveReality","Crescendo","Halt"],"picked":"SKIP","floor":5.0},{"not_picked":["Worship","LikeWater"],"picked":"PathToVictory","floor":6.0},{"not_picked":["Protect","BowlingBash"],"picked":"SignatureMove","floor":7.0},{"not_picked":["MentalFortress","Protect"],"picked":"LikeWater","floor":8.0},{"not_picked":["Prostrate","SashWhip"],"picked":"Alpha","floor":11.0},{"not_picked":["Wallop","Evaluate","Protect"],"picked":"SKIP","floor":13},{"not_picked":["Protect","SashWhip+1","Evaluate"],"picked":"SKIP","floor":18},{"not_picked":["ThirdEye","SashWhip","CrushJoints"],"picked":"SKIP","floor":19},{"not_picked":["Halt","Prostrate","Collect"],"picked":"SKIP","floor":23},{"not_picked":["JustLucky","EmptyFist+1","Tantrum"],"picked":"SKIP","floor":24}],"player_experience":1357340,"relics_obtained":[{"floor":6.0,"key":"Lizard Tail"},{"floor":8.0,"key":"Shuriken"},{"floor":9.0,"key":"Matryoshka"},{"floor":13,"key":"Bottled Lightning"},{"floor":17,"key":"CaptainsWheel"},{"floor":17,"key":"StrikeDummy"},{"floor":17,"key":"Happy Flower"},{"floor":23,"key":"Mango"}],"event_choices":[{"damage_healed":0.0,"max_hp_gain":0.0,"max_hp_loss":0.0,"gold_gain":0.0,"event_name":"Match and Keep!","player_choice":"0 cards matched","floor":3.0,"gold_loss":0.0,"damage_taken":0.0,"cards_obtained":[]},{"damage_healed":0.0,"max_hp_gain":0.0,"max_hp_loss":0.0,"gold_gain":75.0,"event_name":"World of Goop","player_choice":"Gather Gold","floor":12.0,"gold_loss":0.0,"damage_taken":11.0},{"damage_healed":0,"gold_gain":0,"player_choice":"Simplicity","damage_taken":0,"max_hp_gain":0,"max_hp_loss":0,"event_name":"Back to Basics","floor":20,"gold_loss":0,"cards_upgraded":["Strike_P","Strike_P","Defend_P","Defend_P","Defend_P","Defend_P"]},{"damage_healed":0,"gold_gain":0,"player_choice":"Obtained Relic","damage_taken":0,"relics_obtained":["Nunchaku"],"max_hp_gain":0,"max_hp_loss":0,"event_name":"Addict","floor":21,"gold_loss":85},{"damage_healed":0,"gold_gain":0,"player_choice":"Ignored","damage_taken":0,"max_hp_gain":0,"max_hp_loss":0,"event_name":"Vampires","floor":22,"gold_loss":0}],"is_beta":false,"boss_relics":[{"not_picked":["Ectoplasm","SacredBark"],"picked":"Calling Bell"}],"items_purged_floors":[4,14],"is_endless":false,"potions_floor_spawned":[2,6,8,11,13,23,24],"killed_by":"Slavers","ascension_level":20}}