{"host":"dgf4n6lo35jtjz0c","time":1609633134,"event":{"mods":["AchievementEnabler","BaseMod","Bestiary","Colored Powertips","Minty Spire (QoL Compilation)"],"gold_per_floor":[109,120,136,103,122,122,132,132,132,159,159,174,191,201,201,298,298,238,252,268,0,16,16,0,17,65,65,100,100,113,124,124,124,124],"floor_reached":33,"playtime":2714,"items_purged":[],"score":298,"play_id":"e0ebbc4d-883a-4b26-8215-99750ab6ea5f","local_time":"20210103111854","is_ascension_mode":false,"campfire_choices":[{"floor":6.0,"key":"REST"},{"floor":11.0,"key":"REST"},{"floor":15.0,"key":"REST"},{"floor":23,"key":"REST"},{"data":"Mayhem","floor":27,"key":"SMITH"},{"data":"Berserk","floor":29,"key":"SMITH"},{"floor":32,"key":"REST"}],"circlet_count":0,"master_deck":["Strike_R","Strike_R","Strike_R","Defend_R","Defend_R","Defend_R","Bash","Shrug It Off","Disarm","Berserk+1","Perfected Strike","Defend_R","Rage","Iron Wave","Reaper","Cleave+1","Shrug It Off+1","Sentinel","Mayhem+1","Twin Strike","Shrug It Off+1","Anger","Entrench","Shrug It Off","Power Through"],"relics":["Empty Cage","Ornamental Fan","Ice Cream","SacredBark","Strawberry","Meat on the Bone"],"acts_visited":["Exordium","TheCity"],"potions_floor_usage":[25,28,28,30,31,33],"damage_taken":[{"damage":0.0,"enemies":"Small Slimes","floor":1.0,"turns":6.0},{"damage":1.0,"enemies":"Cultist","floor":2.0,"turns":4.0},{"damage":0.0,"enemies":"2 Louse","floor":3.0,"turns":4.0},{"damage":20.0,"enemies":"Large Slime","floor":5.0,"turns":14.0},{"damage":9.0,"enemies":"2 Fungi Beasts","floor":7.0,"turns":5.0},{"damage":58.0,"enemies":"Lagavulin","floor":10.0,"turns":9.0},{"damage":7.0,"enemies":"Looter","floor":12.0,"turns":4.0},{"damage":26.0,"enemies":"Exordium Thugs","floor":13.0,"turns":7.0},{"damage":2.0,"enemies":"Blue Slaver","floor":14.0,"turns":5.0},{"damage":25.0,"enemies":"The Guardian","floor":16.0,"turns":13.0},{"damage":15.0,"enemies":"2 Thieves","floor":18.0,"turns":4.0},{"damage":11.0,"enemies":"Chosen","floor":19.0,"turns":8.0},{"damage":11.0,"enemies":"Snecko","floor":20.0,"turns":7.0},{"damage":49,"enemies":"Chosen and Byrds","floor":22,"turns":11},{"damage":40,"enemies":"Sentry and Sphere","floor":25,"turns":14},{"damage":43,"enemies":"Book of Stabbing","floor":28,"turns":10},{"damage":14,"enemies":"Shelled Parasite and Fungi","floor":30,"turns":9},{"damage":15,"enemies":"Centurion and Healer","floor":31,"turns":10},{"damage":101,"enemies":"Champ","floor":33,"turns":17}],"seed_played":"-2063884270376940570","potions_obtained":[{"floor":1.0,"key":"LiquidBronze"},{"floor":3.0,"key":"Dexterity Potion"},{"floor":10.0,"key":"DistilledChaos"},{"floor":16.0,"key":"Regen Potion"},{"floor":22,"key":"Fire Potion"},{"floor":25,"key":"Regen Potion"},{"floor":28,"key":"Explosive Potion"},{"floor":30,"key":"LiquidBronze"}],"is_trial":false,"path_per_floor":["M","M","M","?","M","R","M","?","T","E","R","M","M","M","R","B",null,"M","M","M","$","M","R","?","M","T","R","E","R","M","M","R","B"],"character_chosen":"IRONCLAD","items_purchased":["Mayhem","Twin Strike","FearPotion"],"campfire_rested":5,"item_purchase_floors":[21,21,21],"current_hp_per_floor":[80,79,79,79,59,80,71,71,71,13,37,30,4,2,26,1,80,73,66,59,59,16,40,40,55,62,62,68,68,58,51,77,0,0],"gold":124,"neow_bonus":"BOSS_RELIC","is_daily":false,"chose_seed":false,"campfire_upgraded":2,"win_rate":0.0,"timestamp":1609633134,"path_taken":["M","M","M","?","M","R","M","?","T","E","R","?","M","M","R","BOSS","M","M","M","$","M","R","?","M","T","R","E","R","M","M","R","BOSS"],"items_purchased_type":["Card","Card","Potion"],"build_version":"2020-12-22","purchased_purges":0,"victory":false,"max_hp_per_floor":[80,80,80,80,80,80,80,80,80,80,80,80,80,80,80,80,80,80,80,80,80,80,80,80,80,87,87,87,87,87,87,87,87,87],"card_choices":[{"not_picked":["Carnage","Rupture"],"picked":"Shrug It Off","floor":1.0},{"not_picked":["Sever Soul","True Grit","Warcry"],"picked":"SKIP","floor":2.0},{"not_picked":["Clash","Sever Soul"],"picked":"Disarm","floor":3.0},{"not_picked":["Spot Weakness","True Grit"],"picked":"Berserk","floor":5.0},{"not_picked":["Thunderclap","Clothesline"],"picked":"Perfected Strike","floor":7.0},{"not_picked":["Burning Pact","Heavy Blade","Uppercut"],"picked":"SKIP","floor":10.0},{"not_picked":["Havoc","Perfected Strike"],"picked":"Rage","floor":12.0},{"not_picked":["Feel No Pain","Reckless Charge"],"picked":"Iron Wave","floor":13.0},{"not_picked":["Carnage","Rupture","Sword Boomerang"],"picked":"SKIP","floor":14.0},{"not_picked":["Feed","Double Tap"],"picked":"Reaper","floor":16.0},{"not_picked":["Feel No Pain","Battle Trance"],"picked":"Cleave+1","floor":18.0},{"not_picked":["Thunderclap+1","Twin Strike"],"picked":"Shrug It Off+1","floor":19.0},{"not_picked":["Flex","True Grit"],"picked":"Sentinel","floor":20.0},{"not_picked":["Twin Strike","Impervious"],"picked":"Shrug It Off+1","floor":22},{"not_picked":["Shockwave","Twin Strike"],"picked":"Anger","floor":25},{"not_picked":["Clash","Double Tap"],"picked":"Entrench","floor":28},{"not_picked":["Headbutt","Clash"],"picked":"Shrug It Off","floor":30},{"not_picked":["Flex","Pommel Strike+1"],"picked":"Power Through","floor":31}],"player_experience":33368,"relics_obtained":[{"floor":9.0,"key":"Ornamental Fan"},{"floor":10.0,"key":"Ice Cream"},{"floor":26,"key":"Strawberry"},{"floor":28,"key":"Meat on the Bone"}],"event_choices":[{"damage_healed":0.0,"max_hp_gain":0.0,"max_hp_loss":0.0,"gold_gain":0.0,"event_name":"World of Goop","player_choice":"Left Gold","floor":4.0,"gold_loss":33.0,"damage_taken":0.0},{"cards_removed":["Defend_R"],"damage_healed":0.0,"max_hp_gain":0.0,"max_hp_loss":0.0,"gold_gain":0.0,"event_name":"NoteForYourself","player_choice":"Took Card","floor":8.0,"gold_loss":0.0,"damage_taken":0.0,"cards_obtained":["Defend_R"]},{"damage_healed":0,"gold_gain":0,"player_choice":"Paid Fearfully","damage_taken":0,"max_hp_gain":0,"max_hp_loss":0,"event_name":"Masked Bandits","floor":24,"gold_loss":16}],"is_beta":false,"boss_relics":[{"not_picked":["Astrolabe","Black Star"],"picked":"SacredBark"}],"items_purged_floors":[],"is_endless":false,"potions_floor_spawned":[1,3,10,16,22,25,28,30],"killed_by":"Champ","ascension_level":0}}