{"host":"0ydzwspkajt4brzd","time":1609672602,"event":{"mods":["AchievementEnabler","BaseMod","Colored Map","DeckTracker","Highlight Path","Minty Spire (QoL Compilation)","Quick Restart","Random Character Button","Rare Cards Sparkle"],"gold_per_floor":[111,124,140,21,21,51,51,78,101,111,111,76,101,118,118,217,217,217,230,242,242,253,253,65,65,65,65,76,105,105,115,115,215,215,235,254,90,90,90,119,119,138,138,190,206,206,206],"floor_reached":46,"playtime":4322,"items_purged":["Strike_B","Strike_B"],"score":671,"play_id":"d3d6482e-0b64-4d22-a345-963f47424238","local_time":"20210103031642","is_ascension_mode":true,"campfire_choices":[{"data":"Stack","floor":7,"key":"SMITH"},{"data":"Sunder","floor":15,"key":"SMITH"},{"floor":23,"key":"REST"},{"floor":25,"key":"REST"},{"data":"Fusion","floor":27,"key":"SMITH"},{"floor":30,"key":"REST"},{"floor":32,"key":"REST"},{"data":"Seek","floor":41,"key":"SMITH"}],"circlet_count":0,"master_deck":["Strike_B","Strike_B","Defend_B","Defend_B","Defend_B","Defend_B","Zap","Dualcast","Sweeping Beam","Rebound","Stack+1","Sunder+1","Leap+1","Capacitor","White Noise","Ball Lightning","Sunder+1","Fusion+1","Seek+1","Rebound+1","Stack+1","Force Field+1","Aggregate","Reprogram","Auto Shields+1","Hyperbeam","Reinforced Body","Barrage","Seek","White Noise","Finesse","Jack Of All Trades","Flash of Steel","Parasite","Glacier+1","Streamline+1"],"relics":["Nuclear Battery","Bronze Scales","PreservedInsect","Vajra","Pear","Boot","Inserter","Membership Card","Question Card","Oddly Smooth Stone","Busted Crown","DollysMirror","Blue Candle","Pantograph","Ginger"],"acts_visited":["Exordium","TheCity","TheBeyond"],"potions_floor_usage":[16,16,18,44],"damage_taken":[{"damage":1,"enemies":"Cultist","floor":1,"turns":4},{"damage":1,"enemies":"2 Louse","floor":2,"turns":3},{"damage":0,"enemies":"Small Slimes","floor":3,"turns":3},{"damage":9,"enemies":"Lagavulin","floor":6,"turns":6},{"damage":0,"enemies":"3 Sentries","floor":8,"turns":5},{"damage":0,"enemies":"Exordium Wildlife","floor":10,"turns":3},{"damage":9,"enemies":"Lagavulin","floor":13,"turns":5},{"damage":3,"enemies":"Blue Slaver","floor":14,"turns":3},{"damage":16,"enemies":"Slime Boss","floor":16,"turns":8},{"damage":1,"enemies":"3 Byrds","floor":18,"turns":2},{"damage":29,"enemies":"Shell Parasite","floor":19,"turns":4},{"damage":18,"enemies":"Snecko","floor":20,"turns":4},{"damage":16,"enemies":"Snake Plant","floor":22,"turns":4},{"damage":13,"enemies":"Cultist and Chosen","floor":28,"turns":6},{"damage":36,"enemies":"Gremlin Leader","floor":29,"turns":9},{"damage":9,"enemies":"Centurion and Healer","floor":31,"turns":5},{"damage":38,"enemies":"Collector","floor":33,"turns":15},{"damage":11,"enemies":"Orb Walker","floor":35,"turns":3},{"damage":23,"enemies":"3 Darklings","floor":36,"turns":6},{"damage":0,"enemies":"Nemesis","floor":40,"turns":5},{"damage":15,"enemies":"Writhing Mass","floor":42,"turns":6},{"damage":19,"enemies":"2 Orb Walkers","floor":44,"turns":6},{"damage":8,"enemies":"Sphere and 2 Shapes","floor":45,"turns":4},{"damage":13,"enemies":"Transient","floor":46,"turns":2}],"seed_played":"-1489477769669001525","potions_obtained":[{"floor":2,"key":"DuplicationPotion"},{"floor":8,"key":"SmokeBomb"},{"floor":10,"key":"EssenceOfSteel"},{"floor":19,"key":"SteroidPotion"},{"floor":22,"key":"FearPotion"},{"floor":28,"key":"Strength Potion"},{"floor":36,"key":"CultistPotion"}],"is_trial":false,"path_per_floor":["M","M","M","$","?","E","R","E","T","M","?","?","E","M","R","B",null,"M","M","M","?","M","R","$","R","T","R","M","E","R","M","R","B",null,"M","M","$","?","?","E","R","M","T","?","M","M"],"character_chosen":"DEFECT","items_purchased":["Sunder","Leap","Membership Card","DollysMirror","White Noise"],"campfire_rested":4,"item_purchase_floors":[4,4,24,37,37],"current_hp_per_floor":[74,73,73,73,58,49,49,49,49,49,34,55,46,43,43,27,85,84,55,37,21,5,32,32,59,59,59,46,10,37,28,55,17,90,79,56,56,46,46,46,46,31,31,12,4,0,0],"gold":206,"neow_bonus":"BOSS_RELIC","is_daily":false,"chose_seed":false,"campfire_upgraded":4,"win_rate":0.0,"timestamp":1609672602,"path_taken":["M","M","M","?","?","E","R","E","T","M","?","?","E","M","R","BOSS","M","M","M","?","M","R","$","R","T","R","M","E","R","M","R","BOSS","M","M","$","?","?","E","R","?","T","?","M","M"],"items_purchased_type":["Card","Card","Relic","Relic","Card"],"build_version":"2020-12-22","purchased_purges":2,"victory":false,"max_hp_per_floor":[75,75,75,75,75,75,75,75,75,75,85,85,85,85,85,85,85,85,85,85,90,90,90,90,90,90,90,90,90,90,90,90,90,90,90,90,90,90,90,90,90,90,90,90,90,90,90],"card_choices":[{"not_picked":["Barrage","Turbo"],"picked":"Sweeping Beam","floor":1},{"not_picked":["Capacitor","Streamline"],"picked":"Rebound","floor":2},{"not_picked":["Rebound","Ball Lightning"],"picked":"Stack","floor":3},{"not_picked":["Compile Driver","Lockon"],"picked":"Capacitor","floor":6},{"not_picked":["Barrage","Lockon"],"picked":"White Noise","floor":8},{"not_picked":["Steam","Redo"],"picked":"Ball Lightning","floor":10},{"not_picked":["Rebound","Consume"],"picked":"Sunder","floor":13},{"not_picked":["Self Repair","Ball Lightning"],"picked":"Fusion","floor":14},{"not_picked":["Hyperbeam","Machine Learning"],"picked":"Seek","floor":16},{"not_picked":["Scrape+1","Hologram"],"picked":"Rebound+1","floor":19},{"not_picked":["Coolheaded","Compile Driver"],"picked":"Stack+1","floor":20},{"not_picked":["Coolheaded","Capacitor"],"picked":"Force Field+1","floor":22},{"not_picked":["Lockon","Steam+1","Go for the Eyes+1"],"picked":"Aggregate","floor":28},{"not_picked":["Heatsinks","Scrape","Capacitor+1"],"picked":"Reprogram","floor":29},{"not_picked":["Redo","Barrage+1","Go for the Eyes"],"picked":"Auto Shields+1","floor":31},{"not_picked":["Thunder Strike","Electrodynamics","All For One"],"picked":"Hyperbeam","floor":33},{"not_picked":["Sweeping Beam+1"],"picked":"Reinforced Body","floor":35},{"not_picked":["Genetic Algorithm"],"picked":"Barrage","floor":36},{"not_picked":["Impatience"],"picked":"Finesse","floor":38},{"not_picked":["Deep Breath"],"picked":"Jack Of All Trades","floor":38},{"not_picked":["Trip"],"picked":"Flash of Steel","floor":38},{"not_picked":["Compile Driver","Coolheaded"],"picked":"SKIP","floor":40},{"not_picked":["Reprogram"],"picked":"Glacier+1","floor":42},{"not_picked":["Sweeping Beam+1"],"picked":"Streamline+1","floor":44},{"not_picked":["Beam Cell","Rebound+1"],"picked":"SKIP","floor":45}],"player_experience":436575,"relics_obtained":[{"floor":6,"key":"Bronze Scales"},{"floor":8,"key":"PreservedInsect"},{"floor":9,"key":"Vajra"},{"floor":13,"key":"Boot"},{"floor":26,"key":"Question Card"},{"floor":29,"key":"Oddly Smooth Stone"},{"floor":40,"key":"Blue Candle"},{"floor":43,"key":"Pantograph"},{"floor":44,"key":"Ginger"}],"event_choices":[{"damage_healed":0,"gold_gain":0,"player_choice":"Entered Light","damage_taken":15,"max_hp_gain":0,"max_hp_loss":0,"event_name":"Shining Light","floor":5,"gold_loss":0,"cards_upgraded":["Sunder","Leap"]},{"damage_healed":0,"gold_gain":0,"player_choice":"Success","damage_taken":25,"relics_obtained":["Pear"],"max_hp_gain":0,"max_hp_loss":0,"event_name":"Scrap Ooze","floor":11,"gold_loss":0},{"damage_healed":21,"gold_gain":0,"player_choice":"Healed","damage_taken":0,"max_hp_gain":0,"max_hp_loss":0,"event_name":"The Cleric","floor":12,"gold_loss":35},{"damage_healed":0,"gold_gain":0,"player_choice":"Shed Blood","damage_taken":21,"max_hp_gain":5,"max_hp_loss":0,"event_name":"Forgotten Altar","floor":21,"gold_loss":0},{"damage_healed":0,"gold_gain":0,"player_choice":"Memory 3","damage_taken":10,"max_hp_gain":0,"max_hp_loss":0,"event_name":"SensoryStone","floor":38,"gold_loss":0},{"damage_healed":0,"gold_gain":0,"player_choice":"Got Potions","damage_taken":0,"max_hp_gain":0,"max_hp_loss":0,"event_name":"Lab","floor":39,"gold_loss":0},{"damage_healed":0,"gold_gain":0,"player_choice":"Fight","damage_taken":0,"max_hp_gain":0,"max_hp_loss":0,"event_name":"Mysterious Sphere","floor":44,"gold_loss":0}],"is_beta":false,"boss_relics":[{"not_picked":["SacredBark","Empty Cage"],"picked":"Inserter"},{"not_picked":["Pandora\u0027s Box","Calling Bell"],"picked":"Busted Crown"}],"items_purged_floors":[24,37],"is_endless":false,"potions_floor_spawned":[2,8,10,14,19,22,28,31,36,40,42],"killed_by":"Transient","ascension_level":3}}