{"host":"whloki2o3dp1b07n","time":1609644886,"event":{"mods":["Abigail Mod","Act Like it!","Arknights The Spire","BaseMod","Better Synergies","Block Reminder","CapriCore","Colored Map","Colored Powertips","DNKmod","Evolution","Friendly Minions","GifTheSpireLib","GungeonMod","HexUI Lib","Koishi","Marked Mod","Minty Spire (QoL Compilation)","StSLib","Swap Starting Deck Mod","The Bug Knight","The Caster","The Marked","Transform Curses"],"gold_per_floor":[115,128,12,31,206,236,236,236,287,287,10,28,28,39,39,143,143,158,87,99,99,21,37,37,37],"floor_reached":24,"playtime":1096,"items_purged":[],"score":196,"play_id":"a2409e74-ae41-4fe3-8066-5c7c75a0c6d7","local_time":"20210102223446","is_ascension_mode":false,"campfire_choices":[{"data":"theMarked:BanishingStrike","floor":8,"key":"SMITH"},{"data":"theMarked:SoldierOfQuellstein","floor":10,"key":"SMITH"},{"floor":13,"key":"REST"},{"floor":15,"key":"REST"}],"circlet_count":0,"master_deck":["theMarked:Strike+1","theMarked:Strike+1","theMarked:Strike+1","theMarked:Strike+1","theMarked:Strike+1","theMarked:Defend+1","theMarked:Defend+1","theMarked:Defend+1","theMarked:Defend+1","theMarked:SoldierOfQuellstein+1","theMarked:DeterminationOfTheMarked","theMarked:WardOff","theMarked:BanishingStrike+1","theMarked:MysticalArsenal","theMarked:Static","theMarked:WardOff","theMarked:ResourceFulStrike","theMarked:HeightenedSenses","theMarked:EmpowerWeapon","theMarked:Parry","theMarked:Vacuum","theMarked:ParalyzingBlade+1","theMarked:StartUp","theMarked:WastefulDefense","theMarked:Opportunist","theMarked:ChainLightning+1"],"relics":["theMarked:BronzeBlade","EVO:Axolotl","Omamori","Art of War","DemoMod:MeltedRock"],"acts_visited":["Exordium","TheCity"],"potions_floor_usage":[16,23],"damage_taken":[{"damage":2,"enemies":"Small Slimes","floor":1,"turns":3},{"damage":5,"enemies":"Jaw Worm","floor":2,"turns":4},{"damage":1,"enemies":"Cultist","floor":4,"turns":3},{"damage":7,"enemies":"HollowMod:MossKnight","floor":6,"turns":5},{"damage":10,"enemies":"Looter","floor":12,"turns":3},{"damage":11,"enemies":"Exordium Thugs","floor":14,"turns":4},{"damage":25,"enemies":"Slime Boss","floor":16,"turns":6},{"damage":29,"enemies":"3 Byrds","floor":18,"turns":6},{"damage":27,"enemies":"3 Cultists","floor":20,"turns":6},{"damage":13,"enemies":"Cultist and Chosen","floor":23,"turns":6},{"damage":1,"enemies":"Shelled Parasite and Fungi","floor":24,"turns":1}],"seed_played":"-243673230290447856","potions_obtained":[{"floor":1,"key":"BlessingOfTheForge"},{"floor":4,"key":"theMarked:SummonPotion"},{"floor":16,"key":"Swift Potion"},{"floor":20,"key":"LiquidMemories"}],"is_trial":false,"path_per_floor":["M","M","$","M","?","E","?","R","T","R","$","M","R","M","R","B",null,"M","$","M","?","$","M","M"],"character_chosen":"THE_DEFAULT","items_purchased":["theMarked:MysticalArsenal","theMarked:Static","DemoMod:MeltedRock","theMarked:HeightenedSenses","theMarked:StartUp","theMarked:Opportunist"],"campfire_rested":2,"item_purchase_floors":[3,3,11,11,19,22],"current_hp_per_floor":[68,63,63,62,62,55,55,55,55,55,55,45,66,55,70,45,70,41,41,14,14,14,1,0,0],"gold":37,"neow_bonus":"THREE_CARDS","is_daily":false,"chose_seed":false,"campfire_upgraded":2,"win_rate":0.0,"timestamp":1609644886,"path_taken":["M","M","$","M","?","E","?","R","T","R","$","M","R","M","R","BOSS","M","$","?","?","?","M","M"],"items_purchased_type":["Card","Card","Relic","Card","Card","Card"],"build_version":"2020-12-22","purchased_purges":0,"victory":false,"max_hp_per_floor":[70,70,70,70,70,70,70,70,70,70,70,70,70,70,70,70,70,70,70,70,70,70,70,70,70],"card_choices":[{"not_picked":["theMarked:Standoff","theMarked:Aftermath"],"picked":"theMarked:DeterminationOfTheMarked","floor":0},{"not_picked":["theMarked:MaelstromOfLightning","theMarked:Static"],"picked":"theMarked:WardOff","floor":1},{"not_picked":["theMarked:WardOff","theMarked:Frustration"],"picked":"theMarked:BanishingStrike","floor":2},{"not_picked":["theMarked:Parkour","theMarked:HeightenedSenses"],"picked":"theMarked:WardOff","floor":4},{"not_picked":["theMarked:Overthink","theMarked:Static"],"picked":"theMarked:ResourceFulStrike","floor":6},{"not_picked":["theMarked:ElectricStrings","theMarked:EnhanceMovement"],"picked":"theMarked:EmpowerWeapon","floor":12},{"not_picked":["theMarked:ElectricStrings","theMarked:ChainLightning"],"picked":"theMarked:Parry","floor":14},{"not_picked":["theMarked:UnarmedFury","theMarked:Challenge"],"picked":"theMarked:Vacuum","floor":16},{"not_picked":["theMarked:Aftermath","theMarked:Frustration"],"picked":"theMarked:ParalyzingBlade+1","floor":18},{"not_picked":["theMarked:ParalyzingBlade+1","theMarked:PowerFlow"],"picked":"theMarked:WastefulDefense","floor":20},{"not_picked":["theMarked:Frustration+1","theMarked:WardOff"],"picked":"theMarked:ChainLightning+1","floor":23}],"player_experience":1108876,"relics_obtained":[{"floor":6,"key":"Omamori"},{"floor":9,"key":"Art of War"}],"event_choices":[{"damage_healed":0,"gold_gain":175,"player_choice":"AGREE","damage_taken":0,"max_hp_gain":0,"max_hp_loss":0,"event_name":"Liars Game","floor":5,"gold_loss":0,"cards_obtained":["Doubt"]},{"cards_removed":["Doubt"],"damage_healed":0,"gold_gain":0,"player_choice":"Removed Curses","damage_taken":0,"max_hp_gain":0,"max_hp_loss":0,"event_name":"Fountain of Cleansing","floor":7,"gold_loss":0},{"damage_healed":0,"gold_gain":0,"player_choice":"Simplicity","damage_taken":0,"max_hp_gain":0,"max_hp_loss":0,"event_name":"Back to Basics","floor":21,"gold_loss":0,"cards_upgraded":["theMarked:Strike","theMarked:Strike","theMarked:Strike","theMarked:Strike","theMarked:Strike","theMarked:Defend","theMarked:Defend","theMarked:Defend","theMarked:Defend"]}],"is_beta":false,"boss_relics":[{"not_picked":["Fusion Hammer","Ectoplasm"],"picked":"theMarked:BronzeBlade"}],"items_purged_floors":[],"is_endless":false,"potions_floor_spawned":[1,4,16,20],"killed_by":"Shelled Parasite and Fungi","ascension_level":0}}