{"host":"px2oznrenyeljk7o","time":1609688298,"event":{"mods":["A Magickal Journey","AchievementEnabler","Arknights The Spire","BaseMod","Better Altar","Better Match","Better Note","Better Sensory Stone","Better Third Choice","Conspire","Curses Come First","GifTheSpireLib","GungeonMod","Hermit","Koishi","Lobotomy","LobotomyExtend","Minty Spire (QoL Compilation)","Nova Terra(??·??)","Potionbrewer","Reimu??????","Replay The Spire","Robot Space Explorer","Small Relic Pack","Somnambulant","Spicy Shops","StSLib","Stuff the Spire","The Administrix","The Alterego","The Blackbeard","The Blue Laboratory","The Bug Knight","The Construct","The Cursed","The Disciple","The Gatherer","The Hayseed","The Hierophant","The Jungle","The Marked","The Poker Player","The Runesmith","Yakumo Yukari mod","Yuri Mod","everything is the same but u backflip on backflip","slay the spire mod where everything is the same but ironclad has a cowboy hat"],"gold_per_floor":[110,4,17,34,34,48,48,64,64,81,81,81],"floor_reached":11,"playtime":1278,"items_purged":[],"score":67,"play_id":"e31c3a89-001c-42d4-9756-1118dab77edf","local_time":"20210103163818","is_ascension_mode":false,"campfire_choices":[{"data":"Armaments","floor":7,"key":"SMITH"}],"circlet_count":0,"master_deck":["Strike_R","Strike_R","Strike_R","Strike_R","Strike_R","Defend_R","Defend_R","Defend_R","Defend_R","Bash","Sword Boomerang","Armaments+1","Warcry","ReplayTheSpireMod:Corrosion Curse","Replay:Bootleg Shield Generator","StuffTheSpire:Incineration","Rage","Massacre"],"relics":["Burning Blood","potionbrewer:ToyAutogyro","LetterFromLob","DemoMod:GnawedKey","Calipers"],"acts_visited":["Exordium"],"potions_floor_usage":[6,8,10],"damage_taken":[{"damage":0,"enemies":"conspire:RoseBush","floor":1,"turns":4},{"damage":7,"enemies":"Jaw Worm","floor":3,"turns":5},{"damage":4,"enemies":"Cultist","floor":4,"turns":5},{"damage":2,"enemies":"Large Slime","floor":6,"turns":8},{"damage":3,"enemies":"Lots of Slimes","floor":8,"turns":4},{"damage":43,"enemies":"Gremlin Gang","floor":10,"turns":9},{"damage":45,"enemies":"3 Sentries","floor":11,"turns":8}],"seed_played":"6720033984198745422","potions_obtained":[{"floor":4,"key":"blueLaboratory:PyrophylliteBrew"},{"floor":6,"key":"Block Potion"},{"floor":8,"key":"Adrenaline Potion"}],"is_trial":false,"path_per_floor":["M","$","M","M","?","M","R","M","T","M","E"],"character_chosen":"IRONCLAD","items_purchased":["Armaments","DemoMod:GnawedKey"],"campfire_rested":0,"item_purchase_floors":[2,2],"current_hp_per_floor":[80,80,79,80,80,80,80,80,80,43,0,0],"gold":81,"neow_bonus":"RANDOM_COMMON_RELIC","is_daily":false,"chose_seed":false,"campfire_upgraded":1,"win_rate":0.0,"timestamp":1609688298,"path_taken":["M","$","?","M","?","M","R","M","T","M","E"],"items_purchased_type":["Card","Relic"],"build_version":"2020-12-22","purchased_purges":0,"victory":false,"max_hp_per_floor":[80,80,80,80,80,80,80,80,80,80,80,80],"card_choices":[{"not_picked":["Wild Strike","Headbutt"],"picked":"Sword Boomerang","floor":1},{"not_picked":["True Grit","Power Through"],"picked":"Warcry","floor":3},{"not_picked":["Disarm","Heavy Blade"],"picked":"ReplayTheSpireMod:Corrosion Curse","floor":4},{"not_picked":["DemoMod:Invincible","Panacea"],"picked":"Replay:Bootleg Shield Generator","floor":5},{"not_picked":["Run Through","Searing Blow"],"picked":"StuffTheSpire:Incineration","floor":6},{"not_picked":["ReplayTheSpireMod:Corrosion Curse","Warcry"],"picked":"Rage","floor":8},{"not_picked":["True Grit","Whirlwind"],"picked":"Massacre","floor":10}],"player_experience":428352,"relics_obtained":[{"floor":1,"key":"LetterFromLob"},{"floor":9,"key":"Calipers"}],"event_choices":[{"damage_healed":0,"gold_gain":1,"player_choice":"1","damage_taken":0,"max_hp_gain":0,"max_hp_loss":0,"event_name":"betterStone:BetterStone","floor":5,"gold_loss":0}],"is_beta":false,"boss_relics":[],"items_purged_floors":[],"is_endless":false,"potions_floor_spawned":[4,6,8],"killed_by":"3 Sentries","ascension_level":0}}