{"host":"bf1tnxyvjw6wp3cl","time":1609716581,"event":{"mods":["AchievementEnabler","BaseMod","Block Reminder","Colored Powertips","Minty Spire (QoL Compilation)","Quick Restart","Relic Stats","StSLib","SuperFastMode"],"gold_per_floor":[111,129,145,75,150,150,177,177,224,256,272,282,293,327,327,423,423,438,220,220,238,169,188,138,138,161,173,29,42,42,58,58,162,162,174,174,174,174,174,201,201,201,226,246,246,296,211,238,238,238],"floor_reached":51,"playtime":1756,"items_purged":["Regret"],"score":693,"play_id":"5c3f8a94-0c55-4acf-9b93-be83ead6469c","local_time":"20210103182941","is_ascension_mode":false,"campfire_choices":[{"data":"Defragment","floor":6,"key":"SMITH"},{"floor":15,"key":"REST"},{"floor":25,"key":"REST"},{"data":"Defragment","floor":30,"key":"SMITH"},{"floor":32,"key":"REST"},{"data":"Chill","floor":41,"key":"SMITH"},{"data":"Amplify","floor":45,"key":"SMITH"},{"floor":49,"key":"REST"}],"circlet_count":0,"master_deck":["Strike_B","Strike_B+1","Strike_B+1","Defend_B","Defend_B","Defend_B","Defend_B","Zap","Dualcast","Hello World","Defragment+1","Steam","Cold Snap","Consume","Heatsinks","Leap","Coolheaded","Capacitor","Creative AI+1","Chill+1","Self Repair","Loop","Turbo","Defragment+1","Conserve Battery+1","Ball Lightning","Amplify+1","Electrodynamics","Echo Form","Writhe","Turbo+1","Capacitor+1","Loop","Doubt"],"relics":["Cracked Core","Smiling Mask","Strawberry","Bronze Scales","Juzu Bracelet","Inserter","Boot","Ancient Tea Set","Cursed Key","Matryoshka","Bag of Marbles","Whetstone","Art of War","Torii","Anchor","Happy Flower"],"acts_visited":["Exordium","TheCity","TheBeyond"],"potions_floor_usage":[7,11,14,16,16,29,29,46],"damage_taken":[{"damage":2,"enemies":"Small Slimes","floor":1,"turns":3},{"damage":6,"enemies":"Jaw Worm","floor":2,"turns":4},{"damage":5,"enemies":"Cultist","floor":3,"turns":4},{"damage":13,"enemies":"Gremlin Nob","floor":7,"turns":4},{"damage":7,"enemies":"3 Sentries","floor":10,"turns":9},{"damage":9,"enemies":"Looter","floor":11,"turns":3},{"damage":9,"enemies":"Exordium Thugs","floor":12,"turns":4},{"damage":8,"enemies":"Gremlin Gang","floor":13,"turns":4},{"damage":2,"enemies":"Lagavulin","floor":14,"turns":8},{"damage":6,"enemies":"The Guardian","floor":16,"turns":12},{"damage":23,"enemies":"3 Byrds","floor":18,"turns":3},{"damage":3,"enemies":"Spheric Guardian","floor":21,"turns":6},{"damage":22,"enemies":"Shelled Parasite and Fungi","floor":23,"turns":8},{"damage":6,"enemies":"Cultist and Chosen","floor":27,"turns":7},{"damage":24,"enemies":"3 Cultists","floor":29,"turns":6},{"damage":29,"enemies":"Snake Plant","floor":31,"turns":4},{"damage":28,"enemies":"Automaton","floor":33,"turns":10},{"damage":23,"enemies":"Orb Walker","floor":35,"turns":5},{"damage":13,"enemies":"Nemesis","floor":40,"turns":9},{"damage":33,"enemies":"3 Darklings","floor":44,"turns":6},{"damage":9,"enemies":"Mind Bloom Boss Battle","floor":46,"turns":7},{"damage":27,"enemies":"Donu and Deca","floor":50,"turns":11}],"seed_played":"-833624687827756789","potions_obtained":[{"floor":1,"key":"SkillPotion"},{"floor":3,"key":"Fire Potion"},{"floor":11,"key":"Block Potion"},{"floor":13,"key":"Weak Potion"},{"floor":14,"key":"ColorlessPotion"},{"floor":16,"key":"FocusPotion"},{"floor":27,"key":"FocusPotion"},{"floor":29,"key":"Strength Potion"},{"floor":40,"key":"Energy Potion"},{"floor":44,"key":"DistilledChaos"}],"is_trial":false,"path_per_floor":["M","M","M","$","?","R","E","?","T","E","M","M","M","E","R","B",null,"M","$","?","M","$","M","?","R","T","M","$","M","R","M","R","B",null,"M","?","?","?","?","E","R","?","T","M","R","?","$","T","R","B",null],"character_chosen":"DEFECT","items_purchased":["Hello World","Boot","Self Repair","Defragment","Amplify","Loop"],"campfire_rested":4,"item_purchase_floors":[4,19,19,22,28,47],"current_hp_per_floor":[80,74,69,69,58,58,45,45,52,45,36,27,19,17,43,37,89,66,66,66,70,70,55,55,81,81,75,75,65,65,36,62,41,89,73,89,89,89,89,89,89,89,89,70,70,68,68,68,89,69],"gold":238,"neow_bonus":"TEN_PERCENT_HP_BONUS","is_daily":false,"chose_seed":false,"campfire_upgraded":4,"win_rate":0.0,"timestamp":1609716581,"path_taken":["M","M","M","$","?","R","E","?","T","E","M","M","M","E","R","BOSS","M","$","?","M","$","M","?","R","T","M","$","M","R","M","R","BOSS","M","?","?","?","?","E","R","?","T","M","R","?","?","?","R","BOSS"],"items_purchased_type":["Card","Relic","Card","Card","Card","Card"],"build_version":"2020-12-22","purchased_purges":1,"victory":true,"max_hp_per_floor":[82,82,82,82,82,82,82,82,89,89,89,89,89,89,89,89,89,89,89,89,89,89,89,89,89,89,89,89,89,89,89,89,89,89,89,89,89,89,89,89,89,89,89,89,89,89,89,89,89,89],"relic_stats":{"Inserter":[37],"Torii":6,"Happy Flower":[3],"counters":[22,137],"Bronze Scales":[417],"Juzu Bracelet":2,"Art of War":[10],"Whetstone":["Strike_B","Strike_B"],"Smiling Mask":25,"Boot":[51],"Cursed Key":2,"obtain_stats":[{"Inserter":17,"Torii":46,"Happy Flower":48,"Juzu Bracelet":14,"Whetstone":43,"Smiling Mask":7,"Boot":19,"Ancient Tea Set":26,"Cursed Key":34,"Anchor":48,"Matryoshka":37,"Strawberry":9,"Bronze Scales":10,"Bag of Marbles":40,"Art of War":43,"Cracked Core":0},{"Inserter":10,"Torii":21,"Happy Flower":21,"Juzu Bracelet":9,"Whetstone":19,"Smiling Mask":4,"Boot":11,"Ancient Tea Set":13,"Cursed Key":17,"Anchor":21,"Matryoshka":18,"Strawberry":4,"Bronze Scales":5,"Bag of Marbles":19,"Art of War":19,"Cracked Core":0},{"Inserter":55,"Torii":126,"Happy Flower":126,"Juzu Bracelet":43,"Whetstone":113,"Smiling Mask":15,"Boot":58,"Ancient Tea Set":72,"Cursed Key":99,"Anchor":126,"Matryoshka":104,"Strawberry":15,"Bronze Scales":24,"Bag of Marbles":113,"Art of War":113,"Cracked Core":0}]},"card_choices":[{"not_picked":["Chaos","Leap"],"picked":"Hello World","floor":1},{"not_picked":["Aggregate","Beam Cell"],"picked":"Defragment","floor":2},{"not_picked":["Reprogram","Sunder"],"picked":"Steam","floor":3},{"not_picked":["Sweeping Beam","Tempest"],"picked":"Cold Snap","floor":7},{"not_picked":["Compile Driver","Barrage"],"picked":"Consume","floor":10},{"not_picked":["Cold Snap","Leap"],"picked":"Heatsinks","floor":11},{"not_picked":["Reinforced Body","Hologram"],"picked":"Leap","floor":12},{"not_picked":["Sweeping Beam","Fission"],"picked":"Coolheaded","floor":13},{"not_picked":["Turbo","Darkness"],"picked":"Capacitor","floor":14},{"not_picked":["Reboot","Thunder Strike"],"picked":"Creative AI","floor":16},{"not_picked":["Blizzard","Beam Cell"],"picked":"Chill","floor":18},{"not_picked":["Force Field","Skim"],"picked":"Turbo","floor":21},{"not_picked":["Streamline","Reprogram+1"],"picked":"Conserve Battery+1","floor":23},{"not_picked":["Force Field","Compile Driver"],"picked":"Ball Lightning","floor":27},{"not_picked":["Go for the Eyes","Lockon"],"picked":"Electrodynamics","floor":29},{"not_picked":["Hologram+1","Conserve Battery","Sunder"],"picked":"SKIP","floor":31},{"not_picked":["Rainbow","Meteor Strike"],"picked":"Echo Form","floor":33},{"not_picked":["Rebound+1","Sweeping Beam","Go for the Eyes"],"picked":"SKIP","floor":35},{"not_picked":["Leap","Lockon+1","Thunder Strike"],"picked":"SKIP","floor":40},{"not_picked":["Steam+1","Scrape"],"picked":"Turbo+1","floor":44},{"not_picked":["Streamline","Coolheaded+1"],"picked":"Capacitor+1","floor":46}],"player_experience":158043,"relics_obtained":[{"floor":7,"key":"Smiling Mask"},{"floor":9,"key":"Strawberry"},{"floor":10,"key":"Bronze Scales"},{"floor":14,"key":"Juzu Bracelet"},{"floor":26,"key":"Ancient Tea Set"},{"floor":40,"key":"Bag of Marbles"},{"floor":43,"key":"Whetstone"},{"floor":43,"key":"Art of War"},{"floor":46,"key":"Torii"},{"floor":48,"key":"Anchor"},{"floor":48,"key":"Happy Flower"}],"event_choices":[{"damage_healed":0,"gold_gain":75,"player_choice":"Gather Gold","damage_taken":11,"max_hp_gain":0,"max_hp_loss":0,"event_name":"World of Goop","floor":5,"gold_loss":0},{"damage_healed":0,"gold_gain":0,"player_choice":"Ignored","damage_taken":0,"max_hp_gain":0,"max_hp_loss":0,"event_name":"Golden Wing","floor":8,"gold_loss":0},{"damage_healed":0,"gold_gain":0,"player_choice":"Read","damage_taken":0,"max_hp_gain":0,"max_hp_loss":0,"event_name":"The Library","floor":20,"gold_loss":0,"cards_obtained":["Loop"]},{"damage_healed":0,"gold_gain":0,"player_choice":"Bet on Murderer","damage_taken":0,"max_hp_gain":0,"max_hp_loss":0,"event_name":"The Joust","floor":24,"gold_loss":50},{"damage_healed":22,"gold_gain":0,"player_choice":"Writhe","damage_taken":0,"max_hp_gain":0,"max_hp_loss":0,"event_name":"Winding Halls","floor":36,"gold_loss":0,"cards_obtained":["Writhe"]},{"cards_removed":["Hello World"],"damage_healed":0,"gold_gain":0,"player_choice":"Gave Card","damage_taken":0,"relics_obtained":["Matryoshka"],"max_hp_gain":0,"max_hp_loss":0,"event_name":"WeMeetAgain","floor":37,"gold_loss":0},{"damage_healed":0,"gold_gain":0,"player_choice":"Forge","damage_taken":0,"max_hp_gain":0,"max_hp_loss":0,"event_name":"Accursed Blacksmith","floor":38,"gold_loss":0,"cards_upgraded":["Creative AI"]},{"damage_healed":0,"gold_gain":0,"player_choice":"Ignored","damage_taken":0,"max_hp_gain":0,"max_hp_loss":0,"event_name":"Mysterious Sphere","floor":39,"gold_loss":0},{"cards_removed":["Strike_B"],"damage_healed":0,"gold_gain":0,"player_choice":"Removed Attack","damage_taken":0,"max_hp_gain":0,"max_hp_loss":0,"event_name":"Falling","floor":42,"gold_loss":0},{"damage_healed":0,"gold_gain":0,"player_choice":"Fight","damage_taken":0,"max_hp_gain":0,"max_hp_loss":0,"event_name":"MindBloom","floor":46,"gold_loss":0}],"is_beta":false,"boss_relics":[{"not_picked":["Runic Pyramid","Tiny House"],"picked":"Inserter"},{"not_picked":["Philosopher\u0027s Stone","Astrolabe"],"picked":"Cursed Key"}],"items_purged_floors":[47],"is_endless":false,"potions_floor_spawned":[1,3,11,13,14,16,27,29,40,44],"ascension_level":0}}