{"host":"v4tuy5ykrbdcm9o9","time":1609706869,"event":{"mods":["BaseMod","Duelist Mod","Minty Spire (QoL Compilation)","Replay The Spire","StSLib"],"gold_per_floor":[136,151,151,170,180,180,207,207,207,219,219,69,144,183,183,304,304,319,332,332,347,361,401,401,437,464,464,384,397,456,500,500,623,623,641,231,256,236,252,313,331,355,355,396,451,470,506,599,599,599,599,599,402,445,445],"floor_reached":56,"playtime":8178,"items_purged":["Injury"],"score":1870,"play_id":"8be7a599-72e8-46eb-981f-f5f6dc4dbf44","local_time":"20210103154749","is_ascension_mode":true,"campfire_choices":[{"data":"theDuelist:Raigeki","floor":6.0,"key":"SMITH"},{"data":"theDuelist:FinalFlame","floor":8.0,"key":"SMITH"},{"floor":15.0,"key":"REST"},{"floor":24.0,"key":"RECALL"},{"data":"theDuelist:FluteKuriboh","floor":27.0,"key":"SMITH"},{"data":"theDuelist:MillenniumScorpion","floor":32.0,"key":"SMITH"},{"data":"theDuelist:RainbowBridge","floor":49,"key":"SMITH"},{"data":"theDuelist:ScrapFactory","floor":52,"key":"SMITH"}],"circlet_count":0,"master_deck":["theDuelist:PreventRat","theDuelist:BeaverWarrior","theDuelist:GravityBlaster","theDuelist:Raigeki+1","theDuelist:WormApocalypse","theDuelist:HappyLover","theDuelist:Nameless:Power:ForbiddenLance","theDuelist:MillenniumShield","theDuelist:CastleWalls","theDuelist:Eva","theDuelist:FluteKuriboh","theDuelist:MillenniumScorpion+1","theDuelist:HappyLover","theDuelist:OjamaCountry+1","theDuelist:GiantSoldier","theDuelist:ScrapFactory+1","theDuelist:CastleWalls","theDuelist:FluteKuriboh+1","theDuelist:BeaverWarrior","theDuelist:FinalFlame+1","theDuelist:CrossAttack","theDuelist:StormSparks","theDuelist:Sparks","theDuelist:HappyLover","theDuelist:Raigeki+1","theDuelist:WhiteHowling+1","theDuelist:RainbowKuriboh+1","theDuelist:Wiretap","theDuelist:Wiretap","theDuelist:ForbiddenLance+1","theDuelist:ScrapFactory+1","theDuelist:DarkFactory","theDuelist:KamionTimelord+1","theDuelist:DoubleTool+1","Violence","theDuelist:RainbowBridge+1","theDuelist:GravityBlaster+1","theDuelist:MudGolem+1","theDuelist:MeteorDestruction+1","theDuelist:Raigeki+1","theDuelist:KamionTimelord+1","theDuelist:Raigeki+1"],"relics":["theDuelist:MillenniumPuzzle","theDuelist:CardPoolRelic","theDuelist:CardPoolBasicRelic","theDuelist:BoosterPackPoolRelic","theDuelist:CardPoolAddRelic","theDuelist:CardPoolMinusRelic","theDuelist:CardPoolSaveRelic","theDuelist:CardPoolOptionsRelic","theDuelist:MillenniumPrayerbook","Durian","Golden Idol","theDuelist:PrayerPageA","Ooze Armor","Nloth\u0027s Gift","Orichalcum","Molten Egg 2","Replay:PocketPolymizer","Torii","Peace Pipe","theDuelist:SummonAnchorRare","theDuelist:GamblerChip","Bag of Preparation","theDuelist:KaibaToken","Blue Candle","ReplayTheSpireMod:Shallot","White Beast Statue","Unceasing Top","Lantern","ReplayFunnel"],"acts_visited":["Exordium","TheCity","TheBeyond","TheEnding"],"potions_floor_usage":[39,41,44,54,55,55],"damage_taken":[{"damage":0.0,"enemies":"Small Slimes","floor":1.0,"turns":2.0},{"damage":0.0,"enemies":"Cultist","floor":2.0,"turns":3.0},{"damage":0.0,"enemies":"2 Louse","floor":4.0,"turns":2.0},{"damage":0.0,"enemies":"Looter","floor":5.0,"turns":2.0},{"damage":8.0,"enemies":"3 Sentries","floor":7.0,"turns":11.0},{"damage":0.0,"enemies":"2 Fungi Beasts","floor":10.0,"turns":3.0},{"damage":0.0,"enemies":"Replay:BlueRogue","floor":14.0,"turns":4.0},{"damage":0.0,"enemies":"Hexaghost","floor":16.0,"turns":5.0},{"damage":0.0,"enemies":"Shell Parasite","floor":18.0,"turns":3.0},{"damage":0.0,"enemies":"Chosen","floor":19.0,"turns":4.0},{"damage":0.0,"enemies":"Snake Plant","floor":21.0,"turns":2.0},{"damage":0.0,"enemies":"Chosen and Byrds","floor":22.0,"turns":4.0},{"damage":0.0,"enemies":"theDuelist:KaibaA2","floor":23.0,"turns":5.0},{"damage":0.0,"enemies":"Slavers","floor":25.0,"turns":3.0},{"damage":0.0,"enemies":"Centurion and Healer","floor":29.0,"turns":5.0},{"damage":0.0,"enemies":"Centurion and Healer","floor":30.0,"turns":9.0},{"damage":2.0,"enemies":"theDuelist:KaibaA2","floor":31.0,"turns":2.0},{"damage":0.0,"enemies":"Automaton","floor":33.0,"turns":7.0},{"damage":0,"enemies":"3 Shapes","floor":35,"turns":2},{"damage":0,"enemies":"Orb Walker","floor":37,"turns":2},{"damage":0,"enemies":"Jaw Worm Horde","floor":39,"turns":3},{"damage":0,"enemies":"Nemesis","floor":40,"turns":4},{"damage":0,"enemies":"3 Darklings","floor":41,"turns":3},{"damage":0,"enemies":"Sphere and 2 Shapes","floor":42,"turns":1},{"damage":0,"enemies":"R_Hoarder","floor":44,"turns":3},{"damage":0,"enemies":"Writhing Mass","floor":45,"turns":5},{"damage":0,"enemies":"Spire Growth","floor":46,"turns":3},{"damage":0,"enemies":"Giant Head","floor":47,"turns":7},{"damage":0,"enemies":"Mind Bloom Boss Battle","floor":48,"turns":4},{"damage":0,"enemies":"Donu and Deca","floor":50,"turns":6},{"damage":24,"enemies":"Shield and Spear","floor":54,"turns":5},{"damage":0,"enemies":"The Heart","floor":55,"turns":7}],"seed_played":"-2227097960840031532","potions_obtained":[{"floor":1.0,"key":"theDuelist:IcePotion"},{"floor":7.0,"key":"theDuelist:SealedPackE"},{"floor":13.0,"key":"Block Potion"},{"floor":16.0,"key":"Fire Potion"},{"floor":19.0,"key":"Languid Potion"},{"floor":22.0,"key":"theDuelist:MegaupgradePotion"},{"floor":23.0,"key":"FearPotion"},{"floor":31.0,"key":"Regen Potion"},{"floor":33.0,"key":"Venom Potion"},{"floor":38,"key":"theDuelist:SealedPackD"},{"floor":40,"key":"ColorlessPotion"},{"floor":46,"key":"theDuelist:ExtraOrbsBottle"},{"floor":48,"key":"theDuelist:BigOrbBottle"},{"floor":54,"key":"AttackPotion"}],"is_trial":false,"path_per_floor":["M","M","?","M","M","R","E","R","T","M","?","$","?","E","R","B",null,"M","M","?","M","M","E","R","E","T","R","?","M","?","E","R","B",null,"M","$","M","?","M","E","M","M","T","E","M","M","E","?","R","B",null,"R","$","E","B",null],"character_chosen":"THE_DUELIST","items_purchased":["theDuelist:HappyLover","Bag of Preparation","Violence","theDuelist:RainbowBridge","Lantern","theDuelist:WhiteBottle"],"campfire_rested":1,"item_purchase_floors":[12,36,36,36,53,53],"current_hp_per_floor":[88,88,88,88,88,88,80,80,85,85,85,85,62,62,89,89,93,93,93,93,93,93,93,93,93,93,93,93,93,93,93,93,93,93,93,93,93,93,93,93,93,93,93,93,93,93,93,93,93,93,93,93,93,69,69],"gold":445,"neow_bonus":"TEN_PERCENT_HP_BONUS","is_daily":false,"chose_seed":false,"campfire_upgraded":6,"win_rate":0.0,"timestamp":1609706869,"path_taken":["M","M","?","?","M","R","E","R","T","M","?","$","?","E","R","BOSS","M","M","?","?","?","E","R","E","T","R","?","M","?","E","R","BOSS","M","$","M","?","?","E","?","?","T","E","M","M","E","?","R","BOSS","R","$","E","BOSS"],"items_purchased_type":["Card","Relic","Card","Card","Relic","Potion"],"build_version":"2020-12-22","purchased_purges":1,"victory":true,"max_hp_per_floor":[88,88,88,88,88,88,88,88,93,93,93,93,93,93,93,93,93,93,93,93,93,93,93,93,93,93,93,93,93,93,93,93,93,93,93,93,93,93,93,93,93,93,93,93,93,93,93,93,93,93,93,93,93,93,93],"card_choices":[{"not_picked":["theDuelist:InstantFusion","theDuelist:GridRod","theDuelist:ForbiddenLance","theDuelist:Mathematician"],"picked":"theDuelist:Raigeki","floor":1.0},{"not_picked":["theDuelist:CombinationAttack","theDuelist:DarkBurningAttack","theDuelist:CrossAttack","theDuelist:Graverobber"],"picked":"theDuelist:Eva","floor":2.0},{"not_picked":["theDuelist:RainbowNeos","theDuelist:KamionTimelord","theDuelist:Eva","theDuelist:RainbowKuriboh"],"picked":"theDuelist:HappyLover","floor":4.0},{"not_picked":["theDuelist:SpellShatteringArrow","theDuelist:ScrapFactory","theDuelist:OjamaCountry","theDuelist:Graverobber"],"picked":"theDuelist:WormApocalypse","floor":5.0},{"not_picked":["theDuelist:WhiteMagicalHat","theDuelist:SpiritHarp","theDuelist:RainbowNeos","theDuelist:Eva"],"picked":"theDuelist:HappyLover","floor":7.0},{"not_picked":["theDuelist:DoubleTool","theDuelist:BigFire","theDuelist:FairyBox","theDuelist:DarkBurningMagic"],"picked":"theDuelist:FluteKuriboh","floor":10.0},{"not_picked":["theDuelist:VendreadCharge","theDuelist:PineappleBlast"],"picked":"theDuelist:CrossAttack","floor":13.0},{"not_picked":["theDuelist:GilfordLegend","theDuelist:RedHeadedOni","theDuelist:Sangan","theDuelist:PotAvarice"],"picked":"theDuelist:FluteKuriboh","floor":13.0},{"not_picked":["theDuelist:Hinotama","theDuelist:BigFire","theDuelist:SangaEarth","theDuelist:PsychicShockwave"],"picked":"theDuelist:GravityBlaster","floor":14.0},{"not_picked":["theDuelist:SwordsRevealing","theDuelist:SwordsConcealing","theDuelist:Raigeki","theDuelist:LightningBlade"],"picked":"theDuelist:MillenniumShield","floor":16.0},{"not_picked":["theDuelist:CoreBlaster","theDuelist:RainbowNeos","theDuelist:OnslaughtFireKings","theDuelist:BattleFootballer"],"picked":"theDuelist:OjamaCountry+1","floor":18.0},{"not_picked":["theDuelist:DarklordSuperbia+1","theDuelist:BlueBloodedOni","theDuelist:DianKeto+1","theDuelist:RainbowGravity"],"picked":"theDuelist:MillenniumScorpion","floor":19.0},{"not_picked":["theDuelist:Sangan","theDuelist:MythicalBeast"],"picked":"theDuelist:Raigeki+1","floor":21.0},{"not_picked":["theDuelist:LegendarySword+1","theDuelist:BattleFootballer","theDuelist:Electrowhip","theDuelist:PotDuality"],"picked":"theDuelist:PreventRat","floor":22.0},{"not_picked":["theDuelist:GravityAxe","theDuelist:ElectromagneticShield","theDuelist:MiraculousDescent","theDuelist:Electrowhip"],"picked":"theDuelist:WhiteHowling+1","floor":23.0},{"not_picked":["theDuelist:RainbowNeos+1","theDuelist:KamionTimelord+1","theDuelist:HappyLover","theDuelist:Eva+1"],"picked":"theDuelist:RainbowKuriboh+1","floor":25.0},{"not_picked":["theDuelist:WhiteHowling","theDuelist:SilverApples","theDuelist:Graverobber","theDuelist:PineappleBlast+1"],"picked":"theDuelist:Wiretap","floor":29.0},{"not_picked":["theDuelist:BigFire+1","theDuelist:ForbiddenChalice","theDuelist:ObeliskTormentor","theDuelist:YamiForm"],"picked":"theDuelist:ForbiddenLance+1","floor":30.0},{"not_picked":["theDuelist:CombinationAttack+1","theDuelist:RainbowNeos+1","theDuelist:SwordDeepSeated","theDuelist:DarkFactory"],"picked":"theDuelist:ScrapFactory+1","floor":31.0},{"not_picked":["theDuelist:AmuletAmbition","theDuelist:ForbiddenLance+1","theDuelist:GravityLash+1","theDuelist:SwordsConcealing"],"picked":"theDuelist:KamionTimelord+1","floor":33.0},{"not_picked":["theDuelist:CoreBlaster+1","theDuelist:PowerWall","theDuelist:SpiritHarp+1","theDuelist:DarkBurningAttack+1"],"picked":"theDuelist:DoubleTool+1","floor":35},{"not_picked":["theDuelist:ElectromagneticShield+1","theDuelist:GravityAxe","theDuelist:ImperialOrder","theDuelist:WhiteHowling","theDuelist:MiraculousDescent+1"],"picked":"SKIP","floor":37},{"not_picked":["theDuelist:VenomShot+2","theDuelist:PsychicShockwave+1","theDuelist:Sangan+1","theDuelist:ForbiddenLance+1"],"picked":"theDuelist:GravityBlaster+1","floor":39},{"not_picked":["theDuelist:FuryFire+2","theDuelist:WormWarlord+1","theDuelist:Mathematician+1","theDuelist:PowerGiant+1"],"picked":"theDuelist:MudGolem+1","floor":40},{"not_picked":["theDuelist:BigFire+1","theDuelist:CombinationAttack+1","theDuelist:Hinotama+2","theDuelist:CrossAttack+1"],"picked":"theDuelist:MeteorDestruction+1","floor":41},{"not_picked":["theDuelist:CoreBlaster+1","theDuelist:BreakDraw+1","theDuelist:Sangan+1","theDuelist:SpiralSpearStrike+2"],"picked":"theDuelist:Raigeki+1","floor":42},{"not_picked":["theDuelist:HammerShot+1","theDuelist:WormApocalypse","theDuelist:CastleDarkIllusions+1","theDuelist:PotAvarice","theDuelist:TimeSeal+1"],"picked":"SKIP","floor":44},{"not_picked":["theDuelist:Mathematician+1","theDuelist:SangaEarth+1","theDuelist:PreventRat+1","theDuelist:SolarWindJammer"],"picked":"theDuelist:KamionTimelord+1","floor":45},{"not_picked":["theDuelist:GraniteLoyalist+1","theDuelist:Reload+1","theDuelist:EarthEffigy","theDuelist:ShardGreed","theDuelist:CatapultZone"],"picked":"SKIP","floor":46},{"not_picked":["theDuelist:MillenniumShield+1","theDuelist:Eva+1","theDuelist:StormSparks+1","theDuelist:MeteorDestruction+2"],"picked":"theDuelist:Raigeki+1","floor":47},{"not_picked":["theDuelist:Eva","theDuelist:HappyLover","theDuelist:KamionTimelord+1","theDuelist:RainbowNeos+1"],"picked":"theDuelist:YellowBelliedOni+1","floor":48},{"not_picked":["theDuelist:CrystalRaigeki+1","theDuelist:BigKoala+1","theDuelist:SolarWindJammer+1","theDuelist:DarkFactory+1","theDuelist:InfernoFireBlast+4"],"picked":"SKIP","floor":54}],"player_experience":538471,"relics_obtained":[{"floor":7.0,"key":"theDuelist:MillenniumPrayerbook"},{"floor":9.0,"key":"Durian"},{"floor":13.0,"key":"theDuelist:PrayerPageA"},{"floor":14.0,"key":"Tingsha"},{"floor":23.0,"key":"Orichalcum"},{"floor":25.0,"key":"Molten Egg 2"},{"floor":30.0,"key":"Replay:PocketPolymizer"},{"floor":30.0,"key":"Torii"},{"floor":30.0,"key":"Peace Pipe"},{"floor":31.0,"key":"theDuelist:SummonAnchorRare"},{"floor":40,"key":"theDuelist:KaibaToken"},{"floor":43,"key":"Blue Candle"},{"floor":44,"key":"ReplayTheSpireMod:Shallot"},{"floor":47,"key":"White Beast Statue"},{"floor":48,"key":"Unceasing Top"},{"floor":54,"key":"ReplayFunnel"}],"event_choices":[{"power_reward":4.0,"total_magic_score":47.0,"gold_gain":0.0,"duelist":true,"damage_taken":0.0,"relics_obtained":[],"points":11.0,"max_hp_gain":0.0,"max_hp_loss":0.0,"spent_points":{"magic":0.0,"greed":0.0,"war":0.0,"power":4.0,"hunger":0.0},"event_name":"Nameless Tomb","floor":3.0,"gold_loss":0.0,"cards_obtained":["theDuelist:Nameless:Power:ForbiddenLance"]},{"damage_healed":0.0,"max_hp_gain":0.0,"max_hp_loss":0.0,"gold_gain":0.0,"event_name":"Golden Idol","player_choice":"Take Wound","floor":11.0,"gold_loss":0.0,"damage_taken":0.0,"relics_obtained":["Golden Idol"],"cards_obtained":["Injury"]},{"damage_healed":0.0,"max_hp_gain":0.0,"max_hp_loss":0.0,"gold_gain":0.0,"event_name":"N\u0027loth","player_choice":"Traded Relic","floor":20.0,"relics_lost":["Tingsha"],"gold_loss":0.0,"damage_taken":0.0,"relics_obtained":["Nloth\u0027s Gift"]},{"damage_healed":0.0,"max_hp_gain":0.0,"max_hp_loss":0.0,"gold_gain":0.0,"event_name":"Card Trader","player_choice":"Purchased Wiretap for 80 Gold.","duelist":true,"floor":28.0,"gold_loss":0.0,"damage_taken":0.0},{"damage_healed":0.0,"max_hp_gain":0.0,"max_hp_loss":0.0,"gold_gain":0.0,"event_name":"Battle City","player_choice":"Fight","duelist":true,"floor":30.0,"gold_loss":0.0,"damage_taken":0.0},{"damage_healed":0,"gold_gain":0,"player_choice":"Bought 1 Potion","damage_taken":0,"max_hp_gain":0,"max_hp_loss":0,"event_name":"The Woman in Blue","floor":38,"gold_loss":0},{"damage_healed":0,"gold_gain":0,"player_choice":"Fight","damage_taken":0,"max_hp_gain":0,"max_hp_loss":0,"event_name":"MindBloom","floor":48,"gold_loss":0}],"is_beta":false,"boss_relics":[{"not_picked":["Replay:Grab Bag","Empty Cage"],"picked":"Ooze Armor"},{"not_picked":["Velvet Choker","Replay:Drink Me"],"picked":"theDuelist:GamblerChip"}],"items_purged_floors":[12],"is_endless":false,"potions_floor_spawned":[1,7,16,19,22,23,31,33,35,40,46,48,54],"ascension_level":2}}