{"host":"6r4na9dgjsffx65e","time":1609701444,"event":{"mods":["BaseMod","Colored Map","Colored Powertips","Minty Spire (QoL Compilation)","Relic Stats","ojb\u0027s Info Mod"],"gold_per_floor":[114,16,16,16,27,27,61,74,74,99,72,247,267,267,267,267,267],"floor_reached":16,"playtime":599,"items_purged":[],"score":200,"play_id":"0c4ad0f4-535c-4ba5-a754-eb3b3597ac34","local_time":"20210103201724","is_ascension_mode":true,"campfire_choices":[{"data":"Prepared","floor":6,"key":"SMITH"},{"data":"Bouncing Flask","floor":15,"key":"SMITH"}],"circlet_count":0,"master_deck":["AscendersBane","Strike_G","Strike_G","Strike_G","Strike_G","Defend_G","Defend_G","Defend_G","Defend_G","Defend_G","Survivor","Neutralize","Prepared+1","Dramatic Entrance","Tactician+1","Concentrate","Bouncing Flask+1","Underhanded Strike","PiercingWail","Doubt","Deadly Poison"],"relics":["Ring of the Snake","NeowsBlessing","Mercury Hourglass","Meat on the Bone","Eternal Feather","Letter Opener"],"acts_visited":["Exordium"],"potions_floor_usage":[10,16],"damage_taken":[{"damage":0,"enemies":"Cultist","floor":1,"turns":1},{"damage":0,"enemies":"2 Louse","floor":5,"turns":1},{"damage":0,"enemies":"3 Sentries","floor":7,"turns":1},{"damage":0,"enemies":"Small Slimes","floor":8,"turns":2},{"damage":21,"enemies":"Gremlin Nob","floor":10,"turns":4},{"damage":5,"enemies":"Red Slaver","floor":13,"turns":3},{"damage":64,"enemies":"Slime Boss","floor":16,"turns":11}],"seed_played":"5525785800647228971","potions_obtained":[{"floor":5,"key":"SkillPotion"},{"floor":7,"key":"LiquidBronze"},{"floor":13,"key":"Explosive Potion"}],"is_trial":false,"path_per_floor":["M","$","?","?","M","R","E","M","T","E","$","?","M","?","R","B"],"character_chosen":"THE_SILENT","items_purchased":["Dramatic Entrance","PiercingWail"],"campfire_rested":0,"item_purchase_floors":[2,11],"current_hp_per_floor":[63,63,60,60,60,60,60,60,60,39,39,39,46,46,58,0,0],"gold":267,"neow_bonus":"THREE_ENEMY_KILL","is_daily":false,"chose_seed":false,"campfire_upgraded":2,"win_rate":0.0,"timestamp":1609701444,"path_taken":["M","$","?","?","?","R","E","M","T","E","?","?","M","?","R","BOSS"],"items_purchased_type":["Card","Card"],"build_version":"2020-12-22","purchased_purges":0,"victory":false,"max_hp_per_floor":[70,70,70,70,70,70,70,70,70,70,70,70,70,70,70,70,70],"relic_stats":{"counters":[7,22],"Eternal Feather":12,"Letter Opener":[10],"obtain_stats":[{"NeowsBlessing":0,"Eternal Feather":9,"Letter Opener":10,"Ring of the Snake":0,"Mercury Hourglass":3,"Meat on the Bone":7},{"NeowsBlessing":0,"Eternal Feather":4,"Letter Opener":5,"Ring of the Snake":0,"Mercury Hourglass":1,"Meat on the Bone":3},{"NeowsBlessing":0,"Eternal Feather":5,"Letter Opener":9,"Ring of the Snake":0,"Mercury Hourglass":1,"Meat on the Bone":3}],"Ring of the Snake":[14],"Mercury Hourglass":[108],"Meat on the Bone":12},"card_choices":[{"not_picked":["Sucker Punch","Quick Slash"],"picked":"Prepared","floor":1},{"not_picked":["Escape Plan","Poisoned Stab"],"picked":"Tactician","floor":5},{"not_picked":["Prepared","Choke"],"picked":"Concentrate","floor":7},{"not_picked":["Deadly Poison","Prepared"],"picked":"Bouncing Flask","floor":8},{"not_picked":["Accuracy","Tactician"],"picked":"Underhanded Strike","floor":10},{"not_picked":["Backflip","Dodge and Roll"],"picked":"Deadly Poison","floor":13}],"player_experience":501336,"relics_obtained":[{"floor":7,"key":"Meat on the Bone"},{"floor":9,"key":"Eternal Feather"},{"floor":10,"key":"Letter Opener"}],"event_choices":[{"damage_healed":0,"gold_gain":0,"player_choice":"Success","damage_taken":3,"relics_obtained":["Mercury Hourglass"],"max_hp_gain":0,"max_hp_loss":0,"event_name":"Scrap Ooze","floor":3,"gold_loss":0},{"cards_removed":["Strike_G"],"damage_healed":0,"gold_gain":0,"player_choice":"Purged","damage_taken":0,"max_hp_gain":0,"max_hp_loss":0,"event_name":"Purifier","floor":4,"gold_loss":0},{"damage_healed":0,"gold_gain":175,"player_choice":"AGREE","damage_taken":0,"max_hp_gain":0,"max_hp_loss":0,"event_name":"Liars Game","floor":12,"gold_loss":0,"cards_obtained":["Doubt"]},{"damage_healed":0,"gold_gain":0,"player_choice":"Forge","damage_taken":0,"max_hp_gain":0,"max_hp_loss":0,"event_name":"Accursed Blacksmith","floor":14,"gold_loss":0,"cards_upgraded":["Tactician"]}],"is_beta":false,"boss_relics":[],"items_purged_floors":[],"is_endless":false,"potions_floor_spawned":[5,7,13],"killed_by":"Slime Boss","ascension_level":10}}