{"host":"9l4mw5jqza9qz9hr","time":1609671390,"event":{"mods":["AchievementEnabler","Always Whale","BaseMod","Colored Map","Minty Spire (QoL Compilation)","StSLib","SuperFastMode"],"gold_per_floor":[118,128,143,158,172,172,247,279,302,336,355,384,394,410,410,410,410],"floor_reached":16,"playtime":735,"items_purged":[],"score":158,"play_id":"a6567d3a-d1e9-4656-8147-970fc5289a75","local_time":"20210103195630","is_ascension_mode":true,"campfire_choices":[{"data":"Hemokinesis","floor":6.0,"key":"SMITH"},{"data":"Heavy Blade","floor":15,"key":"SMITH"}],"circlet_count":0,"master_deck":["Strike_R","Strike_R","Strike_R","Defend_R","Defend_R","Defend_R+1","Defend_R","Bash","Thunderclap","Twin Strike","Cleave","Hemokinesis+1","Ghostly Armor+1","Clothesline","Inflame","Flex","Bludgeon","Heavy Blade+1","Shockwave","Evolve"],"relics":["Burning Blood","War Paint","Oddly Smooth Stone","Bag of Preparation"],"acts_visited":["Exordium"],"potions_floor_usage":[13],"damage_taken":[{"damage":1.0,"enemies":"Cultist","floor":1.0,"turns":3.0},{"damage":3.0,"enemies":"Small Slimes","floor":2.0,"turns":3.0},{"damage":2.0,"enemies":"Jaw Worm","floor":3.0,"turns":3.0},{"damage":21.0,"enemies":"3 Louse","floor":4.0,"turns":3.0},{"damage":11.0,"enemies":"Exordium Wildlife","floor":5.0,"turns":3.0},{"damage":12.0,"enemies":"3 Sentries","floor":8.0,"turns":5.0},{"damage":14.0,"enemies":"Gremlin Nob","floor":10.0,"turns":3.0},{"damage":0.0,"enemies":"2 Fungi Beasts","floor":11.0,"turns":2.0},{"damage":3.0,"enemies":"Lagavulin","floor":12.0,"turns":4.0},{"damage":16,"enemies":"Exordium Thugs","floor":13,"turns":3},{"damage":2,"enemies":"Looter","floor":14,"turns":2},{"damage":30,"enemies":"Hexaghost","floor":16,"turns":9}],"seed_played":"-5274791360488564919","potions_obtained":[{"floor":1.0,"key":"SteroidPotion"},{"floor":5.0,"key":"Energy Potion"},{"floor":8.0,"key":"ColorlessPotion"},{"floor":10.0,"key":"Ancient Potion"},{"floor":11.0,"key":"BlessingOfTheForge"}],"is_trial":false,"path_per_floor":["M","M","M","M","M","R","?","E","T","E","M","E","M","M","R","B"],"character_chosen":"IRONCLAD","items_purchased":[],"campfire_rested":0,"item_purchase_floors":[],"current_hp_per_floor":[72,72,72,57,52,52,41,35,35,27,33,36,26,30,30,0,0],"gold":410,"neow_bonus":"TRANSFORM_TWO_CARDS","is_daily":false,"chose_seed":false,"campfire_upgraded":2,"win_rate":0.0,"timestamp":1609671390,"path_taken":["M","?","M","M","M","R","?","E","T","E","M","E","M","M","R","BOSS"],"items_purchased_type":[],"build_version":"2020-12-22","purchased_purges":0,"victory":false,"max_hp_per_floor":[72,72,72,72,72,72,72,72,72,72,72,72,72,72,72,72,72],"card_choices":[{"not_picked":["Uppercut","Reckless Charge"],"picked":"Cleave","floor":1.0},{"not_picked":["Anger","Clash","Headbutt"],"picked":"SKIP","floor":2.0},{"not_picked":["Clash","Anger"],"picked":"Hemokinesis","floor":3.0},{"not_picked":["Bloodletting","Havoc"],"picked":"Ghostly Armor","floor":4.0},{"not_picked":["Dark Embrace","Thunderclap"],"picked":"Clothesline","floor":5.0},{"not_picked":["Cleave","Spot Weakness"],"picked":"Inflame","floor":8.0},{"not_picked":["Perfected Strike","Whirlwind"],"picked":"Flex","floor":10.0},{"not_picked":["Thunderclap","Warcry"],"picked":"Bludgeon","floor":11.0},{"not_picked":["Burning Pact","Exhume"],"picked":"Heavy Blade","floor":12.0},{"not_picked":["Shrug It Off","Havoc"],"picked":"Shockwave","floor":13},{"not_picked":["Pommel Strike","Rupture"],"picked":"Evolve","floor":14}],"player_experience":154617,"relics_obtained":[{"floor":9.0,"key":"War Paint"},{"floor":10.0,"key":"Oddly Smooth Stone"},{"floor":12.0,"key":"Bag of Preparation"}],"event_choices":[{"damage_healed":0.0,"max_hp_gain":0.0,"max_hp_loss":0.0,"gold_gain":75.0,"event_name":"World of Goop","player_choice":"Gather Gold","floor":7.0,"gold_loss":0.0,"damage_taken":11.0}],"is_beta":false,"boss_relics":[],"items_purged_floors":[],"is_endless":false,"potions_floor_spawned":[1,5,8,10,11],"killed_by":"Hexaghost","ascension_level":5}}