{"host":"im7pl8kx8yzeczcw","time":1609682507,"event":{"mods":["AchievementEnabler","Arknights The Spire","BaseMod","BetterRewards","HololiveMod","Minty Spire (QoL Compilation)","StSLib","SuperFastMode","The Fake Hero"],"gold_per_floor":[110,110,120,138,138,173,193,205,205,225,225,237,237,257,257,353,353,372,382,76,91,102,102,113,125,150,150,170,184,218,233,233,335,335,354,367,367,75,125,151,151,171,171,187,187,187,97,34,34,34,34,34,34,59,59,59],"floor_reached":55,"playtime":4365,"items_purged":["ats:Defend Order","ats:Strike S","ats:Soul Rend"],"score":677,"play_id":"b38b036c-bd20-4e76-bb51-65554f6e8650","local_time":"20210103230147","is_ascension_mode":false,"campfire_choices":[{"data":"ats:Armor Crushing Shot","floor":11,"key":"SMITH"},{"data":"ats:Blood Oath","floor":15,"key":"SMITH"},{"data":"ats:Revitalization","floor":23,"key":"SMITH"},{"data":"ats:Emotion Absorption","floor":32,"key":"SMITH"},{"floor":41,"key":"RECALL"},{"data":"Panache","floor":46,"key":"SMITH"},{"data":"ats:Song Of Battle","floor":49,"key":"SMITH"},{"data":"ats:Shell Defense","floor":52,"key":"SMITH"}],"circlet_count":0,"master_deck":["ats:Armor Crushing Shot+1","ats:Defend","ats:Defend","ats:Defend","ats:Defend","ats:Emotion Absorption+1","ats:Apocalypse","Iron Wave","ats:Blood Oath+1","ats:Mental Burst","ats:Powerful Strike","ats:Shell Defense+1","ats:Shell Defense","ats:Apocalypse+1","ats:Hammer On","ats:Wolf Pack","ats:Revitalization+1","ats:Hammer On","ats:Healing Drone","ats:Revitalization+1","ats:Chain Hook+1","ats:Shell Defense+1","ats:Sword Rain+1","ats:Cat Scratch+1","ats:Song Of Battle+1","ats:Shadow Assault","ats:Leaping Hammer+1","Panache+1","ats:Spore Proliferation","ats:Chain Hook"],"relics":["ats:Sanity","NeowsBlessing","Meat on the Bone","ats:Originium","StoneCalendar","Bird Faced Urn","Sozu","Membership Card","ats:Industrial Water Cannon","Hololive_LightStick","Lizard Tail","Busted Crown","ats:Rhine Circuitry","Toolbox","FossilizedHelix","Bottled Tornado","Anchor"],"acts_visited":["Exordium","TheCity","TheBeyond","TheEnding"],"potions_floor_usage":[16,30,55],"damage_taken":[{"damage":0,"enemies":"2 Louse","floor":1,"turns":2},{"damage":0,"enemies":"Cultist","floor":3,"turns":1},{"damage":0,"enemies":"Small Slimes","floor":4,"turns":2},{"damage":42,"enemies":"3 Sentries","floor":6,"turns":10},{"damage":6,"enemies":"Red Slaver","floor":7,"turns":3},{"damage":21,"enemies":"3 Louse","floor":8,"turns":7},{"damage":19,"enemies":"Blue Slaver","floor":10,"turns":3},{"damage":0,"enemies":"Looter","floor":12,"turns":4},{"damage":0,"enemies":"2 Fungi Beasts","floor":14,"turns":2},{"damage":73,"enemies":"The Guardian","floor":16,"turns":11},{"damage":41,"enemies":"Spheric Guardian","floor":18,"turns":6},{"damage":25,"enemies":"3 Byrds","floor":19,"turns":7},{"damage":3,"enemies":"Centurion and Healer","floor":21,"turns":5},{"damage":54,"enemies":"Sentry and Sphere","floor":22,"turns":7},{"damage":50,"enemies":"3 Cultists","floor":24,"turns":7},{"damage":17,"enemies":"Cultist and Chosen","floor":25,"turns":7},{"damage":47,"enemies":"Shelled Parasite and Fungi","floor":28,"turns":7},{"damage":39,"enemies":"Sentry and Sphere","floor":29,"turns":7},{"damage":12,"enemies":"Book of Stabbing","floor":30,"turns":6},{"damage":1,"enemies":"Chosen and Byrds","floor":31,"turns":7},{"damage":173,"enemies":"Automaton","floor":33,"turns":14},{"damage":0,"enemies":"Orb Walker","floor":35,"turns":3},{"damage":33,"enemies":"3 Darklings","floor":36,"turns":5},{"damage":6,"enemies":"Mind Bloom Boss Battle","floor":39,"turns":6},{"damage":16,"enemies":"Reptomancer","floor":40,"turns":7},{"damage":0,"enemies":"Maw","floor":42,"turns":7},{"damage":0,"enemies":"Transient","floor":44,"turns":5},{"damage":58,"enemies":"Donu and Deca","floor":50,"turns":9},{"damage":58,"enemies":"Shield and Spear","floor":54,"turns":5},{"damage":121,"enemies":"The Heart","floor":55,"turns":6}],"seed_played":"-1979491858438702380","potions_obtained":[{"floor":1,"key":"BlessingOfTheForge"},{"floor":4,"key":"Swift Potion"},{"floor":10,"key":"ats:Top Emergency Sanity Potion"},{"floor":12,"key":"ColorlessPotion"},{"floor":14,"key":"Regen Potion"}],"is_trial":false,"path_per_floor":["M","?","M","M","?","E","M","M","T","M","R","M","?","M","R","B",null,"M","M","$","M","M","R","M","M","T","?","M","M","E","M","R","B",null,"M","M","?","$","?","E","R","M","T","M","?","R","?","$","R","B",null,"R","$","E","B"],"character_chosen":"DOCTOR_CLASS","items_purchased":["Membership Card","ats:Industrial Water Cannon","ats:Rhine Circuitry","Panache","Toolbox"],"campfire_rested":0,"item_purchase_floors":[20,20,38,38,38],"current_hp_per_floor":[72,72,72,72,72,48,45,42,42,39,39,52,45,49,49,43,72,39,58,58,72,60,60,49,68,68,68,56,56,72,72,72,47,72,72,56,56,56,68,65,65,72,72,72,72,72,72,72,72,60,72,72,72,47,0,0],"gold":59,"neow_bonus":"THREE_ENEMY_KILL","is_daily":false,"chose_seed":false,"campfire_upgraded":7,"win_rate":0.0,"timestamp":1609682507,"path_taken":["M","?","?","M","?","E","M","M","T","M","R","?","?","?","R","BOSS","M","M","$","M","M","R","M","M","T","?","M","?","E","M","R","BOSS","M","M","?","$","?","E","R","M","T","M","?","R","?","$","R","BOSS","R","$","E","BOSS"],"items_purchased_type":["Relic","Relic","Relic","Card","Relic"],"build_version":"2020-12-22","purchased_purges":3,"victory":false,"max_hp_per_floor":[72,72,72,72,72,72,72,72,72,72,72,72,72,72,72,72,72,72,72,72,72,72,72,72,72,72,72,72,72,72,72,72,72,72,72,72,72,72,72,72,72,72,72,72,72,72,72,72,72,72,72,72,72,72,72,72],"card_choices":[{"not_picked":["ats:Childhood Dance","ats:Powerful Strike"],"picked":"ats:Apocalypse","floor":1},{"not_picked":["ats:Steam Pump","ats:Childhood Dance"],"picked":"ats:Blood Oath","floor":3},{"not_picked":["ats:Song Of Battle","ats:Flexible Camouflage"],"picked":"ats:Mental Burst","floor":4},{"not_picked":["ats:Red Shift","ats:LN2 Cannon"],"picked":"ats:Powerful Strike","floor":6},{"not_picked":["ats:Explosion Area Strengthen","ats:Rapid Magazine"],"picked":"ats:Defend Order","floor":7},{"not_picked":["ats:Song Of Battle","ats:Ignite"],"picked":"ats:Shell Defense","floor":8},{"not_picked":["ats:Hammer On","ats:Mental Burst"],"picked":"ats:Shell Defense","floor":10},{"not_picked":["ats:Poison Spread","ats:Chain Hook"],"picked":"ats:Apocalypse","floor":12},{"not_picked":["ats:Assault Order","ats:Durian"],"picked":"ats:Hammer On","floor":14},{"not_picked":["ats:Roar Of Ursus","ats:Ambush"],"picked":"ats:Wolf Pack","floor":16},{"not_picked":["ats:Spore Proliferation","ats:Curse Doll"],"picked":"ats:Revitalization+1","floor":18},{"not_picked":["ats:Powerful Strike","ats:Soul Absorption"],"picked":"ats:Hammer On","floor":19},{"not_picked":["ats:Steam Pump+1","ats:Burning Ground+1"],"picked":"ats:Healing Drone","floor":21},{"not_picked":["ats:Consecutive Shot Auto","ats:Explosion Area Strengthen"],"picked":"ats:Revitalization","floor":22},{"not_picked":["ats:Curse Doll+1","ats:Flame Of Heaven"],"picked":"ats:Chain Hook+1","floor":24},{"not_picked":["ats:Assault Order+1","ats:Apocalypse"],"picked":"ats:Shell Defense+1","floor":25},{"not_picked":["ats:Powerful Strike","ats:Ignite"],"picked":"ats:Sword Rain+1","floor":28},{"not_picked":["ats:Consecutive Shot Auto","ats:Explosion Area Strengthen"],"picked":"ats:Cat Scratch+1","floor":29},{"not_picked":["ats:Soul Rend","ats:Hammer On"],"picked":"ats:Song Of Battle","floor":30},{"not_picked":["ats:Charging Defense+1","ats:Explosion Area Strengthen"],"picked":"ats:Song Of Battle","floor":31},{"not_picked":["ats:Ambush","ats:Soul Rend"],"picked":"ats:Shadow Assault","floor":33},{"not_picked":["ats:Assault Order+1"],"picked":"SKIP","floor":35},{"not_picked":[],"picked":"ats:Leaping Hammer+1","floor":36},{"not_picked":[],"picked":"ats:Spore Proliferation","floor":40},{"not_picked":["ats:Thermite Blade"],"picked":"SKIP","floor":42},{"not_picked":["ats:Explosion Area Strengthen"],"picked":"SKIP","floor":44},{"not_picked":[],"picked":"ats:Chain Hook","floor":54}],"player_experience":40072,"relics_obtained":[{"floor":6,"key":"ats:Originium"},{"floor":6,"key":"StoneCalendar"},{"floor":9,"key":"Bird Faced Urn"},{"floor":26,"key":"Hololive_LightStick"},{"floor":30,"key":"ats:Originium"},{"floor":30,"key":"Lizard Tail"},{"floor":39,"key":"FossilizedHelix"},{"floor":40,"key":"ats:Originium"},{"floor":40,"key":"Bottled Tornado"},{"floor":54,"key":"Anchor"}],"event_choices":[{"cards_removed":["ats:Strike C"],"damage_healed":0,"gold_gain":0,"player_choice":"Took Card","damage_taken":0,"max_hp_gain":0,"max_hp_loss":0,"event_name":"NoteForYourself","floor":2,"gold_loss":0,"cards_obtained":["Iron Wave"]},{"damage_healed":0,"gold_gain":0,"player_choice":"Gave Potion","damage_taken":0,"relics_obtained":["Meat on the Bone"],"max_hp_gain":0,"max_hp_loss":0,"event_name":"WeMeetAgain","floor":5,"gold_loss":0},{"damage_healed":0,"gold_gain":0,"player_choice":"Damaged","damage_taken":7,"max_hp_gain":0,"max_hp_loss":0,"event_name":"Wheel of Change","floor":13,"gold_loss":0},{"damage_healed":0,"gold_gain":0,"cards_transformed":["ats:Strike G"],"player_choice":"Transformed","damage_taken":0,"max_hp_gain":0,"max_hp_loss":0,"event_name":"Transmorgrifier","floor":27,"gold_loss":0,"cards_obtained":["ats:Soul Rend"]},{"cards_removed":["ats:Song Of Battle"],"damage_healed":0,"gold_gain":0,"player_choice":"Removed Power","damage_taken":0,"max_hp_gain":0,"max_hp_loss":0,"event_name":"Falling","floor":37,"gold_loss":0},{"damage_healed":0,"gold_gain":0,"player_choice":"Fight","damage_taken":0,"max_hp_gain":0,"max_hp_loss":0,"event_name":"MindBloom","floor":39,"gold_loss":0},{"damage_healed":0,"gold_gain":0,"player_choice":"Ignored","damage_taken":0,"max_hp_gain":0,"max_hp_loss":0,"event_name":"Tomb of Lord Red Mask","floor":45,"gold_loss":0},{"cards_removed":["ats:Strike V"],"damage_healed":0,"gold_gain":0,"player_choice":"Upgrade and Remove","damage_taken":0,"max_hp_gain":0,"max_hp_loss":0,"event_name":"Designer","floor":47,"gold_loss":90,"cards_upgraded":["ats:Apocalypse"]}],"is_beta":false,"boss_relics":[{"not_picked":["Philosopher\u0027s Stone","Hololive_ChaosS"],"picked":"Sozu"},{"not_picked":["Tiny House","Cursed Key"],"picked":"Busted Crown"}],"items_purged_floors":[20,38,48],"is_endless":false,"potions_floor_spawned":[1,4,10,12,14,18,21,22,31,35,42],"killed_by":"The Heart","ascension_level":0}}