{"host":"wy5pcbg592uilh9l","time":1609706302,"event":{"mods":["AchievementEnabler","BaseMod","BetterRewards","Hubris","Infinite Spire","Minty Spire (QoL Compilation)","Permanent Neow","Replay The Spire","StSLib"],"gold_per_floor":[113,113,181,231,241,269,269,301,352,352,378,428,478,503,503,628,628,649,28,76,76,138,172,172,193,264,296,445,467,508,526,526,631,631,647,276,326,376,118,118,148,148,225,255,274,324,391,446,446,547,547,562,612,662,667,417,435,435,496,496,546,552,570,582,604,604,692,692,693,750,800,817,867,888,944,939,939],"floor_reached":76,"playtime":5435,"items_purged":["Pain","hubris:Compulsion","Regret"],"score":1396,"play_id":"0dff0618-61a4-43f3-b1e5-5de0f3ebb659","local_time":"20210103143822","is_ascension_mode":true,"campfire_choices":[{"data":"Sword Boomerang","floor":7.0,"key":"SMITH"},{"data":"Strike_R+1","floor":10,"key":"SMITH"},{"floor":15,"key":"REST"},{"data":"Infernal Blade","floor":24,"key":"SMITH"},{"floor":32,"key":"RECALL"},{"data":"Apotheosis","floor":40,"key":"SMITH"},{"data":"Replay:BasicMightCard","floor":42,"key":"SMITH"},{"floor":49,"key":"REST"},{"data":"Eruption","floor":58,"key":"SMITH"},{"data":"Fiend Fire","floor":66,"key":"SMITH"}],"circlet_count":0,"master_deck":["Strike_R+3","Defend_R+1","Shrug It Off","Sword Boomerang+1","Reaper+1","ReplayTheSpireMod:Limb From Limb","Infernal Blade+1","Demon Form+1","Double Tap","Warcry","Flame Barrier+1","infinitespire:Gouge","Spot Weakness","ReplayTheSpireMod:Muscle Training","Whirlwind+1","Battle Trance","Dropkick+1","Apotheosis+1","Replay:BasicMightCard+1","Delirium","Deep Breath","Whirlwind+1","Fire Breathing","Fire Breathing+1","Dual Wield","infinitespire:TheBestDefense","Abandon+1","Eruption+1","Burning Pact","Pommel Strike","Fiend Fire+1","Second Wind","ReplayTheSpireMod:Limb From Limb","Fiend Fire","Infernal Blade+1","Spot Weakness+1"],"relics":["Black Blood","NeowsBlessing","SsserpentHead","Mercury Hourglass","hubris:Reverence","Simple Rune","Anchor","infinitespire:FocusingShard","infinitespire:Midas Blood","Kintsugi","Guide Book","Snack Pack","Strawberry","Orichalcum","infinitespire:Burning Sword","Onion Ring","hubris:TenFootPole","Black Star","Ring of Peace","ReplayTheSpireMod:Ring of Addiction","Potion Belt","Toy Ornithopter","Toolbox","Happy Flower","Replay:Mystery Machine","Gremlin Horn","hubris:DeckOfHolding","Whetstone","Smiling Mask","Replay:Bottled Eggs","hubris:Icosahedron","Strange Spoon","infinitespire:ShieldingShard","White Beast Statue","ReplayTheSpireMod:Ninjato","Paper Frog","Dream Catcher","Frozen Egg 2","hubris:Metronome","Painkiller Herb","Bottled Lightning","DollysMirror","hubris:EvacipatedBox","hubris:ToyBattleship","Ancient Tea Set"],"acts_visited":["Exordium","TheCity","TheBeyond","Exordium","TheCity"],"potions_floor_usage":[18,30,33,41,44,48,48,48,57,63,64,65,65,67,67,72,74,76,76],"damage_taken":[{"damage":0.0,"enemies":"Small Slimes","floor":1.0,"turns":1.0},{"damage":0.0,"enemies":"infinitespire:Voidling","floor":3.0,"turns":1.0},{"damage":0.0,"enemies":"2 Louse","floor":5.0,"turns":1.0},{"damage":16.0,"enemies":"Gremlin Nob","floor":6.0,"turns":4.0},{"damage":24.0,"enemies":"Replay:BlueRogue","floor":8.0,"turns":4.0},{"damage":30,"enemies":"3 Sentries","floor":11,"turns":5},{"damage":20,"enemies":"Lagavulin","floor":14,"turns":5},{"damage":42,"enemies":"The Guardian","floor":16,"turns":8},{"damage":13,"enemies":"Shell Parasite","floor":18,"turns":3},{"damage":26,"enemies":"3 Byrds","floor":20,"turns":4},{"damage":0,"enemies":"3 Cultists","floor":22,"turns":3},{"damage":24,"enemies":"Slavers","floor":23,"turns":3},{"damage":4,"enemies":"Chosen and Byrds","floor":25,"turns":2},{"damage":1,"enemies":"Gremlin Leader","floor":27,"turns":3},{"damage":1,"enemies":"Centurion and Healer","floor":29,"turns":1},{"damage":25,"enemies":"Nightmare","floor":30,"turns":5},{"damage":0,"enemies":"Sentry and Sphere","floor":31,"turns":2},{"damage":24,"enemies":"Champ","floor":33,"turns":4},{"damage":8,"enemies":"Orb Walker","floor":35,"turns":2},{"damage":0,"enemies":"Reptomancer","floor":41,"turns":2},{"damage":5,"enemies":"Giant Head","floor":44,"turns":5},{"damage":0,"enemies":"3 Darklings","floor":45,"turns":1},{"damage":0,"enemies":"Spire Growth","floor":47,"turns":2},{"damage":60,"enemies":"Nightmare","floor":48,"turns":6},{"damage":17,"enemies":"Replay:Hell Engine","floor":50,"turns":4},{"damage":0,"enemies":"2 Louse","floor":52,"turns":1},{"damage":0,"enemies":"Jaw Worm","floor":55,"turns":2},{"damage":0,"enemies":"Replay:BlueRogue","floor":57,"turns":2},{"damage":0,"enemies":"Cultist","floor":59,"turns":1},{"damage":0,"enemies":"3 Louse","floor":62,"turns":1},{"damage":0,"enemies":"Lagavulin","floor":63,"turns":2},{"damage":0,"enemies":"Blue Slaver","floor":64,"turns":1},{"damage":0,"enemies":"3 Sentries","floor":65,"turns":1},{"damage":0,"enemies":"Hexaghost","floor":67,"turns":4},{"damage":0,"enemies":"3 Byrds","floor":69,"turns":3},{"damage":0,"enemies":"2 Thieves","floor":70,"turns":1},{"damage":0,"enemies":"Centurion and Healer","floor":72,"turns":1},{"damage":0,"enemies":"Slavers","floor":74,"turns":1},{"damage":0,"enemies":"Cultist and Chosen","floor":75,"turns":3},{"damage":130,"enemies":"Nightmare","floor":76,"turns":3}],"seed_played":"7743422879612573813","potions_obtained":[{"floor":3.0,"key":"HeartOfIron"},{"floor":5.0,"key":"Venom Potion"},{"floor":16,"key":"Weak Potion"},{"floor":20,"key":"Dexterity Potion"},{"floor":22,"key":"FairyPotion"},{"floor":25,"key":"Block Potion"},{"floor":31,"key":"AttackPotion"},{"floor":35,"key":"PowerPotion"},{"floor":37,"key":"LiquidMemories"},{"floor":37,"key":"ColorlessPotion"},{"floor":41,"key":"PowerPotion"},{"floor":50,"key":"Cursed Concoction"},{"floor":52,"key":"Adrenaline Potion"},{"floor":59,"key":"PowerPotion"},{"floor":63,"key":"LiquidMemories"},{"floor":64,"key":"Swift Potion"},{"floor":65,"key":"Reflective Coating"},{"floor":67,"key":"CultistPotion"},{"floor":69,"key":"DistilledChaos"},{"floor":70,"key":"Explosive Potion"},{"floor":72,"key":"SmokeBomb"},{"floor":74,"key":"Block Potion"},{"floor":75,"key":"Explosive Potion"}],"is_trial":false,"path_per_floor":["M","?","M","?","M","E","R","E","T","R","E","?","?","E","R","B",null,"M","$","M","AVR","M","E","R","M","T","E","?","M","NM","M","R","B",null,"M","$","?","?","$","R","E","R","T","E","M","?","M","NM","R","B",null,"M","?","?","M","$","E","R","M","T","?","M","E","M","E","R","B",null,"?","?","?","?","T","E","?","NM"],"character_chosen":"IRONCLAD","items_purchased":["Guide Book","Snack Pack","Strawberry","Apotheosis","Replay:BasicMightCard","Toolbox","Whirlwind","Fire Breathing","Strange Spoon","Fire Potion","Fire Potion","Bottled Lightning","DollysMirror","hubris:EvacipatedBox"],"campfire_rested":2,"item_purchase_floors":[19,19,19,36,36,39,39,39,56,56,56,73,73,73],"current_hp_per_floor":[80,80,80,80,80,70,70,52,52,52,36,36,36,28,52,22,80,73,80,70,70,87,87,87,87,87,87,87,87,75,87,87,87,87,85,85,85,85,85,85,85,85,85,85,85,85,85,39,63,68,83,81,81,81,79,79,79,79,79,79,77,77,77,77,77,77,77,77,77,77,75,75,30,51,72,0,0],"gold":939,"neow_bonus":"THREE_ENEMY_KILL","is_daily":false,"chose_seed":false,"campfire_upgraded":7,"win_rate":0.0,"timestamp":1609706302,"path_taken":["M","?","?","?","M","E","R","E","T","R","E","?","?","E","R","BOSS","M","$","M","AVR","?","E","R","M","T","E","?","M","NM","M","R","BOSS","M","$","?","?","$","R","E","R","T","E","M","?","?","NM","R","BOSS","M","?","?","M","$","E","R","?","T","?","M","E","M","E","R","BOSS","?","?","?","?","?","E","?","NM"],"items_purchased_type":["Relic","Relic","Relic","Card","Card","Relic","Card","Card","Relic","Potion","Potion","Relic","Relic","Relic"],"build_version":"2020-12-22","purchased_purges":3,"victory":false,"max_hp_per_floor":[80,80,80,80,80,80,80,80,80,80,80,80,80,80,80,80,80,80,87,87,87,87,87,87,87,87,87,87,87,87,87,87,87,87,87,87,87,87,87,87,85,85,85,85,85,85,85,83,83,83,83,81,81,81,79,79,79,79,79,79,77,77,77,77,77,77,77,77,77,77,75,75,75,75,75,75,75],"card_choices":[{"not_picked":["Rupture","Armaments"],"picked":"Perfected Strike","floor":1.0},{"not_picked":["Flex","Flame Barrier"],"picked":"Shrug It Off","floor":3.0},{"not_picked":["Burning Pact","Iron Wave"],"picked":"Sword Boomerang","floor":5.0},{"not_picked":["Armaments","Intimidate"],"picked":"Thunderclap","floor":6.0},{"not_picked":["Heavy Blade","Life Link"],"picked":"Reaper","floor":8.0},{"not_picked":["Anger","Run Through"],"picked":"ReplayTheSpireMod:Limb From Limb","floor":11},{"not_picked":["Cleave","Immolate"],"picked":"Demon Form","floor":14},{"not_picked":["Exhume","Corruption"],"picked":"Double Tap","floor":16},{"not_picked":["Wild Strike","Entrench"],"picked":"Warcry","floor":18},{"not_picked":["Thunderclap","Replay:Undeath\u0027s Touch"],"picked":"Flame Barrier+1","floor":20},{"not_picked":["Perfected Strike","Entrench+1","ReplayTheSpireMod:LeadingStrike"],"picked":"SKIP","floor":22},{"not_picked":["Burning Pact","Heavy Blade"],"picked":"Spot Weakness","floor":23},{"not_picked":["Twin Strike+1","Shrug It Off"],"picked":"ReplayTheSpireMod:Muscle Training","floor":25},{"not_picked":["infinitespire:OneForAll","Flex"],"picked":"Whirlwind","floor":27},{"not_picked":["Havoc+1","ReplayTheSpireMod:Muscle Training+1"],"picked":"Battle Trance","floor":29},{"not_picked":["Exhume","Pummel"],"picked":"Dropkick","floor":30},{"not_picked":["Wild Strike","ReplayTheSpireMod:LeadingStrike","ReplayTheSpireMod:Stacked"],"picked":"SKIP","floor":31},{"not_picked":["Wild Strike","ReplayTheSpireMod:LeadingStrike","ReplayTheSpireMod:Stacked"],"picked":"SKIP","floor":31},{"not_picked":["Flex","hubris:ReadiedAction","Heavy Blade"],"picked":"SKIP","floor":35},{"not_picked":["Replay:Sssssssssstrike","Forethought"],"picked":"Deep Breath","floor":38},{"not_picked":["Cleave","Burning Pact","Clothesline+1"],"picked":"SKIP","floor":41},{"not_picked":["Rage+1","ReplayReversal+1"],"picked":"Fire Breathing+1","floor":44},{"not_picked":["Disarm","ReplayTheSpireMod:LeadingStrike+1","Havoc+1"],"picked":"SKIP","floor":45},{"not_picked":["Clothesline","Pommel Strike"],"picked":"Dual Wield","floor":47},{"not_picked":["infinitespire:FutureSight","infinitespire:Punishment"],"picked":"infinitespire:TheBestDefense","floor":48},{"not_picked":["Clothesline+1","Heavy Blade+1"],"picked":"Abandon+1","floor":48},{"not_picked":["Defy Death","Headbutt","Replay:Undeath\u0027s Touch"],"picked":"SKIP","floor":52},{"not_picked":["Evolve","Havoc","Iron Wave"],"picked":"SKIP","floor":55},{"not_picked":["Clothesline","Brutality"],"picked":"Burning Pact","floor":57},{"not_picked":["ReplayReversal","Wild Strike"],"picked":"Pommel Strike","floor":59},{"not_picked":["Sword Boomerang","hubris:SharpeningStone","Replay:Undeath\u0027s Touch"],"picked":"SKIP","floor":62},{"not_picked":["ReplayTheSpireMod:LeadingStrike","True Grit"],"picked":"Second Wind","floor":63},{"not_picked":["True Grit","Armaments","Clothesline"],"picked":"SKIP","floor":64},{"not_picked":["Impervious","Infernal Blade"],"picked":"ReplayTheSpireMod:Limb From Limb","floor":65},{"not_picked":["hubris:StunningStrike","Replay:Many Hands"],"picked":"Fiend Fire","floor":67},{"not_picked":["Run Through","Perfected Strike","Clothesline"],"picked":"SKIP","floor":69},{"not_picked":["Inflame+1","Defy Death+1","Armaments+1"],"picked":"SKIP","floor":70},{"not_picked":["Run Through","hubris:SharpeningStone","Clash"],"picked":"SKIP","floor":72},{"not_picked":["Combust+1","Wild Strike","Rupture+1"],"picked":"SKIP","floor":74},{"not_picked":["Inflame+1","Fire Breathing+1"],"picked":"Spot Weakness+1","floor":75}],"player_experience":191534,"relics_obtained":[{"floor":6.0,"key":"hubris:Reverence"},{"floor":8.0,"key":"Simple Rune"},{"floor":9,"key":"Anchor"},{"floor":11,"key":"infinitespire:FocusingShard"},{"floor":14,"key":"infinitespire:Midas Blood"},{"floor":27,"key":"Onion Ring"},{"floor":30,"key":"hubris:TenFootPole"},{"floor":37,"key":"Ring of Peace"},{"floor":37,"key":"ReplayTheSpireMod:Ring of Addiction"},{"floor":37,"key":"Potion Belt"},{"floor":37,"key":"Toy Ornithopter"},{"floor":41,"key":"Happy Flower"},{"floor":41,"key":"Replay:Mystery Machine"},{"floor":43,"key":"Gremlin Horn"},{"floor":44,"key":"hubris:DeckOfHolding"},{"floor":44,"key":"Whetstone"},{"floor":48,"key":"Smiling Mask"},{"floor":48,"key":"Replay:Bottled Eggs"},{"floor":57,"key":"infinitespire:ShieldingShard"},{"floor":57,"key":"White Beast Statue"},{"floor":60,"key":"ReplayTheSpireMod:Ninjato"},{"floor":63,"key":"Paper Frog"},{"floor":63,"key":"Dream Catcher"},{"floor":65,"key":"Frozen Egg 2"},{"floor":65,"key":"hubris:Metronome"},{"floor":74,"key":"hubris:ToyBattleship"},{"floor":74,"key":"Ancient Tea Set"}],"event_choices":[{"damage_healed":0.0,"max_hp_gain":0.0,"max_hp_loss":0.0,"gold_gain":0.0,"event_name":"FaceTrader","player_choice":"Trade","floor":2.0,"gold_loss":0.0,"damage_taken":0.0,"relics_obtained":["SsserpentHead"]},{"damage_healed":0.0,"max_hp_gain":0.0,"max_hp_loss":0.0,"gold_gain":0.0,"event_name":"Big Fish","player_choice":"Box","floor":4.0,"gold_loss":0.0,"damage_taken":0.0,"relics_obtained":["Mercury Hourglass"],"cards_obtained":["Regret"]},{"damage_healed":0,"gold_gain":0,"cards_transformed":["Strike_R"],"player_choice":"Transformed","damage_taken":0,"max_hp_gain":0,"max_hp_loss":0,"event_name":"Transmorgrifier","floor":13,"gold_loss":0,"cards_obtained":["Infernal Blade"]},{"damage_healed":0,"gold_gain":99,"player_choice":"Stole From Cult","damage_taken":0,"max_hp_gain":0,"max_hp_loss":0,"event_name":"Nest","floor":28,"gold_loss":0},{"damage_healed":0,"gold_gain":0,"player_choice":"Memory 1","damage_taken":0,"max_hp_gain":0,"max_hp_loss":0,"event_name":"SensoryStone","floor":38,"gold_loss":0},{"cards_removed":["Perfected Strike"],"damage_healed":0,"gold_gain":0,"player_choice":"Purged","damage_taken":0,"max_hp_gain":0,"max_hp_loss":0,"event_name":"Purifier","floor":46,"gold_loss":0},{"damage_healed":0,"gold_gain":0,"cards_transformed":["Thunderclap"],"player_choice":"Transformed","damage_taken":0,"max_hp_gain":0,"max_hp_loss":0,"event_name":"Transmorgrifier","floor":61,"gold_loss":0,"cards_obtained":["Fiend Fire"]},{"damage_healed":0,"gold_gain":0,"player_choice":"0 cards matched","damage_taken":0,"max_hp_gain":0,"max_hp_loss":0,"event_name":"Match and Keep!","floor":71,"gold_loss":0,"cards_obtained":[]}],"is_beta":false,"boss_relics":[{"not_picked":["hubris:RunicObelisk","hubris:TerracottaHorce"],"picked":"Kintsugi"},{"not_picked":["hubris:BlackHole","Painkiller Herb"],"picked":"Black Star"},{"not_picked":["ReplayTheSpireMod:SealedPack","Snecko Eye"],"picked":"Black Blood"},{"not_picked":["hubris:HollowSoul","hubris:BlackHole"],"picked":"Painkiller Herb"}],"items_purged_floors":[19,21,36],"is_endless":true,"potions_floor_spawned":[3,5,16,20,22,25,31,35,41,50,52,59,62,63,64,65,67,69,70,72,74,75],"killed_by":"Nightmare","ascension_level":1}}