{"host":"drk0p5jtlzl1xmwe","time":1609714326,"event":{"mods":["2.2 Compatiblity","AchievementEnabler","Act Like it!","Bard","BaseMod","Better Note","Better Vampires","Ekko","Friendly Minions","Hermit","Hubris","Infinite Spire","Luminous","Marisa????????","Minty Spire (QoL Compilation)","Rare Cards Sparkle","Relic Stats","Replay The Spire","Shade Mod","StSLib","The Animator","The Bug Knight","The Cursed","The Disciple","The Gatherer","The Servant 0.9.4","The Spell Scribe"],"gold_per_floor":[109,130,130,130,130,171,197,381,381,411,411,441,446,446],"floor_reached":13,"playtime":388,"items_purged":[],"score":98,"play_id":"4c011fc5-d504-40c4-9061-c229b3087d44","local_time":"20210103225206","is_ascension_mode":true,"campfire_choices":[{"floor":11,"key":"REST"}],"circlet_count":0,"master_deck":["hermit:Strike_Hermit+1","hermit:Strike_Hermit+1","hermit:Strike_Hermit+1","hermit:Strike_Hermit+1","hermit:Defend_Hermit","hermit:Defend_Hermit","hermit:Defend_Hermit","hermit:Defend_Hermit","hermit:Snapshot","hermit:Covet","hermit:Ricochet","hermit:Scavenge","Doubt","hermit:Deadeye"],"relics":["hermit:Momento","Kunai","Golden Idol","CeramicFish","Replay:Bottled Eggs"],"acts_visited":["Exordium"],"potions_floor_usage":[13],"damage_taken":[{"damage":0,"enemies":"Cultist","floor":1,"turns":3},{"damage":3,"enemies":"Jaw Worm","floor":2,"turns":3},{"damage":45,"enemies":"Lagavulin","floor":6,"turns":7},{"damage":0,"enemies":"Small Slimes","floor":7,"turns":4},{"damage":8,"enemies":"Exordium Thugs","floor":10,"turns":4},{"damage":0,"enemies":"2 Fungi Beasts","floor":12,"turns":3},{"damage":23,"enemies":"3 Sentries","floor":13,"turns":6}],"seed_played":"-2571155319513141314","potions_obtained":[{"floor":1,"key":"Venom Potion"},{"floor":10,"key":"Dexterity Potion"}],"is_trial":false,"path_per_floor":["M","M","?","?","$","E","M","?","T","M","R","M","E"],"character_chosen":"HERMIT","items_purchased":[],"campfire_rested":1,"item_purchase_floors":[],"current_hp_per_floor":[75,72,72,54,54,9,9,9,9,1,23,23,0,0],"gold":446,"neow_bonus":"THREE_CARDS","is_daily":false,"chose_seed":false,"campfire_upgraded":0,"win_rate":0.0,"timestamp":1609714326,"path_taken":["M","M","?","?","$","E","M","?","T","M","R","?","E"],"items_purchased_type":[],"build_version":"2020-12-22","purchased_purges":0,"victory":false,"max_hp_per_floor":[75,75,75,75,75,75,75,75,75,75,75,75,75,75],"relic_stats":{"counters":[7,30],"Golden Idol":19,"CeramicFish":18,"Kunai":[8],"obtain_stats":[{"Golden Idol":4,"CeramicFish":6,"Kunai":3,"Replay:Bottled Eggs":9,"hermit:Momento":0},{"Golden Idol":2,"CeramicFish":3,"Kunai":2,"Replay:Bottled Eggs":4,"hermit:Momento":0},{"Golden Idol":6,"CeramicFish":13,"Kunai":6,"Replay:Bottled Eggs":17,"hermit:Momento":0}]},"card_choices":[{"not_picked":["hermit:GhostlyPresence","hermit:Snipe"],"picked":"hermit:Ricochet","floor":0},{"not_picked":["hermit:Headshot","hermit:HoleUp"],"picked":"hermit:Scavenge","floor":1},{"not_picked":["hermit:TakeCover","hermit:BodyArmor","hermit:Feint"],"picked":"SKIP","floor":2},{"not_picked":["hermit:Purgatory","hermit:TakeAim","hermit:Roulette"],"picked":"SKIP","floor":6},{"not_picked":["hermit:Coalescence","hermit:HighCaliber","hermit:Manifest"],"picked":"SKIP","floor":7},{"not_picked":["hermit:ShadowCloak","hermit:Misfire","hermit:Malice"],"picked":"SKIP","floor":10},{"not_picked":["hermit:Feint","hermit:EyeOfTheStorm"],"picked":"hermit:Deadeye","floor":12}],"player_experience":660282,"relics_obtained":[{"floor":3,"key":"Kunai"},{"floor":6,"key":"CeramicFish"},{"floor":9,"key":"Replay:Bottled Eggs"}],"event_choices":[{"damage_healed":0,"gold_gain":0,"player_choice":"Take Damage","damage_taken":18,"relics_obtained":["Golden Idol"],"max_hp_gain":0,"max_hp_loss":0,"event_name":"Golden Idol","floor":4,"gold_loss":0},{"damage_healed":0,"gold_gain":175,"player_choice":"AGREE","damage_taken":0,"max_hp_gain":0,"max_hp_loss":0,"event_name":"Liars Game","floor":8,"gold_loss":0,"cards_obtained":["Doubt"]}],"is_beta":false,"boss_relics":[],"items_purged_floors":[],"is_endless":false,"potions_floor_spawned":[1,10],"killed_by":"3 Sentries","ascension_level":3}}