{"host":"n900smz9wr3yo27a","time":1609683704,"event":{"mods":["Arknights The Spire","BaseMod","CapriCore","GungeonMod","Hermit","Koishi","Lobotomy","Marisa£¨Ùöéë¡¡Øª×âÞÞ£©","Minty Spire (QoL Compilation)","Prisma Mod","Replay The Spire","StSLib","Td1madao Mod","The Animator","The Bug Knight","The Cursed","The Dragon Tamer","The Gatherer","The Hierophant","The Immortal","The Jungle","The Necromancer","The Poker Player","The Runesmith","WarShipGirlsR/??á´Ò³R mod"],"gold_per_floor":[109,119,132,147,158,188,188,219,219,219,219,22,22,49,49,152,152,171,171,191,13,13,13,47,80,80,80,90,115,115,142,142,241,241,261,161,174,19,38,72,91,122,122,172,172,206,206,244,244,244],"floor_reached":51,"playtime":3138,"items_purged":["DemoMod:PracticeMakesPerfect","DemoMod:DoubleSwitch"],"score":1201,"play_id":"747effa6-c1b2-4b7a-99f8-a4638d53c83e","local_time":"20210103232144","daily_mods":["Draft","Vintage","Heirloom","Time Dilation","Flight","DeadlyEvents","Elite Swarm"],"is_ascension_mode":false,"campfire_choices":[{"floor":7,"key":"REST"},{"floor":10,"key":"REST"},{"data":"DemoMod:ShadowBullets","floor":13,"key":"SMITH"},{"floor":15,"key":"DIG"},{"floor":23,"key":"REST"},{"data":"DemoMod:StickyCrossBow","floor":27,"key":"SMITH"},{"data":"DemoMod:ShadowBullets","floor":30,"key":"SMITH"},{"floor":32,"key":"DIG"},{"floor":45,"key":"RECALL"},{"floor":47,"key":"DIG"},{"floor":49,"key":"DIG"}],"circlet_count":0,"master_deck":["DemoMod:CombinedRifle+1","DemoMod:GunstockTap","DemoMod:MachoBrace","DemoMod:MachoBrace","DemoMod:ShadowBullets+1","DemoMod:Unmoved","DemoMod:ZorGun","DemoMod:PracticeMakesPerfect","DemoMod:Replace","DemoMod:PotionOfGunFriendShip","DemoMod:HardPowerCard","DemoMod:ShadowBullets+1","DemoMod:MachoBrace+1","DemoMod:StickyCrossBow+1","DemoMod:Behold!+1","CurseOfTheBell","DemoMod:Eureka+1","DemoMod:Behold!+1","DemoMod:StickyCrossBow+1","DemoMod:Behold!+1"],"relics":["DemoMod:Dog","replay:Trail_Library","DemoMod:PartiallyEatenCheese","Tiny Chest","Bronze Scales","Replay:Rubber Ducky","Toxic Egg 2","DemoMod:LamentConfigurum","Counterbalance","Strange Spoon","Shuriken","ReplayTheSpireMod:Ninjato","Shovel","Busted Crown","Replay:Towering Pillar of Hats","DemoMod:CrisisStone","MutagenicStrength","Regal Pillow","Replay:Kaleidoscope","Whetstone","TungstenRod","Letter Opener","DemoMod:HoleyGrail","MealTicket","Golden Egg","Mercury Hourglass","Calling Bell","Replay:Baseball","Gremlin Horn","DemoMod:AgedBell","Molten Egg 2","HollowMod:LifeEnderRelic","Sling","Ice Cream","Replay:Ringing Soul","Nunchaku","Replay:Accelerometer","DemoMod:OrangeGuonStone","Ginger","Gremlin Food","Pet Ghost","DemoMod:ClearGuonStone","Strawberry"],"acts_visited":["Exordium","TheCity","TheBeyond"],"potions_floor_usage":[8,8,8,14,18,20,24,24,31,51,51],"damage_taken":[{"damage":2,"enemies":"Small Slimes","floor":1,"turns":5},{"damage":0,"enemies":"Cultist","floor":2,"turns":4},{"damage":10,"enemies":"Jaw Worm","floor":3,"turns":9},{"damage":11,"enemies":"2 Fungi Beasts","floor":4,"turns":3},{"damage":6,"enemies":"3 Louse","floor":5,"turns":4},{"damage":24,"enemies":"Lagavulin","floor":6,"turns":7},{"damage":28,"enemies":"Large Slime","floor":8,"turns":6},{"damage":12,"enemies":"Gremlin Nob","floor":14,"turns":2},{"damage":9,"enemies":"Fading Forest","floor":16,"turns":11},{"damage":41,"enemies":"Chosen","floor":18,"turns":7},{"damage":3,"enemies":"3 Byrds","floor":20,"turns":4},{"damage":0,"enemies":"Gremlin Leader","floor":24,"turns":2},{"damage":0,"enemies":"Slavers","floor":25,"turns":3},{"damage":10,"enemies":"Snake Plant","floor":28,"turns":3},{"damage":0,"enemies":"Gremlin Leader","floor":29,"turns":6},{"damage":0,"enemies":"Book of Stabbing","floor":31,"turns":3},{"damage":14,"enemies":"Automaton","floor":33,"turns":4},{"damage":6,"enemies":"3 Shapes","floor":35,"turns":1},{"damage":0,"enemies":"3 Darklings","floor":37,"turns":2},{"damage":0,"enemies":"Transient","floor":39,"turns":5},{"damage":0,"enemies":"Nemesis","floor":40,"turns":3},{"damage":0,"enemies":"Jaw Worm Horde","floor":41,"turns":2},{"damage":0,"enemies":"Reptomancer","floor":42,"turns":1},{"damage":1,"enemies":"Mind Bloom Boss Battle","floor":44,"turns":2},{"damage":0,"enemies":"Giant Head","floor":46,"turns":2},{"damage":2,"enemies":"Nemesis","floor":48,"turns":3},{"damage":0,"enemies":"Donu and Deca","floor":50,"turns":2},{"damage":14,"enemies":"Malkuth","floor":51,"turns":2},{"damage":5,"enemies":"Netzach","floor":51,"turns":2},{"damage":38,"enemies":"Chesed","floor":51,"turns":3},{"damage":106,"enemies":"Hokma","floor":51,"turns":5}],"seed_played":"-3282590788386516","potions_obtained":[{"floor":1,"key":"FearPotion"},{"floor":2,"key":"FearPotion"},{"floor":3,"key":"Adrenaline Potion"},{"floor":11,"key":"Energy Potion"},{"floor":11,"key":"BlessingOfTheForge"},{"floor":11,"key":"Death Potion"},{"floor":16,"key":"Block Potion"},{"floor":18,"key":"AttackPotion"},{"floor":29,"key":"DuplicationPotion"},{"floor":31,"key":"Dexterity Potion"},{"floor":33,"key":"EssenceOfSteel"},{"floor":35,"key":"SkillPotion"}],"is_trial":true,"path_per_floor":["M","M","M","M","M","E","R","M","T","R","?","$","R","E","R","B",null,"M","?","M","$","T","R","E","E","T","R","M","E","R","E","R","B",null,"M","$","M","$","M","E","M","E","T","?","R","E","R","E","R","B",null],"character_chosen":"HUNTRESS","items_purchased":["Strange Spoon","DemoMod:DirectionalPad","FairyPotion","Sling"],"campfire_rested":3,"item_purchase_floors":[12,12,21,38],"current_hp_per_floor":[68,68,58,47,41,17,38,10,10,31,31,31,31,19,19,20,70,29,29,26,26,26,62,62,62,62,62,52,52,52,52,52,38,70,64,70,70,70,70,73,73,76,76,78,78,78,78,79,86,86],"gold":244,"neow_bonus":"","is_daily":false,"chose_seed":false,"campfire_upgraded":3,"win_rate":0.0,"timestamp":1609683704,"path_taken":["M","M","M","M","M","E","R","M","T","R","?","$","R","E","R","BOSS","M","?","M","?","?","R","E","E","T","R","?","E","R","E","R","BOSS","M","$","M","$","M","E","M","E","T","?","R","E","R","E","R","BOSS"],"items_purchased_type":["Relic","Card","Potion","Relic"],"build_version":"2020-12-22","purchased_purges":2,"victory":true,"max_hp_per_floor":[70,70,70,70,70,70,70,70,70,70,70,70,70,70,70,70,70,70,70,70,70,70,70,70,70,70,70,70,70,70,70,70,70,70,70,70,70,70,70,73,73,76,76,79,79,79,79,82,89,89],"card_choices":[{"not_picked":["DemoMod:MegaHand","DemoMod:FastSwitch"],"picked":"DemoMod:CombinedRifle","floor":0},{"not_picked":["DemoMod:RadGun","DemoMod:ChanceBullets"],"picked":"DemoMod:DirectionalPad","floor":0},{"not_picked":["DemoMod:LifeOrb","DemoMod:Camera"],"picked":"DemoMod:PracticeMakesPerfect","floor":0},{"not_picked":["DemoMod:JK47","DemoMod:Unity"],"picked":"DemoMod:GunstockTap","floor":0},{"not_picked":["DemoMod:Casey","DemoMod:DoubleSwitch"],"picked":"DemoMod:MachoBrace","floor":0},{"not_picked":["DemoMod:CombinedRifle","DemoMod:RadGun"],"picked":"DemoMod:MachoBrace","floor":0},{"not_picked":["DemoMod:HuntsMan","DemoMod:MegaHand"],"picked":"DemoMod:ShadowBullets","floor":0},{"not_picked":["DemoMod:FeignSurrender","DemoMod:BoxingGlove"],"picked":"DemoMod:Unmoved","floor":0},{"not_picked":["DemoMod:AC15","DemoMod:JK47"],"picked":"DemoMod:ZorGun","floor":0},{"not_picked":["DemoMod:Purify","DemoMod:PotionOfGunFriendShip"],"picked":"DemoMod:DoubleSwitch","floor":0},{"not_picked":["DemoMod:Evolver","DemoMod:Rummage"],"picked":"DemoMod:PracticeMakesPerfect","floor":0},{"not_picked":["DemoMod:JK47","DemoMod:RadGun"],"picked":"DemoMod:Replace","floor":0},{"not_picked":["DemoMod:EasyReloadBullets","DemoMod:SAA"],"picked":"DemoMod:PotionOfGunFriendShip","floor":0},{"not_picked":["DemoMod:SAA","DemoMod:Ejector"],"picked":"DemoMod:HardPowerCard","floor":0},{"not_picked":["DemoMod:AC15","DemoMod:BattleInHaste"],"picked":"DemoMod:ShadowBullets","floor":0},{"not_picked":["DemoMod:JK47","DemoMod:BoxingGlove","DemoMod:GunstockTap"],"picked":"SKIP","floor":3},{"not_picked":["DemoMod:FightSabre","DemoMod:Slinger","DemoMod:Gungine"],"picked":"SKIP","floor":6},{"not_picked":["DemoMod:ThirdPartyController","DemoMod:FullFirepower+1","DemoMod:BlackHoleGun"],"picked":"SKIP","floor":14},{"not_picked":["DemoMod:FullFirepower+1"],"picked":"SKIP","floor":24},{"not_picked":["DemoMod:Slinger"],"picked":"SKIP","floor":25},{"not_picked":[],"picked":"DemoMod:Behold!+1","floor":29},{"not_picked":["DemoMod:SuppressiveFire+1"],"picked":"SKIP","floor":31},{"not_picked":[],"picked":"DemoMod:Eureka+1","floor":40},{"not_picked":[],"picked":"DemoMod:Behold!+1","floor":42},{"not_picked":["DemoMod:FightSabre+1"],"picked":"SKIP","floor":46},{"not_picked":[],"picked":"DemoMod:Behold!+1","floor":48}],"player_experience":776327,"relics_obtained":[{"floor":1,"key":"Tiny Chest"},{"floor":3,"key":"Bronze Scales"},{"floor":4,"key":"Replay:Rubber Ducky"},{"floor":5,"key":"Toxic Egg 2"},{"floor":6,"key":"DemoMod:LamentConfigurum"},{"floor":8,"key":"Counterbalance"},{"floor":14,"key":"Shuriken"},{"floor":15,"key":"ReplayTheSpireMod:Ninjato"},{"floor":16,"key":"Shovel"},{"floor":18,"key":"DemoMod:CrisisStone"},{"floor":20,"key":"Regal Pillow"},{"floor":22,"key":"Replay:Kaleidoscope"},{"floor":24,"key":"Whetstone"},{"floor":25,"key":"TungstenRod"},{"floor":26,"key":"Letter Opener"},{"floor":28,"key":"DemoMod:HoleyGrail"},{"floor":29,"key":"MealTicket"},{"floor":31,"key":"Golden Egg"},{"floor":32,"key":"Mercury Hourglass"},{"floor":34,"key":"Replay:Baseball"},{"floor":34,"key":"Gremlin Horn"},{"floor":34,"key":"DemoMod:AgedBell"},{"floor":35,"key":"Molten Egg 2"},{"floor":37,"key":"HollowMod:LifeEnderRelic"},{"floor":39,"key":"Ice Cream"},{"floor":40,"key":"Replay:Ringing Soul"},{"floor":41,"key":"Nunchaku"},{"floor":42,"key":"Replay:Accelerometer"},{"floor":43,"key":"DemoMod:OrangeGuonStone"},{"floor":44,"key":"Ginger"},{"floor":46,"key":"Gremlin Food"},{"floor":47,"key":"Pet Ghost"},{"floor":48,"key":"DemoMod:ClearGuonStone"},{"floor":49,"key":"Strawberry"}],"event_choices":[{"damage_healed":0,"gold_gain":0,"player_choice":"Got Potions","damage_taken":0,"max_hp_gain":0,"max_hp_loss":0,"event_name":"Lab","floor":11,"gold_loss":0},{"damage_healed":0,"gold_gain":0,"player_choice":"Inject Mutagens","damage_taken":0,"relics_obtained":["MutagenicStrength"],"max_hp_gain":0,"max_hp_loss":0,"event_name":"Drug Dealer","floor":19,"gold_loss":0},{"damage_healed":0,"gold_gain":0,"player_choice":"Fight","damage_taken":0,"max_hp_gain":0,"max_hp_loss":0,"event_name":"MindBloom","floor":44,"gold_loss":0}],"is_beta":false,"boss_relics":[{"not_picked":["Fusion Hammer","Coffee Dripper"],"picked":"Busted Crown"},{"not_picked":["SacredBark","DemoMod:WaxWing"],"picked":"Calling Bell"}],"items_purged_floors":[21,36],"is_endless":false,"potions_floor_spawned":[1,2,3,6,16,18,29,31,33,35,39,41],"ascension_level":0}}