{"host":"qnjnvu4zn3mp0nla","time":1609645155,"event":{"mods":["BaseMod","Better Altar","Better Third Choice","BetterRewards","Colored Powertips","Minty Spire (QoL Compilation)","Permanent Neow","Shop Mod","Spicy Shops","StSLib","The Blackbeard","The Cursed","The Judge","The Necromancer","TheBandit"],"gold_per_floor":[111,128,128,128,68,104,104,279,330,344,414,438,458,476,476,476,476],"floor_reached":16,"playtime":498,"items_purged":[],"score":102,"play_id":"5d9a6737-b880-4bee-84cb-a9d83c406405","local_time":"20210103043915","is_ascension_mode":false,"campfire_choices":[{"data":"Rampage","floor":7,"key":"SMITH"},{"data":"Anger","floor":15,"key":"SMITH"}],"circlet_count":0,"master_deck":["Strike_R","Strike_R","Strike_R","Strike_R","Strike_R","Defend_R","Defend_R","Defend_R","Defend_R","Bash","The Bomb","Shrug It Off","Rampage+1","Burn","Heavy Blade","Twin Strike","Doubt","Flex","Anger","Anger+1","Bludgeon"],"relics":["Burning Blood","Golden Idol","Meat on the Bone","Happy Flower"],"acts_visited":["Exordium"],"potions_floor_usage":[16,16],"damage_taken":[{"damage":3,"enemies":"2 Louse","floor":1,"turns":4},{"damage":3,"enemies":"Jaw Worm","floor":2,"turns":3},{"damage":22,"enemies":"Lagavulin","floor":6,"turns":7},{"damage":4,"enemies":"Cultist","floor":10,"turns":4},{"damage":29,"enemies":"Exordium Thugs","floor":12,"turns":4},{"damage":14,"enemies":"Looter","floor":13,"turns":3},{"damage":23,"enemies":"Gremlin Gang","floor":14,"turns":4},{"damage":45,"enemies":"The Guardian","floor":16,"turns":8}],"seed_played":"6200164323697210008","potions_obtained":[{"floor":6,"key":"LiquidBronze"},{"floor":12,"key":"BlessingOfTheForge"}],"is_trial":false,"path_per_floor":["M","M","?","?","$","E","R","?","T","M","?","M","M","M","R","B"],"character_chosen":"IRONCLAD","items_purchased":["Heavy Blade"],"campfire_rested":0,"item_purchase_floors":[5],"current_hp_per_floor":[72,72,72,54,54,38,38,38,38,52,52,41,45,40,40,0,0],"gold":476,"neow_bonus":"RANDOM_COLORLESS_2","is_daily":false,"chose_seed":false,"campfire_upgraded":2,"win_rate":0.0,"timestamp":1609645155,"path_taken":["M","M","?","?","$","E","R","?","T","M","?","?","M","M","R","BOSS"],"items_purchased_type":["Card"],"build_version":"2020-12-22","purchased_purges":0,"victory":false,"max_hp_per_floor":[72,72,72,72,72,72,72,72,72,72,72,72,72,72,72,72,72],"card_choices":[{"not_picked":["Violence","Master of Strategy"],"picked":"The Bomb","floor":0},{"not_picked":["Body Slam","Headbutt"],"picked":"Shrug It Off","floor":1},{"not_picked":["Combust","Uppercut"],"picked":"Rampage","floor":2},{"not_picked":["Headbutt","Second Wind"],"picked":"Twin Strike","floor":6},{"not_picked":["Sword Boomerang","Body Slam"],"picked":"Flex","floor":10},{"not_picked":["Flex","Heavy Blade"],"picked":"Anger","floor":12},{"not_picked":["Warcry","Pommel Strike"],"picked":"Anger","floor":13},{"not_picked":["Flex","True Grit"],"picked":"Bludgeon","floor":14}],"player_experience":25162,"relics_obtained":[{"floor":6,"key":"Meat on the Bone"},{"floor":9,"key":"Happy Flower"}],"event_choices":[{"damage_healed":72,"gold_gain":0,"player_choice":"Embrace Burn","damage_taken":0,"max_hp_gain":0,"max_hp_loss":72,"event_name":"betterThird:BetterShining","floor":3,"gold_loss":0},{"damage_healed":0,"gold_gain":0,"player_choice":"Take Damage","damage_taken":18,"relics_obtained":["Golden Idol"],"max_hp_gain":0,"max_hp_loss":0,"event_name":"Golden Idol","floor":4,"gold_loss":0},{"damage_healed":0,"gold_gain":175,"player_choice":"AGREE","damage_taken":104,"max_hp_gain":0,"max_hp_loss":0,"event_name":"betterThird:BetterSerpent","floor":8,"gold_loss":0},{"damage_healed":0,"gold_gain":70,"player_choice":"Gained Gold","damage_taken":0,"max_hp_gain":0,"max_hp_loss":0,"event_name":"Golden Wing","floor":11,"gold_loss":0}],"is_beta":false,"boss_relics":[],"items_purged_floors":[],"is_endless":false,"potions_floor_spawned":[6,12],"killed_by":"The Guardian","ascension_level":0}}