{"host":"p7j7o00jacnw7qzt","time":1609705811,"event":{"mods":["BaseMod","Colored Map","Colored Powertips","DeckTracker","Highlight Path","Minty Spire (QoL Compilation)","Relic Stats"],"gold_per_floor":[119,136,151,151,226,226,226,259,259,293,49,49,49,93,93,183,183,201,201,220,220,240,280,280,324,324,347,381,431,456,135,135,225,279,298,298,321,345,220,256,256,299,323,656,690,254,285,303,303,303,303,303],"floor_reached":51,"playtime":2959,"items_purged":["Strike_G","Strike_G","Dash","Unload"],"score":1993,"play_id":"48850790-ba86-4dd1-aa6b-a6913ac325b7","local_time":"20210103153011","is_ascension_mode":true,"campfire_choices":[{"data":"Storm of Steel","floor":6.0,"key":"SMITH"},{"data":"Expertise","floor":12.0,"key":"SMITH"},{"data":"Acrobatics","floor":15.0,"key":"SMITH"},{"floor":24.0,"key":"RECALL"},{"data":"Reflex","floor":32.0,"key":"SMITH"},{"data":"Calculated Gamble","floor":49,"key":"SMITH"}],"circlet_count":0,"master_deck":["AscendersBane","Survivor","Neutralize","Expertise+1","Storm of Steel+1","Acrobatics+1","Terror","Malaise","Adrenaline","Escape Plan","Accuracy+1","Concentrate","Backflip","Reflex+1","Eviscerate","Dodge and Roll","Crippling Poison","Bouncing Flask","Adrenaline","Calculated Gamble+1","Master of Strategy","Finesse"],"relics":["Ring of the Snake","TungstenRod","Matryoshka","Ninja Scroll","Medical Kit","Potion Belt","Coffee Dripper","White Beast Statue","Snake Skull","CeramicFish","HornCleat","Bottled Tornado","Orrery","Pandora\u0027s Box","Dream Catcher","Pear","Shuriken","Du-Vu Doll","Bottled Lightning","Bird Faced Urn"],"acts_visited":["Exordium","TheCity","TheBeyond"],"potions_floor_usage":[37,37],"damage_taken":[{"damage":4.0,"enemies":"Jaw Worm","floor":1.0,"turns":5.0},{"damage":8.0,"enemies":"Small Slimes","floor":2.0,"turns":6.0},{"damage":4.0,"enemies":"2 Louse","floor":3.0,"turns":3.0},{"damage":1.0,"enemies":"Exordium Wildlife","floor":7.0,"turns":3.0},{"damage":12.0,"enemies":"3 Sentries","floor":8.0,"turns":10.0},{"damage":0.0,"enemies":"Gremlin Nob","floor":10.0,"turns":1.0},{"damage":2.0,"enemies":"3 Sentries","floor":14.0,"turns":9.0},{"damage":4.0,"enemies":"The Guardian","floor":16.0,"turns":10.0},{"damage":0.0,"enemies":"Chosen","floor":18.0,"turns":1.0},{"damage":1.0,"enemies":"Shell Parasite","floor":20.0,"turns":2.0},{"damage":6.0,"enemies":"Centurion and Healer","floor":22.0,"turns":5.0},{"damage":4.0,"enemies":"Book of Stabbing","floor":23.0,"turns":4.0},{"damage":24.0,"enemies":"Slavers","floor":25.0,"turns":6.0},{"damage":0.0,"enemies":"3 Cultists","floor":27.0,"turns":3.0},{"damage":0.0,"enemies":"Gremlin Leader","floor":28.0,"turns":4.0},{"damage":0.0,"enemies":"Snecko","floor":30.0,"turns":2.0},{"damage":0.0,"enemies":"Champ","floor":33.0,"turns":3.0},{"damage":0,"enemies":"Orb Walker","floor":35,"turns":1},{"damage":20,"enemies":"3 Shapes","floor":37,"turns":3},{"damage":0,"enemies":"Spire Growth","floor":38,"turns":2},{"damage":1,"enemies":"Reptomancer","floor":40,"turns":2},{"damage":0,"enemies":"Giant Head","floor":42,"turns":2},{"damage":0,"enemies":"Mind Bloom Boss Battle","floor":45,"turns":2},{"damage":0,"enemies":"Nemesis","floor":47,"turns":1},{"damage":0,"enemies":"Donu and Deca","floor":50,"turns":1},{"damage":33,"enemies":"Time Eater","floor":51,"turns":7}],"seed_played":"-87505559775194632","potions_obtained":[{"floor":3.0,"key":"SmokeBomb"},{"floor":8.0,"key":"SteroidPotion"},{"floor":14.0,"key":"SneckoOil"},{"floor":16.0,"key":"GhostInAJar"},{"floor":18.0,"key":"Energy Potion"},{"floor":25.0,"key":"Explosive Potion"},{"floor":27.0,"key":"LiquidMemories"},{"floor":28.0,"key":"Energy Potion"},{"floor":30.0,"key":"SkillPotion"},{"floor":37,"key":"PowerPotion"},{"floor":38,"key":"CunningPotion"},{"floor":42,"key":"DistilledChaos"}],"is_trial":false,"path_per_floor":["M","M","M","?","?","R","M","E","T","E","$","R","?","E","R","B",null,"M","?","M","?","M","E","R","E","T","M","E","?","M","$","R","B",null,"M","?","M","M","$","E","?","E","T","?","?","$","E","?","R","B","B"],"character_chosen":"THE_SILENT","items_purchased":["Medical Kit","Reflex","Orrery","Bottled Lightning"],"campfire_rested":0,"item_purchase_floors":[11,31,31,46],"current_hp_per_floor":[40,32,28,50,39,39,38,26,26,26,26,26,26,24,24,20,50,50,50,49,49,43,39,39,15,15,15,15,15,15,15,15,15,49,49,49,29,29,29,28,28,38,38,38,38,38,38,29,29,31,0,0],"gold":303,"neow_bonus":"TRANSFORM_TWO_CARDS","is_daily":false,"chose_seed":false,"campfire_upgraded":5,"win_rate":0.0,"timestamp":1609705811,"path_taken":["M","M","M","?","?","R","M","E","T","E","$","R","?","E","R","BOSS","M","?","M","?","M","E","R","E","T","M","E","?","M","$","R","BOSS","M","?","M","?","$","E","?","E","T","?","?","$","E","?","R","BOSS","BOSS"],"items_purchased_type":["Relic","Card","Relic","Relic"],"build_version":"2020-12-22","purchased_purges":4,"victory":false,"max_hp_per_floor":[66,66,66,66,66,66,66,66,66,66,66,66,60,60,60,60,60,60,60,60,60,60,60,60,60,60,60,60,60,60,60,60,60,60,60,60,60,60,60,60,57,67,67,67,67,67,67,67,67,67,67,67],"relic_stats":{"Dream Catcher":0,"counters":[26,98],"Shuriken":[20],"CeramicFish":99,"Bird Faced Urn":[4],"Pandora\u0027s Box":["Dodge and Roll","Crippling Poison","Dash","Bouncing Flask","Unload","Adrenaline"],"Snake Skull":[16],"Medical Kit":[12],"obtain_stats":[{"Potion Belt":14,"Pear":42,"Golden Idol":13,"CeramicFish":26,"Snake Skull":25,"Bottled Tornado":28,"Medical Kit":11,"White Beast Statue":23,"Du-Vu Doll":45,"Dream Catcher":40,"Matryoshka":9,"HornCleat":26,"Ninja Scroll":10,"Shuriken":43,"Bird Faced Urn":47,"Orrery":31,"Pandora\u0027s Box":34,"Coffee Dripper":17,"Bottled Lightning":46,"TungstenRod":8,"Ring of the Snake":0},{"Potion Belt":7,"Pear":22,"Golden Idol":6,"CeramicFish":13,"Snake Skull":13,"Bottled Tornado":15,"Medical Kit":6,"White Beast Statue":12,"Du-Vu Doll":23,"Dream Catcher":21,"Matryoshka":5,"HornCleat":13,"Ninja Scroll":6,"Shuriken":22,"Bird Faced Urn":24,"Orrery":16,"Pandora\u0027s Box":17,"Coffee Dripper":8,"Bottled Lightning":23,"TungstenRod":5,"Ring of the Snake":0},{"Potion Belt":37,"Pear":87,"Golden Idol":28,"CeramicFish":65,"Snake Skull":65,"Bottled Tornado":72,"Medical Kit":28,"White Beast Statue":59,"Du-Vu Doll":89,"Dream Catcher":85,"Matryoshka":27,"HornCleat":65,"Ninja Scroll":28,"Shuriken":87,"Bird Faced Urn":90,"Orrery":74,"Pandora\u0027s Box":77,"Coffee Dripper":47,"Bottled Lightning":89,"TungstenRod":27,"Ring of the Snake":0}],"TungstenRod":26,"Ring of the Snake":[52]},"card_choices":[{"not_picked":["Predator","Poisoned Stab"],"picked":"Acrobatics","floor":1.0},{"not_picked":["Poisoned Stab","Acrobatics","Prepared"],"picked":"SKIP","floor":2.0},{"not_picked":["Outmaneuver","Bane"],"picked":"Terror","floor":3.0},{"not_picked":["Catalyst","Slice","Glass Knife"],"picked":"SKIP","floor":8.0},{"not_picked":["Outmaneuver","Underhanded Strike","PiercingWail"],"picked":"SKIP","floor":10.0},{"not_picked":["Outmaneuver","PiercingWail"],"picked":"Malaise","floor":14.0},{"not_picked":["Storm of Steel","Burst"],"picked":"Adrenaline","floor":16.0},{"not_picked":["Dagger Spray","Sucker Punch"],"picked":"Escape Plan","floor":18.0},{"not_picked":["Underhanded Strike","PiercingWail","Deflect"],"picked":"SKIP","floor":20.0},{"not_picked":["Cloak And Dagger","Sucker Punch"],"picked":"Accuracy+1","floor":22.0},{"not_picked":["Grand Finale","Escape Plan"],"picked":"Concentrate","floor":23.0},{"not_picked":["Tactician","Concentrate"],"picked":"Backflip","floor":25.0},{"not_picked":["Outmaneuver","Quick Slash","PiercingWail"],"picked":"SKIP","floor":27.0},{"not_picked":["Underhanded Strike","Backflip","Poisoned Stab"],"picked":"SKIP","floor":28.0},{"not_picked":["Tactician","Die Die Die","Backflip"],"picked":"SKIP","floor":30.0},{"not_picked":["Underhanded Strike","Backflip"],"picked":"Eviscerate","floor":31.0},{"not_picked":["Well Laid Plans","Eviscerate","PiercingWail+1"],"picked":"SKIP","floor":35},{"not_picked":["Cloak And Dagger+1","Outmaneuver","Bouncing Flask"],"picked":"SKIP","floor":37},{"not_picked":["Heel Hook","Footwork","Backstab"],"picked":"SKIP","floor":38},{"not_picked":["Riddle With Holes+1","Doppelganger","Poisoned Stab+1"],"picked":"SKIP","floor":40},{"not_picked":["Deadly Poison","Sucker Punch","Dagger Spray"],"picked":"SKIP","floor":42},{"not_picked":["Distraction","Deadly Poison+1"],"picked":"Calculated Gamble","floor":45},{"not_picked":["Flying Knee+1","PiercingWail","Dagger Throw"],"picked":"SKIP","floor":47},{"not_picked":["The Bomb","Mind Blast"],"picked":"Master of Strategy","floor":48},{"not_picked":["Good Instincts","Enlightenment"],"picked":"Finesse","floor":48}],"player_experience":965581,"relics_obtained":[{"floor":8.0,"key":"TungstenRod"},{"floor":9.0,"key":"Matryoshka"},{"floor":10.0,"key":"Ninja Scroll"},{"floor":14.0,"key":"Potion Belt"},{"floor":23.0,"key":"White Beast Statue"},{"floor":25.0,"key":"Snake Skull"},{"floor":26.0,"key":"CeramicFish"},{"floor":26.0,"key":"HornCleat"},{"floor":28.0,"key":"Bottled Tornado"},{"floor":40,"key":"Dream Catcher"},{"floor":42,"key":"Pear"},{"floor":43,"key":"Shuriken"},{"floor":45,"key":"Du-Vu Doll"},{"floor":47,"key":"Bird Faced Urn"}],"event_choices":[{"damage_healed":22.0,"max_hp_gain":0.0,"max_hp_loss":0.0,"gold_gain":0.0,"event_name":"Big Fish","player_choice":"Banana","floor":4.0,"gold_loss":0.0,"damage_taken":0.0},{"damage_healed":0.0,"max_hp_gain":0.0,"max_hp_loss":0.0,"gold_gain":75.0,"event_name":"World of Goop","player_choice":"Gather Gold","floor":5.0,"gold_loss":0.0,"damage_taken":11.0},{"damage_healed":0.0,"max_hp_gain":0.0,"max_hp_loss":6.0,"gold_gain":0.0,"event_name":"Golden Idol","player_choice":"Lose Max HP","floor":13.0,"gold_loss":0.0,"damage_taken":0.0,"relics_obtained":["Golden Idol"]},{"damage_healed":0.0,"max_hp_gain":0.0,"max_hp_loss":0.0,"gold_gain":0.0,"event_name":"The Mausoleum","player_choice":"Ignored","floor":19.0,"gold_loss":0.0,"damage_taken":0.0},{"damage_healed":0.0,"max_hp_gain":0.0,"max_hp_loss":0.0,"gold_gain":0.0,"event_name":"Vampires","player_choice":"Ignored","floor":21.0,"gold_loss":0.0,"damage_taken":0.0},{"damage_healed":0.0,"max_hp_gain":0.0,"max_hp_loss":0.0,"gold_gain":50.0,"event_name":"Nest","player_choice":"Stole From Cult","floor":29.0,"gold_loss":0.0,"damage_taken":0.0},{"damage_healed":0,"gold_gain":0,"player_choice":"Ignored","damage_taken":0,"max_hp_gain":0,"max_hp_loss":0,"event_name":"SecretPortal","floor":36,"gold_loss":0},{"damage_healed":0,"gold_gain":0,"player_choice":"Max HP","damage_taken":0,"max_hp_gain":0,"max_hp_loss":3,"event_name":"Winding Halls","floor":41,"gold_loss":0},{"damage_healed":0,"gold_gain":333,"player_choice":"Gave Idol","damage_taken":0,"max_hp_gain":0,"max_hp_loss":0,"event_name":"The Moai Head","floor":44,"relics_lost":["Golden Idol"],"gold_loss":0},{"damage_healed":0,"gold_gain":0,"player_choice":"Fight","damage_taken":0,"max_hp_gain":0,"max_hp_loss":0,"event_name":"MindBloom","floor":45,"gold_loss":0},{"damage_healed":0,"gold_gain":0,"player_choice":"Memory 3","damage_taken":10,"max_hp_gain":0,"max_hp_loss":0,"event_name":"SensoryStone","floor":48,"gold_loss":0}],"is_beta":false,"boss_relics":[{"not_picked":["Empty Cage","Velvet Choker"],"picked":"Coffee Dripper"},{"not_picked":["Snecko Eye","Black Star"],"picked":"Pandora\u0027s Box"}],"items_purged_floors":[11,31,39,46],"is_endless":false,"potions_floor_spawned":[3,8,14,16,18,25,27,28,30,33,35,37,38,40,42,45,47],"killed_by":"Time Eater","ascension_level":20}}