{"host":"w4b7hmige5bnqipq","time":1609659021,"event":{"mods":["2.2 Compatiblity","BaseMod","Colored Map","DeckTracker","Keyboard Shortcuts","Minty Spire (QoL Compilation)","Permanent Neow","Rare Cards Sparkle","SuperFastMode","everything is the same but u backflip on backflip","slay the spire mod where everything is the same but ironclad has a cowboy hat"],"gold_per_floor":[116,129,149,149,149,149,180,180,234,252,270,27,27,66,66,159,159,177,202,221,121,121,121,121],"floor_reached":23,"playtime":2370,"items_purged":["Strike_R","Strike_R"],"score":402,"play_id":"ad5a5137-4c08-4213-9fab-60f3c09da799","local_time":"20210103163021","is_ascension_mode":true,"campfire_choices":[{"data":"Bash","floor":6.0,"key":"SMITH"},{"data":"Rupture","floor":8.0,"key":"SMITH"},{"data":"Blood for Blood","floor":15.0,"key":"SMITH"}],"circlet_count":0,"master_deck":["AscendersBane","Defend_R","Defend_R","Defend_R","Bash+1","Cleave","Rupture+1","Bloodletting","Inflame","Wild Strike","Blood for Blood+1","Barricade","Intimidate+1","Reaper+1","Anger+1","Second Wind","Pommel Strike"],"relics":["Burning Blood","Bag of Marbles","Golden Idol","Toy Ornithopter","MealTicket","Bag of Preparation","Lantern","Astrolabe"],"acts_visited":["Exordium","TheCity"],"potions_floor_usage":[20],"damage_taken":[{"damage":1.0,"enemies":"Cultist","floor":1.0,"turns":3.0},{"damage":6.0,"enemies":"Small Slimes","floor":2.0,"turns":4.0},{"damage":13.0,"enemies":"2 Louse","floor":3.0,"turns":4.0},{"damage":53.0,"enemies":"3 Sentries","floor":7.0,"turns":10.0},{"damage":0.0,"enemies":"Large Slime","floor":10.0,"turns":4.0},{"damage":1.0,"enemies":"Exordium Thugs","floor":11.0,"turns":3.0},{"damage":21.0,"enemies":"Lagavulin","floor":14.0,"turns":6.0},{"damage":36.0,"enemies":"Slime Boss","floor":16.0,"turns":9.0},{"damage":18,"enemies":"Chosen","floor":18,"turns":5},{"damage":33,"enemies":"Shell Parasite","floor":19,"turns":4},{"damage":26,"enemies":"Snake Plant","floor":20,"turns":3},{"damage":28,"enemies":"Book of Stabbing","floor":23,"turns":3}],"seed_played":"-699798862274005720","potions_obtained":[{"floor":1.0,"key":"Weak Potion"},{"floor":2.0,"key":"Regen Potion"},{"floor":7.0,"key":"SpeedPotion"}],"is_trial":false,"path_per_floor":["M","M","M","?","?","R","E","R","T","M","M","$","?","E","R","B",null,"M","M","M","$","?","E"],"character_chosen":"IRONCLAD","items_purchased":["Bag of Preparation"],"campfire_rested":0,"item_purchase_floors":[12],"current_hp_per_floor":[73,73,66,71,71,71,35,35,35,41,46,61,72,62,62,32,62,50,23,18,33,33,5,5],"gold":121,"neow_bonus":"RANDOM_COMMON_RELIC","is_daily":false,"chose_seed":false,"campfire_upgraded":3,"win_rate":0.0,"timestamp":1609659021,"path_taken":["M","M","?","?","?","R","E","R","T","M","M","$","?","E","R","BOSS","M","M","M","$","?","E"],"items_purchased_type":["Relic"],"build_version":"2020-12-22","purchased_purges":2,"victory":false,"max_hp_per_floor":[75,75,75,80,72,72,72,72,72,72,72,72,72,72,72,72,72,72,72,72,72,72,72,72],"card_choices":[{"not_picked":["Dual Wield","Perfected Strike"],"picked":"Cleave","floor":1.0},{"not_picked":["Whirlwind","Iron Wave"],"picked":"Rupture","floor":2.0},{"not_picked":["Body Slam","Sword Boomerang"],"picked":"Bloodletting","floor":3.0},{"not_picked":["Metallicize","Thunderclap"],"picked":"Inflame","floor":7.0},{"not_picked":["Flex","Body Slam","Wild Strike"],"picked":"SKIP","floor":10.0},{"not_picked":["Flex","Body Slam"],"picked":"Wild Strike","floor":10.0},{"not_picked":["Sever Soul","Cleave","Body Slam"],"picked":"SKIP","floor":11.0},{"not_picked":["Headbutt","Body Slam"],"picked":"Blood for Blood","floor":14.0},{"not_picked":["Fiend Fire","Demon Form"],"picked":"Barricade","floor":16.0},{"not_picked":["Anger","Heavy Blade"],"picked":"Second Wind","floor":18},{"not_picked":["Twin Strike","Thunderclap"],"picked":"Pommel Strike","floor":19},{"not_picked":["Thunderclap","Perfected Strike","Twin Strike"],"picked":"SKIP","floor":20}],"player_experience":457001,"relics_obtained":[{"floor":7.0,"key":"Toy Ornithopter"},{"floor":9.0,"key":"MealTicket"},{"floor":14.0,"key":"Lantern"}],"event_choices":[{"damage_healed":0.0,"max_hp_gain":5.0,"max_hp_loss":0.0,"gold_gain":0.0,"event_name":"Big Fish","player_choice":"Donut","floor":4.0,"gold_loss":0.0,"damage_taken":0.0},{"damage_healed":0.0,"max_hp_gain":0.0,"max_hp_loss":8.0,"gold_gain":0.0,"event_name":"Golden Idol","player_choice":"Lose Max HP","floor":5.0,"gold_loss":0.0,"damage_taken":0.0,"relics_obtained":["Golden Idol"]},{"damage_healed":11.0,"max_hp_gain":0.0,"max_hp_loss":0.0,"gold_gain":0.0,"event_name":"Wheel of Change","player_choice":"Full Heal","floor":13.0,"gold_loss":0.0,"damage_taken":0.0},{"cards_removed":["Strike_R"],"damage_healed":0,"gold_gain":0,"player_choice":"Elegance","damage_taken":0,"max_hp_gain":0,"max_hp_loss":0,"event_name":"Back to Basics","floor":22,"gold_loss":0}],"is_beta":false,"boss_relics":[{"not_picked":["Pandora\u0027s Box","Runic Dome"],"picked":"Astrolabe"}],"items_purged_floors":[12,21],"is_endless":false,"potions_floor_spawned":[1,2,7],"killed_by":"Book of Stabbing","ascension_level":20}}