{"host":"5wznv0010959mrmz","time":1609695536,"event":{"mods":["BaseMod","Highlight Path","Minty Spire (QoL Compilation)"],"gold_per_floor":[113,113,78,27,43,43,70,70,95,115,115,141,161,174,174,251,251,266,236,133,133,133,167,167,197,197,197,197],"floor_reached":27,"playtime":739,"items_purged":["Doppelganger"],"score":718,"play_id":"6f6341ea-0488-47f8-b467-93fa19014afb","local_time":"20210103113856","is_ascension_mode":true,"campfire_choices":[{"data":"Blade Dance","floor":6,"key":"SMITH"},{"data":"Leg Sweep","floor":8,"key":"SMITH"},{"data":"Poisoned Stab","floor":15,"key":"SMITH"},{"data":"Blade Dance","floor":24,"key":"SMITH"}],"circlet_count":0,"master_deck":["AscendersBane","Survivor","Neutralize","Blade Dance+1","Blade Dance+1","Flying Knee","Leg Sweep+1","Accuracy","Calculated Gamble","Poisoned Stab+1","Corpse Explosion","Glass Knife","Blur","Sucker Punch","Caltrops","Accuracy","Terror","Dagger Spray","Footwork","Backflip","Acrobatics","Blade Dance+1"],"relics":["Ring of the Snake","NeowsBlessing","Potion Belt","Snake Skull","Gremlin Horn","Pandora\u0027s Box","Strawberry","Lizard Tail"],"acts_visited":["Exordium","TheCity"],"potions_floor_usage":[12,16,16,23,23,23,25],"damage_taken":[{"damage":0,"enemies":"2 Louse","floor":1,"turns":1},{"damage":0,"enemies":"Small Slimes","floor":5,"turns":1},{"damage":0,"enemies":"Lagavulin","floor":7,"turns":1},{"damage":1,"enemies":"Cultist","floor":10,"turns":3},{"damage":0,"enemies":"Gremlin Nob","floor":12,"turns":3},{"damage":0,"enemies":"Exordium Wildlife","floor":13,"turns":2},{"damage":3,"enemies":"Looter","floor":14,"turns":2},{"damage":0,"enemies":"Slime Boss","floor":16,"turns":5},{"damage":19,"enemies":"Shell Parasite","floor":18,"turns":5},{"damage":10,"enemies":"2 Thieves","floor":19,"turns":4},{"damage":1,"enemies":"Slavers","floor":23,"turns":3},{"damage":35,"enemies":"Book of Stabbing","floor":25,"turns":5},{"damage":54,"enemies":"Gremlin Leader","floor":27,"turns":3}],"seed_played":"-5155664030495669373","potions_obtained":[{"floor":1,"key":"LiquidMemories"},{"floor":11,"key":"PowerPotion"},{"floor":11,"key":"PowerPotion"},{"floor":13,"key":"SteroidPotion"},{"floor":14,"key":"Strength Potion"},{"floor":18,"key":"FearPotion"},{"floor":19,"key":"Block Potion"}],"is_trial":false,"path_per_floor":["M","?","?","$","M","R","E","R","T","M","?","E","M","M","R","B",null,"M","M","$","?","?","E","R","E","T","E"],"character_chosen":"THE_SILENT","items_purchased":["Blade Dance","Backflip"],"campfire_rested":0,"item_purchase_floors":[4,20],"current_hp_per_floor":[59,39,55,55,55,55,55,55,55,54,54,54,54,51,51,51,62,43,33,33,33,33,39,39,4,4,0,0],"gold":197,"neow_bonus":"THREE_ENEMY_KILL","is_daily":false,"chose_seed":false,"campfire_upgraded":4,"win_rate":0.0,"timestamp":1609695536,"path_taken":["M","?","?","$","M","R","E","R","T","M","?","E","M","M","R","BOSS","M","M","?","?","?","E","R","E","T","E"],"items_purchased_type":["Card","Card"],"build_version":"2020-12-22","purchased_purges":1,"victory":false,"max_hp_per_floor":[66,66,66,66,66,66,66,66,66,66,66,66,66,66,66,66,66,66,66,66,66,66,73,73,73,73,73,73],"card_choices":[{"not_picked":["Poisoned Stab","Riddle With Holes"],"picked":"Blade Dance","floor":1},{"not_picked":["Distraction","Masterful Stab"],"picked":"Flying Knee","floor":5},{"not_picked":["Heel Hook","Expertise"],"picked":"Leg Sweep","floor":7},{"not_picked":["Slice","Skewer"],"picked":"Accuracy","floor":10},{"not_picked":["Deflect","Outmaneuver"],"picked":"Calculated Gamble","floor":12},{"not_picked":["Prepared","PiercingWail","Flying Knee"],"picked":"SKIP","floor":13},{"not_picked":["Outmaneuver","Caltrops"],"picked":"Poisoned Stab","floor":14},{"not_picked":["Tools of the Trade","Burst"],"picked":"Corpse Explosion","floor":16},{"not_picked":["Bane","Eviscerate+1"],"picked":"Footwork","floor":18},{"not_picked":["Crippling Poison","Outmaneuver","Eviscerate"],"picked":"SKIP","floor":19},{"not_picked":["Bane","Masterful Stab"],"picked":"Blade Dance","floor":23},{"not_picked":["Distraction","PiercingWail","Setup"],"picked":"SKIP","floor":25}],"player_experience":385551,"relics_obtained":[{"floor":7,"key":"Potion Belt"},{"floor":9,"key":"Snake Skull"},{"floor":12,"key":"Gremlin Horn"},{"floor":23,"key":"Strawberry"},{"floor":25,"key":"Lizard Tail"}],"event_choices":[{"damage_healed":0,"gold_gain":0,"player_choice":"Entered Light","damage_taken":20,"max_hp_gain":0,"max_hp_loss":0,"event_name":"Shining Light","floor":2,"gold_loss":0,"cards_upgraded":["Defend_G","Blade Dance"]},{"damage_healed":16,"gold_gain":0,"player_choice":"Healed","damage_taken":0,"max_hp_gain":0,"max_hp_loss":0,"event_name":"The Cleric","floor":3,"gold_loss":35},{"damage_healed":0,"gold_gain":0,"player_choice":"Got Potions","damage_taken":0,"max_hp_gain":0,"max_hp_loss":0,"event_name":"Lab","floor":11,"gold_loss":0},{"damage_healed":0,"gold_gain":0,"cards_transformed":["Prepared","Masterful Stab"],"player_choice":"Became Test Subject","damage_taken":0,"max_hp_gain":0,"max_hp_loss":0,"event_name":"Drug Dealer","floor":21,"gold_loss":0,"cards_obtained":["Acrobatics","Flechettes"]},{"cards_removed":["Flechettes"],"damage_healed":0,"gold_gain":0,"player_choice":"Elegance","damage_taken":0,"max_hp_gain":0,"max_hp_loss":0,"event_name":"Back to Basics","floor":22,"gold_loss":0}],"is_beta":false,"boss_relics":[{"not_picked":["Busted Crown","SlaversCollar"],"picked":"Pandora\u0027s Box"}],"items_purged_floors":[20],"is_endless":false,"potions_floor_spawned":[1,13,14,18,19],"killed_by":"Gremlin Leader","ascension_level":20}}