{"host":"l84l8xigz5v5foa2","time":1609703293,"event":{"mods":["2.2 Compatiblity","AchievementEnabler","BaseMod","Better Note","Better Vampires","Card Filter","Colored Map","DeckTracker","Downfall","Gremlin Skip","Highlight Path","Keyboard Shortcuts","Minty Spire (QoL Compilation)","Permanent Neow","Quick Restart","Relic Filter","Relic Stats","StSLib","SuperFastMode","Transform Curses","Unknown Chances"],"gold_per_floor":[349,366,366,385,403,403,403,403,433,433,461,487,7,24,43,121,121,121,139,151,151,161,161,210,226,226,239,239,268,268,153,171,242,242,242,256,267,372,391,241,267,267,281,206,225,244,264,294,310,310,310,339,43,43,43],"floor_reached":56,"playtime":3478,"items_purged":["hexamod:Strike","Pain","hexamod:Strike"],"score":2176,"play_id":"322966d1-d07d-4a7a-ac2f-10bebc61f81c","local_time":"20210104044813","is_ascension_mode":true,"campfire_choices":[{"data":"hexamod:Float","floor":1.0,"key":"SMITH"},{"data":"hexamod:SkipABeat","floor":6.0,"key":"SMITH"},{"data":"hexamod:HeatMetal","floor":10.0,"key":"SMITH"},{"data":"hexamod:NightmareGuise","floor":18.0,"key":"SMITH"},{"data":"hexamod:GhostflameInferno","floor":26.0,"key":"SMITH"},{"data":"hexamod:ThermalTransfer","floor":35.0,"key":"SMITH"},{"floor":40.0,"key":"RECALL"},{"data":"expansioncontent:CaCaw","floor":44,"key":"SMITH"},{"floor":54,"key":"REST"}],"circlet_count":0,"master_deck":["AscendersBane","hexamod:Strike","hexamod:Defend","hexamod:Defend","hexamod:Defend","hexamod:Sear","hexamod:Float+1","hexamod:SkipABeat+1","hexamod:HeatMetal+1","hexamod:PhantomFireball","hexamod:Hexaguard","hexamod:StepThrough","hexamod:StepThrough","hexamod:InspiringFlames","hexamod:FirstSeal","hexamod:NightmareGuise+1","hexamod:GhostflameInferno+1","hexamod:Hexaguard+1","hexamod:HauntingEcho+1","hexamod:SwordOfDarkness+1","hexamod:ThermalTransfer+1","hexamod:FastForward+1","hexamod:RecurringNightmare+1","hexamod:TimeWarp","expansioncontent:CaCaw+1","hexamod:AdvancingGuard+1","hexamod:GhostShield+1","hexamod:GhostShield+1","hexamod:ThermalTransfer+1","Mayhem"],"relics":["hexamod:SpiritBrand","downfall:ShatteredFragment","Pantograph","Odd Mushroom","Pen Nib","OrangePellets","hexamod:IceCube","WarpedTongs","hexamod:BolsterEngine","Toxic Egg 2","Philosopher\u0027s Stone","downfall:HeartBlessingGreen","downfall:HeartBlessingBlue","Centennial Puzzle","downfall:HeartBlessingRed","Bag of Marbles","Akabeko"],"acts_visited":["Exordium","TheCity","TheBeyond","TheEnding"],"potions_floor_usage":[55,55],"damage_taken":[{"damage":2.0,"enemies":"Jaw Worm","floor":2.0,"turns":4.0},{"damage":0.0,"enemies":"2 Louse","floor":4.0,"turns":3.0},{"damage":0.0,"enemies":"Small Slimes","floor":5.0,"turns":3.0},{"damage":1.0,"enemies":"Lagavulin","floor":9.0,"turns":5.0},{"damage":10.0,"enemies":"The Mushroom Lair","floor":11.0,"turns":4.0},{"damage":0.0,"enemies":"3 Sentries","floor":12.0,"turns":5.0},{"damage":0.0,"enemies":"downfall:FleeingMerchant","floor":13.0,"turns":4.0},{"damage":7.0,"enemies":"Exordium Wildlife","floor":14.0,"turns":4.0},{"damage":0.0,"enemies":"Large Slime","floor":15.0,"turns":4.0},{"damage":5.0,"enemies":"downfall:Silent","floor":16.0,"turns":9.0},{"damage":5.0,"enemies":"Shell Parasite","floor":19.0,"turns":4.0},{"damage":0.0,"enemies":"Chosen","floor":20.0,"turns":4.0},{"damage":6.0,"enemies":"Snake Plant","floor":22.0,"turns":4.0},{"damage":18.0,"enemies":"Chosen and Byrds","floor":25.0,"turns":6.0},{"damage":14.0,"enemies":"Snecko","floor":27.0,"turns":4.0},{"damage":11.0,"enemies":"Gremlin Leader","floor":29.0,"turns":5.0},{"damage":3.0,"enemies":"downfall:FleeingMerchant","floor":31.0,"turns":4.0},{"damage":0.0,"enemies":"Centurion and Healer","floor":32.0,"turns":5.0},{"damage":4.0,"enemies":"downfall:Defect","floor":33.0,"turns":9.0},{"damage":0.0,"enemies":"Orb Walker","floor":36.0,"turns":3.0},{"damage":19.0,"enemies":"3 Darklings","floor":37.0,"turns":5.0},{"damage":9.0,"enemies":"downfall:FleeingMerchant","floor":38.0,"turns":3.0},{"damage":2.0,"enemies":"Jaw Worm Horde","floor":39.0,"turns":4.0},{"damage":14.0,"enemies":"Transient","floor":43.0,"turns":6.0},{"damage":0,"enemies":"Spire Growth","floor":45,"turns":5},{"damage":13,"enemies":"4 Shapes","floor":46,"turns":5},{"damage":0,"enemies":"Writhing Mass","floor":47,"turns":6},{"damage":16,"enemies":"Nemesis","floor":48,"turns":7},{"damage":11,"enemies":"Spire Growth","floor":49,"turns":4},{"damage":2,"enemies":"downfall:Ironclad","floor":50,"turns":12},{"damage":70,"enemies":"downfall:CharBossMerchant","floor":52,"turns":8},{"damage":7,"enemies":"downfall:NeowBoss","floor":55,"turns":17}],"seed_played":"5611743219230142044","potions_obtained":[{"floor":2.0,"key":"AttackPotion"},{"floor":4.0,"key":"Explosive Potion"},{"floor":5.0,"key":"hexamod:EctoCoolerPotion"},{"floor":12.0,"key":"Strength Potion"},{"floor":15.0,"key":"PowerPotion"},{"floor":16.0,"key":"Block Potion"},{"floor":19.0,"key":"PowerPotion"},{"floor":22.0,"key":"hexamod:InfernoChargePotion"},{"floor":25.0,"key":"Fire Potion"},{"floor":30.0,"key":"CultistPotion"},{"floor":43.0,"key":"BlessingOfTheForge"},{"floor":48,"key":"Strength Potion"},{"floor":49,"key":"Regen Potion"}],"is_trial":false,"path_per_floor":["R","M","?","M","M","R","T","?","E","R","?","E","$","M","M","B",null,"R","M","M","?","M","?","T","M","R","M","?","E","?","$","M","B",null,"R","M","M","$","M","R","T","?","M","R","M","M","M","E","M","B",null,"E","$","R","B",null],"character_chosen":"THE_SPIRIT","items_purchased":["hexamod:StepThrough","hexamod:InspiringFlames","hexamod:FirstSeal","OrangePellets","SpeedPotion","expansioncontent:CaCaw","Mayhem","CultistPotion"],"campfire_rested":1,"item_purchase_floors":[13,13,13,13,13,38,53,53],"current_hp_per_floor":[57,55,60,60,60,60,60,39,38,38,28,28,28,28,35,62,62,62,62,62,62,62,62,62,51,51,44,44,40,40,44,51,62,62,62,62,50,48,53,63,63,63,56,56,63,57,64,55,51,72,72,9,9,30,55],"gold":43,"neow_bonus":"TWO_FIFTY_GOLD","is_daily":false,"chose_seed":false,"campfire_upgraded":7,"win_rate":0.0,"timestamp":1609703293,"path_taken":["R","M","?","M","M","R","T","?","E","R","?","E","$","M","M","BOSS","R","M","M","?","M","?","T","M","R","?","?","E","?","$","M","BOSS","R","M","M","$","M","R","T","?","?","R","M","M","M","E","M","BOSS","E","$","R","BOSS"],"items_purchased_type":["Card","Card","Card","Relic","Potion","Card","Card","Potion"],"build_version":"2020-12-22","purchased_purges":3,"victory":true,"max_hp_per_floor":[57,57,62,62,62,62,62,62,62,62,62,62,62,62,62,62,62,62,62,62,62,62,62,62,62,62,62,62,62,62,62,62,62,62,62,62,62,62,62,72,72,72,72,72,72,72,72,72,72,72,72,72,72,72,72],"relic_stats":{"OrangePellets":[15],"Centennial Puzzle":[21],"counters":[32,175],"Pantograph":82,"Pen Nib":[44],"obtain_stats":[{"downfall:ShatteredFragment":8,"downfall:HeartBlessingRed":44,"downfall:HeartBlessingGreen":40,"Pen Nib":12,"Odd Mushroom":11,"Akabeko":52,"WarpedTongs":23,"OrangePellets":13,"Centennial Puzzle":41,"downfall:HeartBlessingBlue":40,"Pantograph":9,"Philosopher\u0027s Stone":34,"Bag of Marbles":48,"hexamod:BolsterEngine":24,"Toxic Egg 2":29,"hexamod:SpiritBrand":0,"hexamod:IceCube":17},{"downfall:ShatteredFragment":3,"downfall:HeartBlessingRed":24,"downfall:HeartBlessingGreen":23,"Pen Nib":6,"Odd Mushroom":5,"Akabeko":31,"WarpedTongs":13,"OrangePellets":7,"Centennial Puzzle":23,"downfall:HeartBlessingBlue":23,"Pantograph":4,"Philosopher\u0027s Stone":19,"Bag of Marbles":28,"hexamod:BolsterEngine":13,"Toxic Egg 2":16,"hexamod:SpiritBrand":0,"hexamod:IceCube":10},{"downfall:ShatteredFragment":10,"downfall:HeartBlessingRed":111,"downfall:HeartBlessingGreen":105,"Pen Nib":24,"Odd Mushroom":19,"Akabeko":158,"WarpedTongs":57,"OrangePellets":28,"Centennial Puzzle":105,"downfall:HeartBlessingBlue":105,"Pantograph":15,"Philosopher\u0027s Stone":90,"Bag of Marbles":134,"hexamod:BolsterEngine":57,"Toxic Egg 2":72,"hexamod:SpiritBrand":0,"hexamod:IceCube":45}],"WarpedTongs":[118]},"card_choices":[{"not_picked":["hexamod:BurningTouch","hexamod:HauntingEcho"],"picked":"hexamod:SkipABeat","floor":2.0},{"not_picked":["hexamod:SecondSeal","hexamod:Haunt"],"picked":"hexamod:HeatMetal","floor":4.0},{"not_picked":["hexamod:GhostShield","hexamod:GhostOfSpireFuture"],"picked":"hexamod:PhantomFireball","floor":5.0},{"not_picked":["hexamod:SwordOfDarkness","hexamod:RainOfEmbers"],"picked":"hexamod:Hexaguard","floor":9.0},{"not_picked":["hexamod:SkipABeat","hexamod:Incineration"],"picked":"hexamod:StepThrough","floor":11.0},{"not_picked":["hexamod:GhostShield","hexamod:HeatShield","hexamod:ApocalypticArmor"],"picked":"SKIP","floor":12.0},{"not_picked":["hexamod:ThermalTransfer","hexamod:Hexaguard","hexamod:HauntingEcho"],"picked":"SKIP","floor":13.0},{"not_picked":["hexamod:SpectralSpark","hexamod:InspiringFlames","hexamod:NightmareStrike"],"picked":"SKIP","floor":14.0},{"not_picked":["hexamod:PhantomCloak","hexamod:SpectersWail"],"picked":"hexamod:NightmareGuise","floor":15.0},{"not_picked":["hexamod:ParanormalForm","hexamod:UnleashSpirits"],"picked":"hexamod:GhostflameInferno","floor":16.0},{"not_picked":["hexamod:SecondSeal","hexamod:SwordOfDarkness","hexamod:NightmareStrike"],"picked":"SKIP","floor":19.0},{"not_picked":["hexamod:Haunt","hexamod:ThermalTransfer"],"picked":"hexamod:Hexaguard+1","floor":20.0},{"not_picked":["hexamod:SwordOfDarkness+1","hexamod:FirstSeal"],"picked":"hexamod:HauntingEcho+1","floor":22.0},{"not_picked":["hexamod:RainOfEmbers","hexamod:BacktrackSmack"],"picked":"hexamod:SwordOfDarkness+1","floor":25.0},{"not_picked":["hexamod:Firestarter","hexamod:AdvancingGuard"],"picked":"hexamod:ThermalTransfer","floor":27.0},{"not_picked":["hexamod:Incineration","hexamod:ApocalypticArmor"],"picked":"hexamod:FastForward+1","floor":29.0},{"not_picked":["hexamod:NightmareStrike","hexamod:BacktrackSmack","hexamod:BurningTouch+1"],"picked":"SKIP","floor":31.0},{"not_picked":["hexamod:InspiringFlames+1","hexamod:NightmareGuise+1"],"picked":"hexamod:RecurringNightmare+1","floor":32.0},{"not_picked":["hexamod:ApocalypticArmor","hexamod:GhostflameInferno+1"],"picked":"hexamod:TimeWarp","floor":33.0},{"not_picked":["hexamod:HauntingEcho","hexamod:SpectersWail","hexamod:ChargedBarrage+1"],"picked":"SKIP","floor":36.0},{"not_picked":["hexamod:NightmareGuise+1","hexamod:Hexaguard+1","hexamod:SecondSeal"],"picked":"SKIP","floor":37.0},{"not_picked":["hexamod:ChargedBarrage+1","hexamod:SearingWound+1","hexamod:Firestarter"],"picked":"SKIP","floor":38.0},{"not_picked":["hexamod:NightmareStrike","hexamod:HeatCrush+1"],"picked":"hexamod:AdvancingGuard+1","floor":39.0},{"not_picked":["hexamod:DynamicBlow","hexamod:HauntingEcho"],"picked":"hexamod:GhostShield+1","floor":43.0},{"not_picked":["hexamod:InspiringFlames+1","hexamod:BacktrackSmack"],"picked":"hexamod:GhostShield+1","floor":45},{"not_picked":["hexamod:SwordOfDarkness","hexamod:ParanormalForm","hexamod:AdvancingGuard+1"],"picked":"SKIP","floor":46},{"not_picked":["hexamod:NightmareGuise+1","hexamod:EtherealExpedition+1"],"picked":"hexamod:ThermalTransfer+1","floor":47},{"not_picked":["hexamod:FastForward+1","hexamod:PhantomFireball","hexamod:Hexaguard+1"],"picked":"SKIP","floor":48},{"not_picked":["hexamod:GhostLash+1","hexamod:InspiringFlames+1","hexamod:AdvancingGuard+1"],"picked":"SKIP","floor":49},{"not_picked":["hexamod:SkipABeat+1","hexamod:Hexaguard+1","hexamod:RadiantFlame"],"picked":"SKIP","floor":52}],"player_experience":2821243,"relics_obtained":[{"floor":9.0,"key":"Pantograph"},{"floor":11.0,"key":"Odd Mushroom"},{"floor":12.0,"key":"Pen Nib"},{"floor":24.0,"key":"hexamod:BolsterEngine"},{"floor":29.0,"key":"Toxic Egg 2"},{"floor":41.0,"key":"Centennial Puzzle"},{"floor":48,"key":"Bag of Marbles"},{"floor":52,"key":"Akabeko"}],"event_choices":[{"damage_healed":0.0,"max_hp_gain":5.0,"max_hp_loss":0.0,"gold_gain":0.0,"event_name":"Big Fish","player_choice":"Donut","floor":3.0,"gold_loss":0.0,"damage_taken":0.0},{"damage_healed":0.0,"max_hp_gain":0.0,"max_hp_loss":0.0,"gold_gain":0.0,"event_name":"Mushrooms","player_choice":"Fought Mushrooms","floor":11.0,"gold_loss":0.0,"damage_taken":0.0},{"cards_removed":["hexamod:Defend"],"damage_healed":0.0,"max_hp_gain":0.0,"max_hp_loss":0.0,"gold_gain":0.0,"event_name":"Back to Basics","player_choice":"Elegance","floor":21.0,"gold_loss":0.0,"damage_taken":0.0},{"damage_healed":0.0,"max_hp_gain":0.0,"max_hp_loss":0.0,"gold_gain":0.0,"event_name":"Accursed Blacksmith","player_choice":"Rummage","floor":23.0,"gold_loss":0.0,"damage_taken":0.0,"relics_obtained":["WarpedTongs"],"cards_obtained":["Pain"]},{"cards_removed":["hexamod:Strike"],"damage_healed":0.0,"max_hp_gain":0.0,"max_hp_loss":0.0,"gold_gain":0.0,"event_name":"Purifier","player_choice":"Purged","floor":42.0,"gold_loss":0.0,"damage_taken":0.0}],"is_beta":false,"boss_relics":[{"not_picked":["Sozu","expansioncontent:StudyCardRelic"],"picked":"hexamod:IceCube"},{"not_picked":["Calling Bell","Empty Cage"],"picked":"Philosopher\u0027s Stone"}],"items_purged_floors":[13,31,38],"is_endless":false,"potions_floor_spawned":[2,4,5,12,15,16,19,22,25,36,43,48,49],"ascension_level":20}}