{"host":"6999i8eg5ewbhdiq","time":1609680435,"event":{"mods":["AchievementEnabler","BaseMod","Colored Map","Colored Powertips","Highlight Path","Minty Spire (QoL Compilation)"],"gold_per_floor":[118,118,8,19,29,29,59,59,135,165,165,175,75,88,88,191,191,207,221,221,76,175,201,201,234,234,234,246,246,257,22,22,122,122,140,153,28,40,40,40,65,65,119,129,146,146,164,179,179,179],"floor_reached":51,"playtime":2445,"items_purged":["Pain","Strike_B","Defend_B"],"score":854,"play_id":"7d433cb0-a105-48de-b263-df0d5490c616","local_time":"20210103142715","is_ascension_mode":true,"campfire_choices":[{"data":"Dualcast","floor":6.0,"key":"SMITH"},{"data":"Ball Lightning","floor":8.0,"key":"SMITH"},{"data":"Darkness","floor":11.0,"key":"SMITH"},{"floor":15.0,"key":"REST"},{"floor":24.0,"key":"REST"},{"floor":27.0,"key":"REST"},{"floor":32.0,"key":"REST"},{"floor":40.0,"key":"REST"},{"data":"Storm","floor":42,"key":"SMITH"},{"floor":46,"key":"REST"},{"floor":49,"key":"REST"}],"circlet_count":0,"master_deck":["Defend_B","Defend_B","Defend_B","Zap+1","Dualcast+1","Ball Lightning+1","Capacitor","Darkness+1","Ball Lightning","Biased Cognition+1","Tempest+1","Hologram+1","Defragment+1","Ball Lightning","Defragment+1","Double Energy+1","Lockon+1","Amplify","Storm+1","Electrodynamics","Hologram+1","Redo+1","Ball Lightning+1"],"relics":["Cracked Core","WarpedTongs","Orichalcum","Cables","Pen Nib","Astrolabe","DollysMirror","Girya","Regal Pillow","Juzu Bracelet","Symbiotic Virus","Runic Pyramid","Turnip","Nunchaku"],"acts_visited":["Exordium","TheCity","TheBeyond"],"potions_floor_usage":[44,50,50],"damage_taken":[{"damage":0.0,"enemies":"2 Louse","floor":1.0,"turns":2.0},{"damage":0.0,"enemies":"Cultist","floor":4.0,"turns":3.0},{"damage":0.0,"enemies":"Jaw Worm","floor":5.0,"turns":2.0},{"damage":12.0,"enemies":"3 Sentries","floor":7.0,"turns":7.0},{"damage":10.0,"enemies":"Gremlin Nob","floor":10.0,"turns":3.0},{"damage":2.0,"enemies":"Gremlin Gang","floor":12.0,"turns":3.0},{"damage":16.0,"enemies":"3 Louse","floor":14.0,"turns":2.0},{"damage":21.0,"enemies":"Hexaghost","floor":16.0,"turns":6.0},{"damage":17.0,"enemies":"3 Byrds","floor":18.0,"turns":3.0},{"damage":0.0,"enemies":"Spheric Guardian","floor":19.0,"turns":2.0},{"damage":36.0,"enemies":"Gremlin Leader","floor":23.0,"turns":5.0},{"damage":28.0,"enemies":"Book of Stabbing","floor":25.0,"turns":4.0},{"damage":4.0,"enemies":"Cultist and Chosen","floor":28.0,"turns":4.0},{"damage":15.0,"enemies":"Shelled Parasite and Fungi","floor":30.0,"turns":2.0},{"damage":32.0,"enemies":"Automaton","floor":33.0,"turns":6.0},{"damage":16.0,"enemies":"3 Shapes","floor":35.0,"turns":2.0},{"damage":10.0,"enemies":"3 Darklings","floor":36.0,"turns":2.0},{"damage":22.0,"enemies":"Jaw Worm Horde","floor":38.0,"turns":2.0},{"damage":8,"enemies":"Giant Head","floor":41,"turns":5},{"damage":8,"enemies":"Sphere and 2 Shapes","floor":44,"turns":2},{"damage":4,"enemies":"Transient","floor":45,"turns":5},{"damage":0,"enemies":"Jaw Worm Horde","floor":47,"turns":1},{"damage":25,"enemies":"Maw","floor":48,"turns":5},{"damage":50,"enemies":"Time Eater","floor":50,"turns":5}],"seed_played":"-6888128257948499868","potions_obtained":[{"floor":4.0,"key":"PowerPotion"},{"floor":5.0,"key":"GamblersBrew"},{"floor":7.0,"key":"DuplicationPotion"},{"floor":14.0,"key":"AttackPotion"},{"floor":18.0,"key":"BlessingOfTheForge"},{"floor":33.0,"key":"Swift Potion"},{"floor":36.0,"key":"Swift Potion"},{"floor":47,"key":"FearPotion"},{"floor":48,"key":"Block Potion"}],"is_trial":false,"path_per_floor":["M","?","$","M","M","R","E","R","T","E","R","M","$","M","R","B",null,"M","M","?","$","?","E","R","E","T","R","M","T","M","$","R","B",null,"M","M","$","M","?","R","E","R","T","M","M","R","M","M","R","B",null],"character_chosen":"DEFECT","items_purchased":["Capacitor","DollysMirror","Amplify","Storm"],"campfire_rested":7,"item_purchase_floors":[3,21,31,31],"current_hp_per_floor":[75,75,75,75,75,75,63,63,63,53,53,51,51,35,57,36,75,58,58,58,58,58,22,44,16,16,53,49,49,34,34,71,39,75,59,49,49,27,27,64,56,56,56,48,44,75,75,50,75,25],"gold":179,"neow_bonus":"UPGRADE_CARD","is_daily":false,"chose_seed":false,"campfire_upgraded":4,"win_rate":0.0,"timestamp":1609680435,"path_taken":["M","?","$","M","M","R","E","R","T","E","R","M","$","?","R","BOSS","M","?","?","?","?","E","R","E","T","R","M","?","M","$","R","BOSS","M","M","?","M","?","R","E","R","T","M","M","R","M","M","R","BOSS"],"items_purchased_type":["Card","Relic","Card","Card"],"build_version":"2020-12-22","purchased_purges":3,"victory":true,"max_hp_per_floor":[75,75,75,75,75,75,75,75,75,75,75,75,75,75,75,75,75,75,75,75,75,75,75,75,75,75,75,75,75,75,75,75,75,75,75,75,75,75,75,75,75,75,75,75,75,75,75,75,75,75],"card_choices":[{"not_picked":["Rebound","Sweeping Beam"],"picked":"Ball Lightning","floor":1.0},{"not_picked":["Streamline","Sweeping Beam","White Noise"],"picked":"SKIP","floor":4.0},{"not_picked":["White Noise","Cold Snap","Hologram"],"picked":"SKIP","floor":5.0},{"not_picked":["Leap","Buffer"],"picked":"Darkness","floor":7.0},{"not_picked":["Rebound","Storm"],"picked":"Ball Lightning","floor":10.0},{"not_picked":["Gash","Conserve Battery","Coolheaded"],"picked":"SKIP","floor":12.0},{"not_picked":["Force Field","Double Energy","Sweeping Beam"],"picked":"SKIP","floor":14.0},{"not_picked":["All For One","Machine Learning"],"picked":"Biased Cognition","floor":16.0},{"not_picked":["Streamline","Barrage"],"picked":"Ball Lightning","floor":18.0},{"not_picked":["Compile Driver","Skim+1","Leap+1"],"picked":"SKIP","floor":19.0},{"not_picked":["Rebound","Sweeping Beam"],"picked":"Double Energy+1","floor":23.0},{"not_picked":["Aggregate","Conserve Battery"],"picked":"Lockon+1","floor":25.0},{"not_picked":["Barrage","Redo","Sweeping Beam+1"],"picked":"SKIP","floor":28.0},{"not_picked":["Melter","Stack","Redo"],"picked":"SKIP","floor":30.0},{"not_picked":["Seek","Hyperbeam"],"picked":"Electrodynamics","floor":33.0},{"not_picked":["Coolheaded+1","Tempest+1"],"picked":"Hologram+1","floor":35.0},{"not_picked":["Beam Cell","Conserve Battery+1","Coolheaded"],"picked":"SKIP","floor":36.0},{"not_picked":["Loop","Scrape","Stack+1"],"picked":"SKIP","floor":38.0},{"not_picked":["Hyperbeam","Cold Snap"],"picked":"Redo+1","floor":41},{"not_picked":["Streamline+1","Lockon","Conserve Battery+1"],"picked":"SKIP","floor":44},{"not_picked":["Beam Cell+1","Sweeping Beam","Go for the Eyes"],"picked":"SKIP","floor":45},{"not_picked":["Gash","Fission"],"picked":"Ball Lightning+1","floor":47},{"not_picked":["Leap+1","Darkness","Capacitor"],"picked":"SKIP","floor":48}],"player_experience":119080,"relics_obtained":[{"floor":7.0,"key":"Orichalcum"},{"floor":9.0,"key":"Cables"},{"floor":10.0,"key":"Pen Nib"},{"floor":23.0,"key":"Girya"},{"floor":25.0,"key":"Regal Pillow"},{"floor":26.0,"key":"Juzu Bracelet"},{"floor":29.0,"key":"Symbiotic Virus"},{"floor":41,"key":"Turnip"},{"floor":43,"key":"Nunchaku"}],"event_choices":[{"damage_healed":0.0,"max_hp_gain":0.0,"max_hp_loss":0.0,"gold_gain":0.0,"event_name":"Accursed Blacksmith","player_choice":"Rummage","floor":2.0,"gold_loss":0.0,"damage_taken":0.0,"relics_obtained":["WarpedTongs"],"cards_obtained":["Pain"]},{"damage_healed":0.0,"max_hp_gain":0.0,"max_hp_loss":0.0,"gold_gain":0.0,"event_name":"Upgrade Shrine","player_choice":"Upgraded","floor":20.0,"gold_loss":0.0,"damage_taken":0.0,"cards_upgraded":["Biased Cognition"]},{"damage_healed":0.0,"max_hp_gain":0.0,"max_hp_loss":0.0,"gold_gain":99.0,"event_name":"Nest","player_choice":"Stole From Cult","floor":22.0,"gold_loss":0.0,"damage_taken":0.0},{"damage_healed":0.0,"max_hp_gain":0.0,"max_hp_loss":0.0,"gold_gain":0.0,"event_name":"Mysterious Sphere","player_choice":"Ignored","floor":39.0,"gold_loss":0.0,"damage_taken":0.0}],"is_beta":false,"boss_relics":[{"not_picked":["SacredBark","Ectoplasm"],"picked":"Astrolabe"},{"not_picked":["Tiny House","Pandora\u0027s Box"],"picked":"Runic Pyramid"}],"items_purged_floors":[3,13,37],"is_endless":false,"potions_floor_spawned":[4,5,7,14,18,33,36,47,48],"ascension_level":3}}