{"host":"y9jgkjnf95sujozk","time":1609682722,"event":{"mods":["2.2 Compatiblity","AchievementEnabler","Act Like it!","BaseMod","Block Reminder","Colored Map","Colored Powertips","Decade(王小明)","Downfall","Friendly Minions","Gensokyo","GifTheSpireLib","Hallownest","Hermit","Highlight Path","HololiveMod","Infinite Spire","Jorbs\u0027s Wanderer Trilogy","Marisa（霧雨　魔理沙）","Minty Spire (QoL Compilation)","Random Character Button","Rare Cards Sparkle","Remilia（蕾米莉?）","Replay The Spire","Shop Mod","StSLib","SuperFastMode","The Animator","The Bug Knight","The Cursed","The Hierophant","The Jungle","The Senshi","The Servant 0.9.4"],"gold_per_floor":[112,132,132,144,155,155,175,186,232,247,6,6,6,56,56,153,153,163,163,182,212,281,331,331,45,69,94,112,208,226,238,238,343,343,357,417,30,30,30],"floor_reached":38,"playtime":1238,"items_purged":[],"score":490,"play_id":"307566e3-d620-4463-8889-4f35ca9502b8","local_time":"20210103150522","is_ascension_mode":false,"campfire_choices":[{"floor":6,"key":"REST"},{"floor":13,"key":"REST"},{"floor":15,"key":"REST"},{"floor":24,"key":"REST"},{"floor":32,"key":"REST"}],"circlet_count":0,"master_deck":["Strike_B","Strike_B","Strike_B","Strike_B","Defend_B","Defend_B","Defend_B","Defend_B","Zap","Dualcast","Scrape","Coolheaded","Compile Driver","Leap","Panic Button","Compile Driver","White Noise","Steam","expansioncontent:AwakenDeath","Amplify","Reinforced Body","Gash","infinitespire:Collect","ReplayTheSpireMod:Chaos Vortex","Panic Button+1","Storm+1","ReplayTheSpireMod:Repulse","Core Surge","Gash","Turbo","Turbo","Jack Of All Trades","Go for the Eyes+1","Panic Button","Gash","Crystallizer","Beam Cell","Panic Button","Gash","Go for the Eyes","Meteor Strike","Reinforced Body+1","Panic Button+1","Buffer","Hologram+1","Secret Weapon","Replay:SS_forest_5","Midas Touch","Swift Strike","Poisoned Strike"],"relics":["Cracked Core","SsserpentHead","ScarletDevilRocket","Runic Capacitor","Prayer Wheel","Philosopher\u0027s Stone","Bottled Flame","infinitespire:ShieldingShard","BargainBundle","Orichalcum","Replay:Mystery Machine","Letter Opener","ReplayTheSpireMod:DimensionalGlitch","ReplayTheSpireMod:ShopPack"],"acts_visited":["Exordium","TheCity","TheCity"],"potions_floor_usage":[16,16,27,27,27,30,33,33],"damage_taken":[{"damage":1,"enemies":"Jaw Worm","floor":1,"turns":4},{"damage":0,"enemies":"Cultist","floor":2,"turns":4},{"damage":6,"enemies":"2 Louse","floor":4,"turns":2},{"damage":12,"enemies":"Exordium Thugs","floor":5,"turns":6},{"damage":0,"enemies":"2 Fungi Beasts","floor":7,"turns":3},{"damage":14,"enemies":"Blue Slaver","floor":8,"turns":3},{"damage":22,"enemies":"Gremlin Gang","floor":10,"turns":8},{"damage":37,"enemies":"The Guardian","floor":16,"turns":17},{"damage":49,"enemies":"3 Byrds","floor":18,"turns":6},{"damage":1,"enemies":"Spheric Guardian","floor":20,"turns":5},{"damage":0,"enemies":"Centurion and Healer","floor":22,"turns":7},{"damage":7,"enemies":"Book of Stabbing","floor":27,"turns":5},{"damage":10,"enemies":"3 Cultists","floor":28,"turns":5},{"damage":19,"enemies":"Shelled Parasite and Fungi","floor":30,"turns":5},{"damage":5,"enemies":"Snake Plant","floor":31,"turns":4},{"damage":17,"enemies":"Automaton","floor":33,"turns":12},{"damage":0,"enemies":"Gensokyo:AncientGuardian","floor":35,"turns":5},{"damage":18,"enemies":"Gensokyo:3_Boulders","floor":36,"turns":7},{"damage":68,"enemies":"Gensokyo:4_Bats","floor":38,"turns":3}],"seed_played":"-4139916400161637374","potions_obtained":[{"floor":0,"key":"Guardian:BlockOnCardUsePotion"},{"floor":0,"key":"AttackPotion"},{"floor":0,"key":"Ancient Potion"},{"floor":16,"key":"Weak Potion"},{"floor":21,"key":"LiquidMemories"},{"floor":29,"key":"EssenceOfSteel"},{"floor":30,"key":"Guardian:BlockOnCardUsePotion"},{"floor":31,"key":"Elixir"},{"floor":35,"key":"SpeedPotion"},{"floor":36,"key":"sneckomod:MuddlingPotion"}],"is_trial":false,"path_per_floor":["M","M","?","M","M","R","M","M","T","M","$","$","R","T","R","B",null,"M","AVR","M","?","M","T","R","$","T","E","M","?","M","M","R","B",null,"M","M","$","M"],"character_chosen":"DEFECT","items_purchased":["Steam","Runic Capacitor","expansioncontent:AwakenDeath","Gash","Turbo","BargainBundle","Jack Of All Trades","ReplayTheSpireMod:ShopPack","Secret Weapon","Replay:SS_forest_5"],"campfire_rested":5,"item_purchase_floors":[11,11,11,25,25,25,25,37,37,37],"current_hp_per_floor":[74,74,74,68,56,75,75,61,61,39,39,39,61,61,75,38,75,26,26,25,25,25,25,47,47,47,40,30,30,11,6,28,11,75,75,57,57,0,0],"gold":30,"neow_bonus":"THREE_SMALL_POTIONS","is_daily":false,"chose_seed":false,"campfire_upgraded":0,"win_rate":0.0,"timestamp":1609682722,"path_taken":["M","M","?","M","M","R","M","M","T","M","?","$","R","?","R","BOSS","M","AVR","M","?","?","?","R","$","T","E","M","?","M","M","R","BOSS","M","?","$","M"],"items_purchased_type":["Card","Relic","Card","Card","Card","Relic","Card","Relic","Card","Card"],"build_version":"2020-12-22","purchased_purges":0,"victory":false,"max_hp_per_floor":[75,75,75,75,75,75,75,75,75,75,75,75,75,75,75,75,75,75,75,75,75,75,75,75,75,75,75,75,75,75,75,75,75,75,75,75,75,75,75],"card_choices":[{"not_picked":["Turbo","Sweeping Beam"],"picked":"Scrape","floor":1},{"not_picked":["Hologram","Static Discharge"],"picked":"Coolheaded","floor":2},{"not_picked":["Stack","Hologram"],"picked":"Compile Driver","floor":4},{"not_picked":["Stack","Cold Snap"],"picked":"Leap","floor":5},{"not_picked":["Rebound","Glacier"],"picked":"Panic Button","floor":7},{"not_picked":["White Noise","ReplaySolidLightProjector"],"picked":"Compile Driver","floor":8},{"not_picked":["Auto Shields","ReplayTheSpireMod:Omega Cannon"],"picked":"White Noise","floor":10},{"not_picked":["Electrodynamics","ReplayTheSpireMod:Fabricate Wheel"],"picked":"Amplify","floor":16},{"not_picked":["Sweeping Beam","Barrage"],"picked":"Reinforced Body","floor":18},{"not_picked":["Undo+1","FIFO Queue"],"picked":"Gash","floor":18},{"not_picked":["Hologram+1","Capacitor"],"picked":"Panic Button+1","floor":20},{"not_picked":["Skim","Hologram+1"],"picked":"Storm+1","floor":20},{"not_picked":["Rebound","Ball Lightning"],"picked":"ReplayTheSpireMod:Repulse","floor":22},{"not_picked":["Stack","Tempest"],"picked":"Core Surge","floor":22},{"not_picked":["Rebound+1","FIFO Queue"],"picked":"Go for the Eyes+1","floor":27},{"not_picked":["BasicCrystalCard+1","Go for the Eyes"],"picked":"Panic Button","floor":28},{"not_picked":["Hologram+1","Coolheaded+1"],"picked":"Gash","floor":28},{"not_picked":["Sweeping Beam","Melter+1"],"picked":"Crystallizer","floor":29},{"not_picked":["Cold Snap","Undo"],"picked":"Beam Cell","floor":30},{"not_picked":["Amplify","FTL"],"picked":"Panic Button","floor":30},{"not_picked":["Sunder","Hologram+1"],"picked":"Gash","floor":31},{"not_picked":["Reprogram","Self Repair+1"],"picked":"Go for the Eyes","floor":31},{"not_picked":["Thunder Strike","ReplayTheSpireMod:Omega Cannon"],"picked":"Meteor Strike","floor":33},{"not_picked":["Ball Lightning","Cold Snap"],"picked":"Reinforced Body+1","floor":35},{"not_picked":["Storm","Turbo+1"],"picked":"Panic Button+1","floor":35},{"not_picked":["Static Discharge+1","Ball Lightning+1"],"picked":"Buffer","floor":36},{"not_picked":["Streamline","Force Field"],"picked":"Hologram+1","floor":36},{"not_picked":["expansioncontent:StudyTheSpire","expansioncontent:QuickStudy"],"picked":"Midas Touch","floor":37},{"not_picked":["Replay:Sssssssssshield","Replay:SS_fish_3"],"picked":"Swift Strike","floor":37},{"not_picked":["expansioncontent:Sear","PanicButton"],"picked":"Poisoned Strike","floor":37}],"player_experience":133046,"relics_obtained":[{"floor":9,"key":"ScarletDevilRocket"},{"floor":14,"key":"Prayer Wheel"},{"floor":23,"key":"infinitespire:ShieldingShard"},{"floor":26,"key":"Orichalcum"},{"floor":27,"key":"Replay:Mystery Machine"},{"floor":29,"key":"Letter Opener"}],"event_choices":[{"damage_healed":0,"gold_gain":0,"player_choice":"Trade","damage_taken":0,"relics_obtained":["SsserpentHead"],"max_hp_gain":0,"max_hp_loss":0,"event_name":"FaceTrader","floor":3,"gold_loss":0},{"damage_healed":0,"gold_gain":0,"player_choice":"Bought 1 Potion","damage_taken":0,"max_hp_gain":0,"max_hp_loss":0,"event_name":"The Woman in Blue","floor":21,"gold_loss":0}],"is_beta":false,"boss_relics":[{"not_picked":["Cursed Key","ReplayTheSpireMod:SealedPack"],"picked":"Philosopher\u0027s Stone"},{"not_picked":["Runic Pyramid","Velvet Choker"],"picked":"ReplayTheSpireMod:DimensionalGlitch"}],"items_purged_floors":[],"is_endless":false,"potions_floor_spawned":[4,7,16,22,30,31,35,36],"killed_by":"Gensokyo:4_Bats","ascension_level":0}}