{"host":"j5gdvqtwmxqn6tw6","time":1609704121,"event":{"mods":["BaseMod","Colored Map","Colored Powertips","Downfall","Hermit","Marisa????????","Minty Spire (QoL Compilation)","Replay The Spire","StSLib","SuperFastMode","The Servant 0.9.4"],"gold_per_floor":[115,115,115,115,128,156,156,169,469,250,282,28,28,45,45,45,45],"floor_reached":16,"playtime":321,"items_purged":["Strike_B","Defend_B"],"score":108,"play_id":"a692577c-b0f8-48e0-b78c-548b16899889","local_time":"20210103210201","is_ascension_mode":false,"campfire_choices":[{"data":"Loop","floor":7,"key":"SMITH"},{"data":"Limit Break","floor":13,"key":"SMITH"},{"data":"Bash","floor":15,"key":"SMITH"}],"circlet_count":0,"master_deck":["Strike_B","Strike_B","Strike_B+1","Defend_B","Defend_B","Defend_B+1","Zap","Coolheaded+1","Bash+1","Loop+1","Limit Break+1"],"relics":["Iron Core","FossilizedHelix","Old Coin","Vajra","Juzu Bracelet","PreservedInsect"],"acts_visited":["Exordium"],"potions_floor_usage":[6,6],"damage_taken":[{"damage":6,"enemies":"Jaw Worm","floor":1,"turns":4},{"damage":10,"enemies":"Small Slimes","floor":5,"turns":3},{"damage":13,"enemies":"Gremlin Nob","floor":6,"turns":3},{"damage":0,"enemies":"Cultist","floor":8,"turns":2},{"damage":17,"enemies":"Lagavulin","floor":11,"turns":8},{"damage":0,"enemies":"2 Fungi Beasts","floor":14,"turns":3},{"damage":24,"enemies":"Slime Boss","floor":16,"turns":9}],"seed_played":"2170090224411077213","potions_obtained":[{"floor":1,"key":"Adrenaline Potion"},{"floor":5,"key":"champ:CounterPotion"},{"floor":14,"key":"Elixir"}],"is_trial":false,"path_per_floor":["M","?","?","?","M","E","R","M","T","$","E","$","R","M","R","B"],"character_chosen":"DEFECT","items_purchased":["Vajra","PreservedInsect"],"campfire_rested":0,"item_purchase_floors":[10,12],"current_hp_per_floor":[76,76,76,60,50,37,37,37,37,37,20,20,20,20,20,0,0],"gold":45,"neow_bonus":"TEN_PERCENT_HP_BONUS","is_daily":false,"chose_seed":false,"campfire_upgraded":3,"win_rate":0.0,"timestamp":1609704121,"path_taken":["M","?","?","?","?","E","R","M","T","$","E","?","R","M","R","BOSS"],"items_purchased_type":["Relic","Relic"],"build_version":"2020-12-22","purchased_purges":2,"victory":false,"max_hp_per_floor":[82,82,82,82,82,82,82,82,82,82,82,82,82,82,82,82,82],"card_choices":[{"not_picked":["Storm","Steam"],"picked":"Coolheaded","floor":1},{"not_picked":["Steam","Warcry","Turbo"],"picked":"SKIP","floor":5},{"not_picked":["Machine Learning","Whirlwind"],"picked":"Loop","floor":6},{"not_picked":["ReplayGash","Headbutt","Warcry"],"picked":"SKIP","floor":8},{"not_picked":["Recycle","Ball Lightning"],"picked":"Limit Break","floor":11},{"not_picked":["Body Slam","Clash","Ball Lightning"],"picked":"SKIP","floor":14}],"player_experience":81254,"relics_obtained":[{"floor":6,"key":"FossilizedHelix"},{"floor":9,"key":"Old Coin"},{"floor":11,"key":"Juzu Bracelet"}],"event_choices":[{"damage_healed":0,"gold_gain":0,"player_choice":"Grow","damage_taken":0,"max_hp_gain":0,"max_hp_loss":0,"event_name":"Living Wall","floor":2,"gold_loss":0,"cards_upgraded":["Coolheaded"]},{"damage_healed":0,"gold_gain":0,"player_choice":"Entered Light","damage_taken":16,"max_hp_gain":0,"max_hp_loss":0,"event_name":"Shining Light","floor":4,"gold_loss":0,"cards_upgraded":["Strike_B","Defend_B"]}],"is_beta":false,"boss_relics":[],"items_purged_floors":[10,12],"is_endless":false,"potions_floor_spawned":[1,5,14],"killed_by":"Slime Boss","ascension_level":0}}