{"host":"Lado","time":1609686535,"event":{"mods":["Aspiration","BaseMod","Better Third Choice","BetterRewards","Card Forge","Conspire","Custom Start","Downfall","FutureSeer","Hero for Fun","Hubris","Infinite Spire","Mad Scientist","Marisa????????","Minty Spire (QoL Compilation)","Quick Restart","READ ME - Guardian Mod","Replay The Spire","Spicy Shops","StSLib","Td1madao Mod","The Administrix","The Animator","The Blackbeard","The Bladedancer","The Bug Knight","The Construct","The Cursed","The Disciple","The Gatherer","The Hierophant","The Jungle","The Marked","The Mystic","The Necromancer","The Sage","The Servant 0.9.4","The Valiant"],"gold_per_floor":[110,110,126,197,211,246,265,290,290,339,339,305,153,153,153,254,254,265,265,265,284,294,323,323,356,436,456,456,456,476,806,806,903,903,916,916,936,954,1054,1054,1071,1106,1106,1116,1116,1016,1066,1084,1084,1185,1185,1195,1195,1195,1195,1257,1287,1287,1287],"floor_reached":58,"playtime":1310,"items_purged":[],"score":1167,"play_id":"52435965-a439-4ac2-8cab-6b800e210c2f","local_time":"20210103160855","is_ascension_mode":false,"campfire_choices":[{"floor":24,"key":"RECALL"},{"floor":32,"key":"REST"},{"data":"infinitespire:Starlight","floor":40,"key":"SMITH"},{"floor":49,"key":"REST"},{"data":"hubris:InfiniteBlow+149","floor":58,"key":"SMITH"}],"circlet_count":0,"master_deck":["hubris:InfiniteBlow+149","hubris:InfiniteBlow+150","infinitespire:Starlight+1"],"relics":["HollowMod:VesselMask","Hammer of Thor","Seething Fire","Anvil of the Gods","NeowsBlessing","Molten Egg 2","infinitespire:Bottled Soul","ReplayTheSpireMod:TigerMarble","conspire:TopHat","DollysMirror","Cursed Key","Dream Catcher","hubris:Metronome","Mercury Hourglass","Anchor","Old Coin","Velvet Choker","conspire:BottledYoYo","Pear","construct:BoolHorns","hubris:Towel","Omamori"],"acts_visited":["Exordium","Exordium","TheBeyond","Exordium"],"potions_floor_usage":[],"damage_taken":[{"damage":0,"enemies":"Cultist","floor":1,"turns":1},{"damage":0,"enemies":"2 Louse","floor":3,"turns":1},{"damage":0,"enemies":"Jaw Worm","floor":5,"turns":1},{"damage":6,"enemies":"3 Sentries","floor":6,"turns":6},{"damage":0,"enemies":"Lots of Slimes","floor":7,"turns":1},{"damage":0,"enemies":"Lagavulin","floor":8,"turns":1},{"damage":0,"enemies":"Hexaghost","floor":16,"turns":1},{"damage":0,"enemies":"theJungle:GiantWrat","floor":18,"turns":1},{"damage":4,"enemies":"theJungle:5_Spyders","floor":21,"turns":4},{"damage":0,"enemies":"theJungle:JungleHuntersEncounter","floor":22,"turns":1},{"damage":0,"enemies":"Nightmare","floor":23,"turns":1},{"damage":0,"enemies":"theJungle:2_Phrogs","floor":25,"turns":1},{"damage":3,"enemies":"theJungle:Snecko_Cultist_And_Trap","floor":27,"turns":1},{"damage":0,"enemies":"Snake Plant","floor":30,"turns":1},{"damage":0,"enemies":"theJungle:MamaSnecko","floor":31,"turns":1},{"damage":0,"enemies":"theJungle:QueenSpyder","floor":33,"turns":1},{"damage":0,"enemies":"3 Darklings","floor":35,"turns":2},{"damage":0,"enemies":"3 Shapes","floor":37,"turns":2},{"damage":0,"enemies":"Sphere and 2 Shapes","floor":38,"turns":2},{"damage":0,"enemies":"Jaw Worm Horde","floor":41,"turns":2},{"damage":0,"enemies":"Nightmare","floor":42,"turns":1},{"damage":0,"enemies":"Writhing Mass","floor":44,"turns":1},{"damage":2,"enemies":"2 Orb Walkers","floor":47,"turns":1},{"damage":0,"enemies":"Transient","floor":48,"turns":1},{"damage":0,"enemies":"Time Eater","floor":50,"turns":1},{"damage":0,"enemies":"2 Louse","floor":52,"turns":1},{"damage":0,"enemies":"Lagavulin","floor":57,"turns":1}],"seed_played":"7746264567736156648","potions_obtained":[{"floor":1,"key":"SteroidPotion"},{"floor":3,"key":"Regen Potion"},{"floor":6,"key":"Dexterity Potion"}],"is_trial":false,"path_per_floor":["M","?","M","?","M","E","M","E","T","T","?","$","$","?","R","B",null,"M","?","$","M","M","NM","R","E","T","M","$","T","M","E","R","B",null,"M","?","M","M","?","R","M","NM","T","M","?","$","?","M","R","B",null,"M","?","$","?","?","E","R"],"character_chosen":"THE_BUGKNIGHT","items_purchased":["HollowMod:MantisMark","DollysMirror","Pear"],"campfire_rested":2,"item_purchase_floors":[12,13,46],"current_hp_per_floor":[75,75,75,75,75,75,75,75,75,75,75,75,75,75,75,75,75,75,75,75,71,71,71,71,71,71,68,68,68,68,68,75,75,75,75,75,75,75,75,75,75,75,75,75,72,82,80,85,85,85,85,85,85,85,85,85,85,85,85],"gold":1287,"neow_bonus":"THREE_ENEMY_KILL","is_daily":false,"chose_seed":false,"campfire_upgraded":2,"win_rate":0.0,"timestamp":1609686535,"path_taken":["M","?","M","?","M","E","?","E","T","?","?","?","$","?","R","BOSS","M","?","$","M","M","NM","R","E","T","M","$","?","M","E","R","BOSS","M","?","M","?","?","R","M","NM","T","?","?","?","?","M","R","BOSS","M","?","$","?","?","E","R"],"items_purchased_type":["Card","Relic","Relic"],"build_version":"2020-12-18","purchased_purges":0,"victory":false,"max_hp_per_floor":[75,75,75,75,75,75,75,75,75,75,75,75,75,75,75,75,75,75,75,75,75,75,75,75,75,75,75,75,75,75,75,75,75,75,75,75,75,75,75,75,75,75,75,75,75,85,85,85,85,85,85,85,85,85,85,85,85,85,85],"card_choices":[{"not_picked":["HollowMod:PureNailStrike","HollowMod:LifebloodCocoon","HollowMod:GoodIntentions"],"picked":"SKIP","floor":1},{"not_picked":["HollowMod:Grubsong","HollowMod:SoulShaman"],"picked":"HollowMod:HeavyBlow+1","floor":3},{"not_picked":["HollowMod:TaintedHusks","HollowMod:HuntersJournal","HollowMod:ChannelNail"],"picked":"SKIP","floor":5},{"not_picked":["HollowMod:HeavyBlow+1","HollowMod:DescendingDark+1"],"picked":"HollowMod:DesolateDive+1","floor":6},{"not_picked":["HollowMod:DreamGate","HollowMod:BaldurShell"],"picked":"HollowMod:SoulShaman","floor":7},{"not_picked":["HollowMod:LifebloodCocoon","HollowMod:SiblingsShadow","HollowMod:GrimmsGift"],"picked":"SKIP","floor":8},{"not_picked":["HollowMod:AbyssShriek+1","HollowMod:SiblingsSouls","HollowMod:RecoilStrike+1"],"picked":"SKIP","floor":18},{"not_picked":["HollowMod:NewJinnsSoul","HollowMod:SoulEater","HollowMod:HuntersJournal+1"],"picked":"SKIP","floor":21},{"not_picked":["HollowMod:TaintedHusks","HollowMod:MonarchWings","HollowMod:HeavyBlow+1"],"picked":"SKIP","floor":22},{"not_picked":["ReplayTheSpireMod:Chaos Vortex","ReplayTheSpireMod:Echoes of Time"],"picked":"infinitespire:Starlight","floor":23},{"not_picked":["HollowMod:DescendingDark+1","HollowMod:VoidDash","HollowMod:DashSlash+1"],"picked":"SKIP","floor":23},{"not_picked":["HollowMod:Grubsong","HollowMod:WraithStrike+1"],"picked":"HollowMod:NewJinnsSoul","floor":25},{"not_picked":["HollowMod:SharpenedShadows","HollowMod:SoulSplash","HollowMod:MantisMark"],"picked":"SKIP","floor":27},{"not_picked":["HollowMod:PerfectDash","HollowMod:NewJinnsSoul+1","HollowMod:CornifersMapStart"],"picked":"SKIP","floor":30},{"not_picked":["HollowMod:CycloneSlash+1","HollowMod:HuntersJournal","HollowMod:HeavyBlow+1"],"picked":"SKIP","floor":31},{"not_picked":["HollowMod:HowlingWraiths+1","HollowMod:LifebloodCocoon","HollowMod:DoubleDash+1"],"picked":"SKIP","floor":35},{"not_picked":["HollowMod:FallenFury+1","HollowMod:PureNailStrike+1","HollowMod:HeavyBlow+1"],"picked":"SKIP","floor":37},{"not_picked":["HollowMod:HowlingWraiths+1","HollowMod:SoulShaman+1","HollowMod:SharpenedNail+1"],"picked":"SKIP","floor":38},{"not_picked":["HollowMod:SoulStrike+1","HollowMod:SoulSplash+1","HollowMod:InfectionAssault+1"],"picked":"SKIP","floor":41},{"not_picked":["HollowMod:SharpenedShadows","HollowMod:BlackTendrils+1","HollowMod:ChannelNail"],"picked":"SKIP","floor":42},{"not_picked":["HollowMod:RecoilStrike+1","HollowMod:CycloneSlash+1","HollowMod:CloakDash+1"],"picked":"SKIP","floor":44},{"not_picked":["HollowMod:DoubleDash","HollowMod:DreamGate","HollowMod:SiblingsSouls"],"picked":"SKIP","floor":48},{"not_picked":["HollowMod:VengefulVoid+1","HollowMod:BaldurShell","HollowMod:HeavyBlow+1"],"picked":"SKIP","floor":52},{"not_picked":["HollowMod:CloakDash","HollowMod:TaintedHusks","HollowMod:VengefulVoid+1"],"picked":"SKIP","floor":57}],"player_experience":496973,"relics_obtained":[{"floor":6,"key":"infinitespire:Bottled Soul"},{"floor":8,"key":"ReplayTheSpireMod:TigerMarble"},{"floor":10,"key":"conspire:TopHat"},{"floor":23,"key":"Dream Catcher"},{"floor":25,"key":"hubris:Metronome"},{"floor":26,"key":"Mercury Hourglass"},{"floor":29,"key":"Anchor"},{"floor":31,"key":"Old Coin"},{"floor":43,"key":"conspire:BottledYoYo"},{"floor":47,"key":"construct:BoolHorns"},{"floor":57,"key":"Omamori"}],"event_choices":[{"damage_healed":0,"gold_gain":71,"player_choice":"Gained Gold","damage_taken":0,"max_hp_gain":0,"max_hp_loss":0,"event_name":"Golden Wing","floor":4,"gold_loss":0},{"damage_healed":0,"gold_gain":0,"player_choice":"Ignored","damage_taken":0,"max_hp_gain":0,"max_hp_loss":0,"event_name":"Transmorgrifier","floor":14,"gold_loss":0},{"cards_removed":["HollowMod:HowlingWraiths"],"damage_healed":0,"gold_gain":0,"player_choice":"Purged","damage_taken":0,"max_hp_gain":0,"max_hp_loss":0,"event_name":"Purifier","floor":15,"gold_loss":0},{"damage_healed":0,"gold_gain":0,"player_choice":"Got Potions","damage_taken":0,"max_hp_gain":0,"max_hp_loss":0,"event_name":"Lab","floor":19,"gold_loss":0},{"damage_healed":0,"gold_gain":0,"player_choice":"Ignored","damage_taken":0,"max_hp_gain":0,"max_hp_loss":0,"event_name":"Accursed Blacksmith","floor":36,"gold_loss":0},{"damage_healed":0,"gold_gain":100,"player_choice":"Pray","damage_taken":0,"max_hp_gain":0,"max_hp_loss":0,"event_name":"Golden Shrine","floor":39,"gold_loss":0},{"damage_healed":0,"gold_gain":0,"player_choice":"Punched","damage_taken":3,"max_hp_gain":0,"max_hp_loss":0,"event_name":"Designer","floor":45,"gold_loss":0},{"damage_healed":0,"gold_gain":0,"player_choice":"Fight","damage_taken":0,"max_hp_gain":0,"max_hp_loss":0,"event_name":"Mysterious Sphere","floor":47,"gold_loss":0},{"damage_healed":85,"gold_gain":0,"player_choice":"Leave","damage_taken":0,"max_hp_gain":0,"max_hp_loss":85,"event_name":"betterThird:BetterShining","floor":55,"gold_loss":1},{"damage_healed":0,"gold_gain":62,"player_choice":"Gained Gold","damage_taken":0,"max_hp_gain":0,"max_hp_loss":0,"event_name":"Golden Wing","floor":56,"gold_loss":0}],"is_beta":true,"boss_relics":[{"not_picked":["ChewingGum","Replay:Grab Bag"],"picked":"Cursed Key"},{"not_picked":["aspiration:FutureDiary","Snecko Eye"],"picked":"Velvet Choker"},{"not_picked":["ReplayTheSpireMod:DimensionalGlitch","Abe\u0027s Treasure","aspiration:RitualDagger"]}],"items_purged_floors":[],"is_endless":true,"potions_floor_spawned":[1,3,6,18,25,31,38,41,42,47],"ascension_level":0}}