{"host":"fo1pcjb7ykmk7tjo","time":1609687730,"event":{"mods":["BaseMod","Colored Map","Downfall","Hermit","Hubris","Infinite Spire","Marisa????????","Minty Spire (QoL Compilation)","Replay The Spire","StSLib","The Disciple","The Servant 0.9.4"],"gold_per_floor":[10,10,28,53,63,98,118,143,192,192,220,233,258,274,274,374,374,391,410,437,455,474,474,508,508,535,561,561,579,260,273,273,439,439,505,505,805,838,885,920,977,977,977],"floor_reached":42,"playtime":2325,"items_purged":["Pain"],"score":806,"play_id":"1d634b3a-c6ef-447c-84f9-56301afc3a72","local_time":"20210103162850","is_ascension_mode":true,"campfire_choices":[{"data":"JA","floor":10.0,"key":"SMITH"},{"data":"MilkyWay","floor":15.0,"key":"SMITH"},{"data":"AlicesGift","floor":23.0,"key":"SMITH"},{"data":"OrrerysSun","floor":25.0,"key":"SMITH"},{"floor":32.0,"key":"REST"}],"circlet_count":0,"master_deck":["Strike_MRS","Strike_MRS","Strike_MRS","Strike_MRS","Defend_MRS","Defend_MRS","Defend_MRS","Defend_MRS","MasterSpark","UpSweep","JA+1","MeteoricShower","WitchLeyline","Singularity","OrrerysSun+1","GalacticHalo","Singularity","MilkyWay+1","MagicAbsorber","Acceleration","WitchLeyline+1","AlicesGift+1","ShootingEcho+1","6A+1","SuperNova","WitchLeyline","Robbery+1","EscapeVelocity+1","AbeCurse","ShootingEcho+1","EnergyFlow+1","UnstableBomb+1"],"relics":["MiniHakkero","Nunchaku","hubris:PeanutButter","Ancient Tea Set","Blood Vial","Bag of Preparation","hubris:Zylophone","RampagingMagicTools","Red Mask","Kunai","Toy Ornithopter","Bronze Scales","WarpedTongs","hubris:Metronome","Abe\u0027s Treasure","TungstenRod","infinitespire:Joker Card"],"acts_visited":["Exordium","TheCity","TheBeyond"],"potions_floor_usage":[],"damage_taken":[{"damage":3.0,"enemies":"2 Louse","floor":1.0,"turns":2.0},{"damage":7.0,"enemies":"Jaw Worm","floor":3.0,"turns":3.0},{"damage":0.0,"enemies":"Cultist","floor":5.0,"turns":2.0},{"damage":0.0,"enemies":"Lagavulin","floor":6.0,"turns":5.0},{"damage":0.0,"enemies":"3 Louse","floor":7.0,"turns":3.0},{"damage":4.0,"enemies":"3 Sentries","floor":8.0,"turns":5.0},{"damage":12.0,"enemies":"Lagavulin","floor":11.0,"turns":6.0},{"damage":0.0,"enemies":"Blue Slaver","floor":12.0,"turns":1.0},{"damage":0.0,"enemies":"3 Sentries","floor":13.0,"turns":6.0},{"damage":1.0,"enemies":"Red Slaver","floor":14.0,"turns":2.0},{"damage":26.0,"enemies":"Hexaghost","floor":16.0,"turns":8.0},{"damage":0.0,"enemies":"Shell Parasite","floor":18.0,"turns":2.0},{"damage":12.0,"enemies":"2 Thieves","floor":19.0,"turns":4.0},{"damage":6.0,"enemies":"Masked Bandits","floor":20.0,"turns":3.0},{"damage":2.0,"enemies":"3 Cultists","floor":21.0,"turns":5.0},{"damage":7.0,"enemies":"Centurion and Healer","floor":22.0,"turns":4.0},{"damage":24.0,"enemies":"Book of Stabbing","floor":24.0,"turns":4.0},{"damage":0.0,"enemies":"Slavers","floor":27.0,"turns":4.0},{"damage":9.0,"enemies":"Snecko","floor":29.0,"turns":4.0},{"damage":0.0,"enemies":"Snake Plant","floor":31.0,"turns":1.0},{"damage":10.0,"enemies":"hubris:MusketHawk","floor":33.0,"turns":6.0},{"damage":10.0,"enemies":"3 Darklings","floor":35.0,"turns":3.0},{"damage":0.0,"enemies":"Orb Walker","floor":38.0,"turns":3.0},{"damage":7.0,"enemies":"2 Orb Walkers","floor":39.0,"turns":4.0},{"damage":41.0,"enemies":"Reptomancer","floor":40.0,"turns":3.0},{"damage":0.0,"enemies":"Spire Growth","floor":41.0,"turns":2.0},{"damage":41,"enemies":"Nemesis","floor":42,"turns":2}],"seed_played":"-7089125470143439742","potions_obtained":[{"floor":1.0,"key":"Swift Potion"},{"floor":5.0,"key":"Guardian:BlockOnCardUsePotion"},{"floor":8.0,"key":"sneckomod:MuddlingPotion"},{"floor":11.0,"key":"Elixir"},{"floor":16.0,"key":"LiquidMemories"},{"floor":20.0,"key":"Milkshake"},{"floor":22.0,"key":"Explosive Potion"},{"floor":24.0,"key":"Cursed Concoction"},{"floor":31.0,"key":"sneckomod:MuddlingPotion"},{"floor":35.0,"key":"Weak Potion"},{"floor":41.0,"key":"Ancient Potion"}],"is_trial":false,"path_per_floor":["M","?","M","T","M","E","M","E","T","R","E","M","E","M","R","B",null,"M","M","?","M","M","R","E","R","T","E","?","M","$","M","R","B",null,"M","?","?","M","?","E","M","E"],"character_chosen":"MARISA","items_purchased":["hubris:Metronome"],"campfire_rested":1,"item_purchase_floors":[30],"current_hp_per_floor":[72,72,65,65,65,65,65,61,61,61,51,53,55,56,56,32,64,66,56,52,52,47,47,25,25,25,32,32,25,25,27,49,41,67,59,59,59,61,56,22,24,0,0],"gold":977,"neow_bonus":"THREE_RARE_CARDS","is_daily":false,"chose_seed":false,"campfire_upgraded":4,"win_rate":0.0,"timestamp":1609687730,"path_taken":["M","?","M","?","?","E","M","E","T","R","E","M","E","M","R","BOSS","M","M","?","M","M","R","E","R","T","E","?","?","$","M","R","BOSS","M","?","?","?","?","E","M","E"],"items_purchased_type":["Relic"],"build_version":"2020-12-22","purchased_purges":1,"victory":false,"max_hp_per_floor":[75,75,75,75,75,75,75,75,75,75,75,75,75,75,75,75,75,75,75,75,75,75,75,75,75,75,75,75,75,75,75,75,75,75,75,75,75,75,75,75,75,75,75],"card_choices":[{"not_picked":["SatelliteIllusion","BinaryStars"],"picked":"JA","floor":0.0},{"not_picked":["UnstableBomb","WitchLeyline"],"picked":"MeteoricShower","floor":1.0},{"not_picked":["WitchOfGreed","NonDirectionalLaser"],"picked":"WitchLeyline","floor":3.0},{"not_picked":["DarkSpark","DeepEcoloBomb"],"picked":"Singularity","floor":5.0},{"not_picked":["OneTimeOff","LuminesStrike"],"picked":"OrrerysSun","floor":6.0},{"not_picked":["ManaConvection","WitchOfGreed"],"picked":"GalacticHalo","floor":7.0},{"not_picked":["NonDirectionalLaser","IllusionStar"],"picked":"Singularity","floor":8.0},{"not_picked":["ChargingUp","AbsoluteMagnitude"],"picked":"MilkyWay","floor":11.0},{"not_picked":["AsteroidBelt","OneTimeOff","GalacticHalo"],"picked":"SKIP","floor":12.0},{"not_picked":["CasketOfStar","MagicChant"],"picked":"MagicAbsorber","floor":13.0},{"not_picked":["GalacticHalo","IllusionStar","StarBarrage"],"picked":"SKIP","floor":14.0},{"not_picked":["SuperPerseids","SprinkleStarSeal"],"picked":"Acceleration","floor":18.0},{"not_picked":["UnstableBomb","Robbery"],"picked":"WitchLeyline+1","floor":19.0},{"not_picked":["StarBarrage","DeepEcoloBomb"],"picked":"AlicesGift","floor":20.0},{"not_picked":["WitchOfGreed+1","OrrerysSun"],"picked":"ShootingEcho+1","floor":21.0},{"not_picked":["BlazeAway","GrandCross"],"picked":"6A+1","floor":22.0},{"not_picked":["UnstableBomb","NonDirectionalLaser","ChargeUpSpray+1"],"picked":"SKIP","floor":24.0},{"not_picked":["NonDirectionalLaser+1","SporeBomb"],"picked":"SuperNova","floor":27.0},{"not_picked":["MysteriousBeam","UnstableBomb"],"picked":"WitchLeyline","floor":29.0},{"not_picked":["IllusionStar","DarkSpark"],"picked":"Robbery+1","floor":31.0},{"not_picked":["BigCrunch","AbsoluteMagnitude"],"picked":"EscapeVelocity","floor":33.0},{"not_picked":["6A+1","PowerUp"],"picked":"ShootingEcho+1","floor":35.0},{"not_picked":["AsteroidBelt+1","GrandCross","EnergyFlow"],"picked":"SKIP","floor":38.0},{"not_picked":["ShootingEcho+1","DarkSpark+1"],"picked":"EnergyFlow+1","floor":40.0},{"not_picked":["ChargeUpSpray+1","DarkMatter"],"picked":"UnstableBomb+1","floor":41.0}],"player_experience":193935,"relics_obtained":[{"floor":4.0,"key":"Nunchaku"},{"floor":6.0,"key":"hubris:PeanutButter"},{"floor":8.0,"key":"Ancient Tea Set"},{"floor":9.0,"key":"Blood Vial"},{"floor":11.0,"key":"Bag of Preparation"},{"floor":13.0,"key":"hubris:Zylophone"},{"floor":20.0,"key":"Red Mask"},{"floor":24.0,"key":"Kunai"},{"floor":26.0,"key":"Toy Ornithopter"},{"floor":27.0,"key":"Bronze Scales"},{"floor":39.0,"key":"TungstenRod"},{"floor":40.0,"key":"infinitespire:Joker Card"}],"event_choices":[{"damage_healed":0.0,"max_hp_gain":0.0,"max_hp_loss":0.0,"gold_gain":0.0,"event_name":"Masked Bandits","player_choice":"Fought Bandits","floor":20.0,"gold_loss":0.0,"damage_taken":0.0},{"damage_healed":0.0,"max_hp_gain":0.0,"max_hp_loss":0.0,"gold_gain":0.0,"event_name":"Accursed Blacksmith","player_choice":"Rummage","floor":28.0,"gold_loss":0.0,"damage_taken":0.0,"relics_obtained":["WarpedTongs"],"cards_obtained":["Pain"]},{"damage_healed":0.0,"max_hp_gain":0.0,"max_hp_loss":0.0,"gold_gain":300.0,"event_name":"Wheel of Change","player_choice":"Gold","floor":37.0,"gold_loss":0.0,"damage_taken":0.0},{"damage_healed":0.0,"max_hp_gain":0.0,"max_hp_loss":0.0,"gold_gain":0.0,"event_name":"Mysterious Sphere","player_choice":"Fight","floor":39.0,"gold_loss":0.0,"damage_taken":0.0}],"is_beta":false,"boss_relics":[{"not_picked":["ReplayTheSpireMod:SealedPack","Velvet Choker"],"picked":"RampagingMagicTools"},{"not_picked":["Tiny House","hubris:ScarierMask"],"picked":"Abe\u0027s Treasure"}],"items_purged_floors":[30],"is_endless":false,"potions_floor_spawned":[1,5,8,11,13,16,20,22,24,31,35,41],"killed_by":"Nemesis","ascension_level":5}}