{"host":"p7j7o00jacnw7qzt","time":1609713513,"event":{"mods":["BaseMod","Colored Map","Colored Powertips","DeckTracker","Highlight Path","Minty Spire (QoL Compilation)","Relic Stats"],"gold_per_floor":[115,125,50,50,67,96,96,121,198,210,210,225,225,256,256,335,335,352,352,352,369,86,86,86,86,86],"floor_reached":25,"playtime":1068,"items_purged":["Strike_R"],"score":438,"play_id":"4477a67c-2509-45c3-b28c-918570c45ef1","local_time":"20210103173833","is_ascension_mode":true,"campfire_choices":[{"data":"Strike_R","floor":7.0,"key":"PURGE"},{"data":"Rampage","floor":13.0,"key":"SMITH"},{"data":"Berserk","floor":15.0,"key":"SMITH"},{"floor":23,"key":"RECALL"}],"circlet_count":0,"master_deck":["AscendersBane","Defend_R+1","Defend_R+1","Defend_R+1","Bash+1","Carnage+1","Fiend Fire","Second Wind","Rampage+1","Pommel Strike+1","Berserk+1","Bloodletting","Impervious","Shrug It Off"],"relics":["Burning Blood","Peace Pipe","War Paint","Whetstone","SlaversCollar","Frozen Egg 2"],"acts_visited":["Exordium","TheCity"],"potions_floor_usage":[],"damage_taken":[{"damage":0.0,"enemies":"Cultist","floor":1.0,"turns":2.0},{"damage":2.0,"enemies":"2 Louse","floor":2.0,"turns":2.0},{"damage":2.0,"enemies":"Jaw Worm","floor":5.0,"turns":3.0},{"damage":20.0,"enemies":"Lagavulin","floor":6.0,"turns":6.0},{"damage":2.0,"enemies":"3 Sentries","floor":8.0,"turns":7.0},{"damage":1.0,"enemies":"Looter","floor":10.0,"turns":2.0},{"damage":16.0,"enemies":"Large Slime","floor":12.0,"turns":4.0},{"damage":6.0,"enemies":"Gremlin Nob","floor":14.0,"turns":3.0},{"damage":15.0,"enemies":"Hexaghost","floor":16.0,"turns":7.0},{"damage":21.0,"enemies":"Spheric Guardian","floor":18.0,"turns":6.0},{"damage":14,"enemies":"2 Thieves","floor":21,"turns":4},{"damage":11,"enemies":"Slavers","floor":25,"turns":3}],"seed_played":"-8139599647862079832","potions_obtained":[{"floor":1.0,"key":"BlessingOfTheForge"},{"floor":6.0,"key":"Explosive Potion"},{"floor":16.0,"key":"SmokeBomb"},{"floor":21,"key":"Block Potion"}],"is_trial":false,"path_per_floor":["M","M","$","?","M","E","R","E","T","M","?","M","R","E","R","B",null,"M","?","?","M","$","R","$","E"],"character_chosen":"IRONCLAD","items_purchased":["Frozen Egg 2"],"campfire_rested":0,"item_purchase_floors":[22],"current_hp_per_floor":[56,60,60,37,41,27,27,31,31,36,29,19,19,19,19,10,59,44,44,44,36,36,36,36,25,25],"gold":86,"neow_bonus":"TRANSFORM_TWO_CARDS","is_daily":false,"chose_seed":false,"campfire_upgraded":2,"win_rate":0.0,"timestamp":1609713513,"path_taken":["M","M","?","?","M","E","R","E","T","M","?","M","R","E","R","BOSS","M","?","?","M","$","R","$","E"],"items_purchased_type":["Relic"],"build_version":"2020-12-22","purchased_purges":1,"victory":false,"max_hp_per_floor":[75,75,75,75,75,75,75,75,75,75,75,75,75,75,75,75,75,75,75,75,75,75,75,75,75,75],"relic_stats":{"Peace Pipe":1,"counters":[12,49],"Whetstone":["Pommel Strike","Bash"],"War Paint":["Defend_R","Defend_R"],"obtain_stats":[{"Peace Pipe":6,"SlaversCollar":17,"Whetstone":14,"War Paint":8,"Frozen Egg 2":22,"Burning Blood":0},{"Peace Pipe":4,"SlaversCollar":9,"Whetstone":8,"War Paint":5,"Frozen Egg 2":11,"Burning Blood":0},{"Peace Pipe":13,"SlaversCollar":36,"Whetstone":29,"War Paint":20,"Frozen Egg 2":46,"Burning Blood":0}],"Burning Blood":66},"card_choices":[{"not_picked":["Seeing Red","Searing Blow","Thunderclap"],"picked":"SKIP","floor":1.0},{"not_picked":["Perfected Strike","Armaments"],"picked":"Second Wind","floor":2.0},{"not_picked":["Heavy Blade","Hemokinesis","Clothesline"],"picked":"SKIP","floor":5.0},{"not_picked":["Reaper","Second Wind"],"picked":"Rampage","floor":6.0},{"not_picked":["Carnage","Thunderclap","Searing Blow"],"picked":"SKIP","floor":8.0},{"not_picked":["Iron Wave","Headbutt"],"picked":"Pommel Strike","floor":10.0},{"not_picked":["Wild Strike","Thunderclap"],"picked":"Berserk","floor":12.0},{"not_picked":["Spot Weakness","Twin Strike"],"picked":"Bloodletting","floor":14.0},{"not_picked":["Reaper","Berserk"],"picked":"Impervious","floor":16.0},{"not_picked":["Combust","Headbutt"],"picked":"Shrug It Off","floor":18.0},{"not_picked":["Twin Strike","Armaments+1","Thunderclap"],"picked":"SKIP","floor":21}],"player_experience":973339,"relics_obtained":[{"floor":6.0,"key":"Peace Pipe"},{"floor":8.0,"key":"War Paint"},{"floor":14.0,"key":"Whetstone"}],"event_choices":[{"damage_healed":0.0,"max_hp_gain":0.0,"max_hp_loss":0.0,"gold_gain":0.0,"event_name":"Shining Light","player_choice":"Entered Light","floor":4.0,"gold_loss":0.0,"damage_taken":23.0,"cards_upgraded":["Defend_R","Carnage"]},{"cards_removed":["Strike_R"],"damage_healed":0.0,"max_hp_gain":0.0,"max_hp_loss":0.0,"gold_gain":0.0,"event_name":"Golden Wing","player_choice":"Card Removal","floor":11.0,"gold_loss":0.0,"damage_taken":7.0},{"cards_removed":["Defend_R"],"damage_healed":0.0,"max_hp_gain":0.0,"max_hp_loss":0.0,"gold_gain":0.0,"event_name":"Back to Basics","player_choice":"Elegance","floor":19.0,"gold_loss":0.0,"damage_taken":0.0},{"damage_healed":0,"gold_gain":0,"player_choice":"Ignored","damage_taken":0,"max_hp_gain":0,"max_hp_loss":0,"event_name":"Cursed Tome","floor":20,"gold_loss":0}],"is_beta":false,"boss_relics":[{"not_picked":["Velvet Choker","Sozu"],"picked":"SlaversCollar"}],"items_purged_floors":[3],"is_endless":false,"potions_floor_spawned":[1,6,16,21],"killed_by":"Slavers","ascension_level":20}}