{"host":"w3q5ijqu8eoknil3","time":1609634422,"event":{"mods":["AchievementEnabler","BaseMod","Block Reminder","Colored Powertips","Minty Spire (QoL Compilation)","Quick Restart","Relic Stats","ojb\u0027s Better Paths Mod","ojb\u0027s Info Mod","slay the spire mod where everything is the same but ironclad has a cowboy hat"],"gold_per_floor":[111,124,104,27,45,79,79,92,92,104,104,139,14,33,33,132,132,157,175,175,198,229,229,229],"floor_reached":23,"playtime":815,"items_purged":[],"score":406,"play_id":"851eadbc-69ef-4462-a7f7-6554f4c46640","local_time":"20210103004022","is_ascension_mode":true,"campfire_choices":[{"data":"Whirlwind","floor":7,"key":"SMITH"},{"data":"Bash","floor":15,"key":"SMITH"}],"circlet_count":0,"master_deck":["AscendersBane","Strike_R","Strike_R","Strike_R","Strike_R","Strike_R","Defend_R","Defend_R","Defend_R","Defend_R","Bash+1","Pommel Strike","Carnage","Whirlwind+1","Cleave","Barricade","Battle Trance","Inflame","Offering","Bandage Up","Shrug It Off","Fire Breathing","Juggernaut","Reckless Charge","Power Through","Armaments"],"relics":["Burning Blood","CaptainsWheel","Nunchaku","Happy Flower","Golden Idol","Philosopher\u0027s Stone","Red Mask"],"acts_visited":["TheCity"],"potions_floor_usage":[6,10,14,14,22,22],"damage_taken":[{"damage":1,"enemies":"Cultist","floor":1,"turns":4},{"damage":2,"enemies":"Jaw Worm","floor":2,"turns":4},{"damage":10,"enemies":"Small Slimes","floor":5,"turns":3},{"damage":29,"enemies":"Gremlin Nob","floor":6,"turns":5},{"damage":12,"enemies":"Looter","floor":8,"turns":3},{"damage":0,"enemies":"2 Fungi Beasts","floor":10,"turns":2},{"damage":19,"enemies":"3 Sentries","floor":12,"turns":3},{"damage":11,"enemies":"Exordium Wildlife","floor":14,"turns":2},{"damage":15,"enemies":"Slime Boss","floor":16,"turns":6},{"damage":7,"enemies":"Chosen","floor":18,"turns":5},{"damage":27,"enemies":"2 Thieves","floor":19,"turns":3},{"damage":30,"enemies":"Snake Plant","floor":21,"turns":3},{"damage":19,"enemies":"Masked Bandits","floor":22,"turns":5},{"damage":27,"enemies":"Slavers","floor":23,"turns":1}],"seed_played":"571263965766485808","potions_obtained":[{"floor":2,"key":"Block Potion"},{"floor":3,"key":"ColorlessPotion"},{"floor":5,"key":"GamblersBrew"},{"floor":8,"key":"AttackPotion"},{"floor":12,"key":"AttackPotion"},{"floor":16,"key":"BloodPotion"},{"floor":18,"key":"BlessingOfTheForge"},{"floor":21,"key":"Fire Potion"}],"is_trial":false,"path_per_floor":["M","M","?","$","M","E","R","M","T","M","?","E","$","M","R","B",null,"M","M","?","M","?","E"],"character_chosen":"IRONCLAD","items_purchased":["Whirlwind","Bandage Up","Shrug It Off"],"campfire_rested":0,"item_purchase_floors":[4,13,13],"current_hp_per_floor":[55,59,59,59,55,32,32,26,26,32,32,19,19,18,18,13,54,57,40,40,20,24,0,0],"gold":229,"neow_bonus":"ONE_RARE_RELIC","is_daily":false,"chose_seed":false,"campfire_upgraded":2,"win_rate":0.0,"timestamp":1609634422,"path_taken":["M","M","?","?","M","E","R","M","T","M","?","E","$","M","R","BOSS","M","M","?","M","?","E"],"items_purchased_type":["Card","Card","Card"],"build_version":"2020-12-22","purchased_purges":0,"victory":false,"max_hp_per_floor":[75,75,75,75,75,75,75,75,75,75,68,68,68,68,68,68,68,68,68,68,68,68,68,68],"relic_stats":{"Nunchaku":[6],"Happy Flower":[10],"counters":[14,49],"Golden Idol":51,"obtain_stats":[{"CaptainsWheel":0,"Nunchaku":6,"Happy Flower":9,"Golden Idol":11,"Philosopher\u0027s Stone":17,"Red Mask":22,"Burning Blood":0},{"CaptainsWheel":0,"Nunchaku":4,"Happy Flower":5,"Golden Idol":6,"Philosopher\u0027s Stone":9,"Red Mask":13,"Burning Blood":0},{"CaptainsWheel":0,"Nunchaku":16,"Happy Flower":19,"Golden Idol":21,"Philosopher\u0027s Stone":32,"Red Mask":48,"Burning Blood":0}],"Burning Blood":78},"card_choices":[{"not_picked":["Anger","Flex"],"picked":"Pommel Strike","floor":1},{"not_picked":["Pummel","Twin Strike"],"picked":"Carnage","floor":2},{"not_picked":["True Grit","Dual Wield"],"picked":"Cleave","floor":5},{"not_picked":["Metallicize","Iron Wave"],"picked":"Barricade","floor":6},{"not_picked":["Shrug It Off","Wild Strike"],"picked":"Battle Trance","floor":8},{"not_picked":["Heavy Blade","Sword Boomerang"],"picked":"Inflame","floor":10},{"not_picked":["Rupture","Thunderclap"],"picked":"Offering","floor":12},{"not_picked":["Clothesline","Armaments"],"picked":"Fire Breathing","floor":14},{"not_picked":["Double Tap","Exhume"],"picked":"Juggernaut","floor":16},{"not_picked":["Flex","Clash+1"],"picked":"Reckless Charge","floor":18},{"not_picked":["Warcry","Perfected Strike","Rage"],"picked":"SKIP","floor":19},{"not_picked":["Dropkick+1","Warcry"],"picked":"Power Through","floor":21},{"not_picked":["Cleave","Combust"],"picked":"Armaments","floor":22}],"player_experience":974458,"relics_obtained":[{"floor":6,"key":"Nunchaku"},{"floor":9,"key":"Happy Flower"},{"floor":22,"key":"Red Mask"}],"event_choices":[{"damage_healed":0,"gold_gain":0,"player_choice":"Bought 1 Potion","damage_taken":0,"max_hp_gain":0,"max_hp_loss":0,"event_name":"The Woman in Blue","floor":3,"gold_loss":0},{"damage_healed":0,"gold_gain":0,"player_choice":"Lose Max HP","damage_taken":0,"relics_obtained":["Golden Idol"],"max_hp_gain":0,"max_hp_loss":7,"event_name":"Golden Idol","floor":11,"gold_loss":0},{"damage_healed":0,"gold_gain":0,"player_choice":"Ignored","damage_taken":0,"max_hp_gain":0,"max_hp_loss":0,"event_name":"Ghosts","floor":20,"gold_loss":0},{"damage_healed":0,"gold_gain":0,"player_choice":"Fought Bandits","damage_taken":0,"max_hp_gain":0,"max_hp_loss":0,"event_name":"Masked Bandits","floor":22,"gold_loss":0}],"is_beta":false,"boss_relics":[{"not_picked":["Calling Bell","Sozu"],"picked":"Philosopher\u0027s Stone"}],"items_purged_floors":[],"is_endless":false,"potions_floor_spawned":[2,5,8,12,16,18,21],"killed_by":"Slavers","ascension_level":20}}