{"host":"lxgv1wbl12oya7hr","time":1609644522,"event":{"mods":["BaseMod","Minty Spire (QoL Compilation)","Permanent Neow","StSLib"],"gold_per_floor":[114,114,90,165,165,208,208,246,246,259,283,346,346,386,386,386,386],"floor_reached":16,"playtime":469,"items_purged":[],"score":174,"play_id":"0659d375-0032-46c8-8f6a-c09671c0231b","local_time":"20210102192842","is_ascension_mode":true,"campfire_choices":[{"data":"Pommel Strike","floor":7,"key":"SMITH"},{"data":"Body Slam","floor":13,"key":"SMITH"},{"data":"Evolve","floor":15,"key":"SMITH"}],"circlet_count":0,"master_deck":["Strike_R","Strike_R","Strike_R","Strike_R","Strike_R","Defend_R","Defend_R+1","Defend_R","Defend_R+1","Bash","Pommel Strike+1","Twin Strike","Body Slam+1","Flex","Evolve+1"],"relics":["Burning Blood","NeowsBlessing","Golden Idol","Smiling Mask","Magic Flower","Strawberry","Potion Belt"],"acts_visited":["Exordium"],"potions_floor_usage":[12,16],"damage_taken":[{"damage":0,"enemies":"Jaw Worm","floor":1,"turns":1},{"damage":0,"enemies":"Lagavulin","floor":6,"turns":1},{"damage":0,"enemies":"3 Sentries","floor":8,"turns":1},{"damage":0,"enemies":"Small Slimes","floor":10,"turns":3},{"damage":0,"enemies":"2 Louse","floor":11,"turns":2},{"damage":27,"enemies":"Gremlin Nob","floor":12,"turns":4},{"damage":27,"enemies":"Gremlin Nob","floor":14,"turns":4},{"damage":0,"enemies":"Slime Boss","floor":16,"turns":3}],"seed_played":"964722702428234740","potions_obtained":[{"floor":10,"key":"Dexterity Potion"},{"floor":11,"key":"LiquidBronze"},{"floor":12,"key":"LiquidMemories"}],"is_trial":false,"path_per_floor":["M","?","$","?","?","E","R","E","T","M","M","?","R","E","R","B"],"character_chosen":"IRONCLAD","items_purchased":["Pommel Strike"],"campfire_rested":0,"item_purchase_floors":[3],"current_hp_per_floor":[80,60,60,49,33,39,39,45,45,54,63,52,52,34,34,34,34],"gold":386,"neow_bonus":"THREE_ENEMY_KILL","is_daily":false,"chose_seed":false,"campfire_upgraded":3,"win_rate":0.0,"timestamp":1609644522,"path_taken":["M","?","$","?","?","E","R","E","T","?","M","?","R","E","R","BOSS"],"items_purchased_type":["Card"],"build_version":"2020-12-22","purchased_purges":0,"victory":false,"max_hp_per_floor":[80,80,80,80,80,80,80,80,80,80,80,87,87,87,87,87,87],"card_choices":[{"not_picked":["Perfected Strike","Headbutt","Thunderclap"],"picked":"SKIP","floor":1},{"not_picked":["Headbutt","Whirlwind"],"picked":"Twin Strike","floor":6},{"not_picked":["Berserk","Ghostly Armor"],"picked":"Body Slam","floor":8},{"not_picked":["Headbutt","Combust"],"picked":"Flex","floor":10},{"not_picked":["Heavy Blade","Power Through","Headbutt"],"picked":"SKIP","floor":11},{"not_picked":["Sword Boomerang","Flame Barrier"],"picked":"Evolve","floor":12},{"not_picked":["Sword Boomerang","Infernal Blade","Dropkick"],"picked":"SKIP","floor":14}],"player_experience":2234069,"relics_obtained":[{"floor":6,"key":"Smiling Mask"},{"floor":8,"key":"Magic Flower"},{"floor":12,"key":"Strawberry"},{"floor":14,"key":"Potion Belt"}],"event_choices":[{"damage_healed":0,"gold_gain":0,"player_choice":"Take Damage","damage_taken":20,"relics_obtained":["Golden Idol"],"max_hp_gain":0,"max_hp_loss":0,"event_name":"Golden Idol","floor":2,"gold_loss":0},{"damage_healed":0,"gold_gain":75,"player_choice":"Gather Gold","damage_taken":11,"max_hp_gain":0,"max_hp_loss":0,"event_name":"World of Goop","floor":4,"gold_loss":0},{"damage_healed":0,"gold_gain":0,"player_choice":"Entered Light","damage_taken":16,"max_hp_gain":0,"max_hp_loss":0,"event_name":"Shining Light","floor":5,"gold_loss":0,"cards_upgraded":["Defend_R","Defend_R"]},{"damage_healed":0,"gold_gain":30,"player_choice":"Searched \u00272\u0027 times","damage_taken":0,"max_hp_gain":0,"max_hp_loss":0,"event_name":"Dead Adventurer","floor":12,"gold_loss":0}],"is_beta":false,"boss_relics":[],"items_purged_floors":[],"is_endless":false,"potions_floor_spawned":[10,11,12],"killed_by":"Slime Boss","ascension_level":1}}