{"host":"5a3ojr29q3aeapfp","time":1609655028,"event":{"mods":["BaseMod","CapriCore","Colored Powertips","Downfall","GungeonMod","Hermit","Highlight Path","Koishi","Minty Spire (QoL Compilation)","Remilia£®¿Ÿ√◊¿Ú—«£©","Replay The Spire","Spicy Shops","StSLib","The Cursed","The Immortal","The Marked","Youmu£®ªÍ∆«—˝√Œ£©","°æ“≈ŒÔø®≈∆°øREMEMod"],"gold_per_floor":[119,119,119,47,64,91,101,101,101,115,115,150,17,42,42,202,202,226,281,306,221,241,282,282,313,313,344,344,116,116,140,140,269,269,290,313,331,409,48,82,97,97,122,122,213,238,238,238,278,301,301,301,301,301,29,128,128],"floor_reached":58,"playtime":5517,"items_purged":["Injury","Injury","theMarked:Strike"],"score":1394,"play_id":"a6f788f9-1ded-44fd-96a7-657d01822cf4","local_time":"20210103142348","is_ascension_mode":false,"campfire_choices":[{"data":"ReplayTheSpireMod:Brewmster","floor":11,"key":"SMITH"},{"data":"theMarked:SoldierOfQuellstein","floor":15,"key":"SMITH"},{"floor":30,"key":"REST"},{"data":"theMarked:ComboAttacks","floor":32,"key":"SMITH"},{"floor":42,"key":"RECALL"},{"floor":44,"key":"REST"},{"data":"theMarked:HeritageOfTheMarked","floor":51,"key":"SMITH"},{"data":"theMarked:DeterminationOfTheMarked","floor":54,"key":"SMITH"}],"circlet_count":0,"master_deck":["theMarked:Strike","theMarked:Strike","theMarked:Defend","theMarked:Defend","theMarked:Defend","theMarked:Defend","theMarked:SoldierOfQuellstein+1","ReplayTheSpireMod:Brewmster+1","theMarked:EmpowerWeapon+1","theMarked:DeterminationOfTheMarked+1","theMarked:ChainLightning","theMarked:ChainLightning","theMarked:EmpowerWeapon","theMarked:Aftermath","theMarked:HeritageOfTheMarked+1","theMarked:MuscleMemory","theMarked:ComboAttacks+1","theMarked:SuspiciousRaven","theMarked:Parry+1","theMarked:EnhanceMovement+1","theMarked:BanishingStrike+1","Pot Of Greed","Pot Of Greed","theMarked:MuscleMemory"],"relics":["theMarked:ArtifactOfAir","REME_ComplimentaryCards","Simple Rune","Golden Idol","DemoMod:BigBoy","REME_PuzzleBoxRelic","Blood Vial","Busted Crown","DemoMod:NanoMachines","theMarked:VonisonLock","ReplayTheSpireMod:Ring of Addiction","ReplayTheSpireMod:Ring of Exchange","White Beast Statue","SacredBark","theMarked:SecretDocuments","Bag of Marbles","theMarked:NailFile","ReplayFunnel","Replay:Bronze Core","Ornamental Fan","Strawberry","Grinning Jar","REME_HandOfSuture","ReplayTheSpireMod:TigerMarble","Boot","Replay:Bottled Steam","DemoMod:Armor"],"acts_visited":["Exordium","TheCity","TheBeyond","TheEnding"],"potions_floor_usage":[6,7,10,12,12,12,12,16,16,16,16,19,19,19,20,20,20,20,22,22,23,23,23,25,25,25,27,27,27,31,33,33,33,33,33,35,37,37,38,38,38,40,40,40,40,41,41,41,45,45,45,45,49,49,49,52,52,56,56,56,56,56,57,57,57,57,57,57,57,57],"damage_taken":[{"damage":1,"enemies":"Jaw Worm","floor":1,"turns":4},{"damage":1,"enemies":"Small Slimes","floor":5,"turns":4},{"damage":14,"enemies":"Lagavulin","floor":6,"turns":5},{"damage":7,"enemies":"2 Louse","floor":7,"turns":3},{"damage":2,"enemies":"Blue Slaver","floor":10,"turns":3},{"damage":13,"enemies":"3 Sentries","floor":12,"turns":7},{"damage":0,"enemies":"3 Louse","floor":14,"turns":2},{"damage":15,"enemies":"Slime Boss","floor":16,"turns":4},{"damage":24,"enemies":"2 Thieves","floor":18,"turns":4},{"damage":10,"enemies":"Chosen","floor":19,"turns":5},{"damage":2,"enemies":"Centurion and Healer","floor":20,"turns":5},{"damage":10,"enemies":"3 Cultists","floor":22,"turns":4},{"damage":14,"enemies":"Replay:Snechameleon","floor":23,"turns":4},{"damage":0,"enemies":"REME_1_Revenger","floor":25,"turns":2},{"damage":6,"enemies":"Book of Stabbing","floor":27,"turns":5},{"damage":10,"enemies":"Cultist and Chosen","floor":31,"turns":3},{"damage":32,"enemies":"Collector","floor":33,"turns":7},{"damage":6,"enemies":"Orb Walker","floor":35,"turns":3},{"damage":11,"enemies":"3 Shapes","floor":36,"turns":2},{"damage":2,"enemies":"Spire Growth","floor":37,"turns":3},{"damage":0,"enemies":"Maw","floor":38,"turns":6},{"damage":0,"enemies":"Giant Head","floor":40,"turns":7},{"damage":29,"enemies":"Transient","floor":41,"turns":5},{"damage":5,"enemies":"R_Hoarder","floor":45,"turns":4},{"damage":10,"enemies":"Jaw Worm Horde","floor":46,"turns":4},{"damage":5,"enemies":"Reptomancer","floor":49,"turns":3},{"damage":0,"enemies":"3 Darklings","floor":50,"turns":2},{"damage":35,"enemies":"Time Eater","floor":52,"turns":9},{"damage":43,"enemies":"Shield and Spear","floor":56,"turns":5},{"damage":52,"enemies":"The Heart","floor":57,"turns":6}],"seed_played":"-2572455991336112449","potions_obtained":[{"floor":1,"key":"Fire Potion"},{"floor":18,"key":"REME_GoldPotion"},{"floor":23,"key":"Fire Potion"},{"floor":24,"key":"Explosive Potion"},{"floor":25,"key":"Adrenaline Potion"},{"floor":31,"key":"SpeedPotion"},{"floor":33,"key":"Toxic Potion"},{"floor":37,"key":"hexamod:EctoCoolerPotion"},{"floor":38,"key":"champ:CounterPotion"},{"floor":40,"key":"DemoMod:LeadSkinPotion"},{"floor":45,"key":"LifebloodPotion"},{"floor":49,"key":"Toxic Potion"},{"floor":56,"key":"Energy Potion"}],"is_trial":false,"path_per_floor":["M","?","?","$","M","E","M","?","T","M","R","E","$","M","R","B",null,"M","M","M","?","M","E","?","E","T","E","?","$","R","M","R","B",null,"M","M","M","M","$","E","M","R","T","R","E","M","PTL","PTL","E","M","R","B",null,"R","$","E","B",null],"character_chosen":"THE_DEFAULT","items_purchased":["theMarked:ChainLightning","REME_PuzzleBoxRelic","Blood Vial","ReplayFunnel","Ornamental Fan","DemoMod:WeirdEgg"],"campfire_rested":2,"item_purchase_floors":[4,13,13,29,39,55],"current_hp_per_floor":[76,69,69,69,68,54,47,47,47,45,45,32,32,34,34,21,77,53,45,45,45,37,25,25,27,27,23,23,23,46,38,38,15,75,69,60,60,62,62,82,53,53,53,77,74,66,66,66,63,65,65,60,78,78,78,33,9],"gold":128,"neow_bonus":"TEN_PERCENT_HP_BONUS","is_daily":false,"chose_seed":false,"campfire_upgraded":5,"win_rate":0.0,"timestamp":1609655028,"path_taken":["M","?","?","$","M","E","M","?","T","M","R","E","?","M","R","BOSS","M","M","M","?","M","E","?","E","T","E","?","$","R","M","R","BOSS","M","M","M","M","$","E","M","R","T","R","E","M","PTL","PTL","E","M","R","BOSS","R","$","E","BOSS"],"items_purchased_type":["Card","Relic","Relic","Relic","Relic","Relic"],"build_version":"2020-12-22","purchased_purges":3,"victory":true,"max_hp_per_floor":[77,77,77,77,77,77,77,77,77,77,77,77,77,77,77,77,77,77,77,77,77,77,77,77,77,77,77,77,77,77,75,75,75,75,75,75,75,75,75,82,82,82,82,82,80,80,80,80,78,78,78,78,78,78,78,76,76],"card_choices":[{"not_picked":["theMarked:Parry","theMarked:EnhanceMovement"],"picked":"theMarked:EmpowerWeapon","floor":1},{"not_picked":["theMarked:LightningStrikesTwice","theMarked:Static"],"picked":"theMarked:ChainLightning","floor":5},{"not_picked":["theMarked:ContemptForTheProud","theMarked:Snap","theMarked:LightningStrikesTwice"],"picked":"SKIP","floor":6},{"not_picked":["theMarked:SwordAndMagic","theMarked:Electrify"],"picked":"theMarked:EmpowerWeapon","floor":7},{"not_picked":["theMarked:ChainLightning","theMarked:Improvise","theMarked:Parry"],"picked":"SKIP","floor":10},{"not_picked":["theMarked:Frustration","theMarked:ReduceFriction"],"picked":"theMarked:Aftermath","floor":12},{"not_picked":["theMarked:ElectricStrings","theMarked:Opportunist"],"picked":"theMarked:HeritageOfTheMarked","floor":14},{"not_picked":["theMarked:ChannelForce","theMarked:FavorableWinds"],"picked":"theMarked:MuscleMemory","floor":16},{"not_picked":["theMarked:RepellingDischarge"],"picked":"SKIP","floor":18},{"not_picked":["theMarked:EnhanceMovement"],"picked":"SKIP","floor":19},{"not_picked":["theMarked:Frustration"],"picked":"SKIP","floor":20},{"not_picked":["theMarked:TwofoldDefense"],"picked":"SKIP","floor":22},{"not_picked":["theMarked:Frustration"],"picked":"SKIP","floor":23},{"not_picked":["theMarked:WastefulDefense"],"picked":"SKIP","floor":25},{"not_picked":[],"picked":"theMarked:ComboAttacks","floor":27},{"not_picked":["theMarked:Static"],"picked":"SKIP","floor":31},{"not_picked":[],"picked":"theMarked:SuspiciousRaven","floor":33},{"not_picked":["theMarked:TakeCover"],"picked":"SKIP","floor":35},{"not_picked":[],"picked":"theMarked:Parry+1","floor":36},{"not_picked":[],"picked":"theMarked:EnhanceMovement+1","floor":37},{"not_picked":["theMarked:Static+1"],"picked":"SKIP","floor":38},{"not_picked":[],"picked":"theMarked:BanishingStrike+1","floor":40},{"not_picked":["theMarked:Frustration"],"picked":"SKIP","floor":41},{"not_picked":["theMarked:Improvise"],"picked":"SKIP","floor":45},{"not_picked":["theMarked:GodGivenPower"],"picked":"SKIP","floor":46},{"not_picked":["theMarked:Seal"],"picked":"SKIP","floor":49},{"not_picked":["theMarked:ChainLightning"],"picked":"SKIP","floor":50},{"not_picked":[],"picked":"theMarked:MuscleMemory","floor":56}],"player_experience":131341,"relics_obtained":[{"floor":6,"key":"Simple Rune"},{"floor":12,"key":"DemoMod:BigBoy"},{"floor":23,"key":"theMarked:VonisonLock"},{"floor":24,"key":"ReplayTheSpireMod:Ring of Addiction"},{"floor":24,"key":"ReplayTheSpireMod:Ring of Exchange"},{"floor":24,"key":"White Beast Statue"},{"floor":24,"key":"SacredBark"},{"floor":25,"key":"theMarked:SecretDocuments"},{"floor":26,"key":"Bag of Marbles"},{"floor":27,"key":"theMarked:NailFile"},{"floor":40,"key":"Strawberry"},{"floor":43,"key":"Grinning Jar"},{"floor":45,"key":"REME_HandOfSuture"},{"floor":49,"key":"ReplayTheSpireMod:TigerMarble"},{"floor":56,"key":"Replay:Bottled Steam"}],"event_choices":[{"cards_removed":["theMarked:Strike"],"damage_healed":0,"gold_gain":0,"player_choice":"Card Removal","damage_taken":7,"max_hp_gain":0,"max_hp_loss":0,"event_name":"Golden Wing","floor":2,"gold_loss":0},{"damage_healed":0,"gold_gain":0,"cards_transformed":["theMarked:Strike"],"player_choice":"Change","damage_taken":0,"max_hp_gain":0,"max_hp_loss":0,"event_name":"Living Wall","floor":3,"gold_loss":0,"cards_obtained":["theMarked:DeterminationOfTheMarked"]},{"damage_healed":0,"gold_gain":0,"player_choice":"Take Wound","damage_taken":0,"relics_obtained":["Golden Idol"],"max_hp_gain":0,"max_hp_loss":0,"event_name":"Golden Idol","floor":8,"gold_loss":0,"cards_obtained":["Injury"]},{"damage_healed":0,"gold_gain":0,"player_choice":"Obtained Relic","damage_taken":0,"relics_obtained":["DemoMod:NanoMachines"],"max_hp_gain":0,"max_hp_loss":0,"event_name":"Addict","floor":21,"gold_loss":85}],"is_beta":false,"boss_relics":[{"not_picked":["Replay:Wanted Poster","REME_DuelDisc"],"picked":"Busted Crown"},{"not_picked":["REME_ChargedStone","Empty Cage"],"picked":"Replay:Bronze Core"}],"items_purged_floors":[29,39,55],"is_endless":false,"potions_floor_spawned":[1,5,7,14,18,20,23,25,27,31,33,35,36,37,38,40,41,45,46,49,50,56],"ascension_level":0}}