{"host":"uv231blk40vjdojr","time":1609708799,"event":{"mods":["BaseMod","Minty Spire (QoL Compilation)","Relic Stats"],"gold_per_floor":[117,117,131,144,24,24,0,0,25,25,58,75,25,47,47,153,153,173,182,182,191,205,205,205],"floor_reached":23,"playtime":1053,"items_purged":["Strike_G"],"score":302,"play_id":"323ff923-c34f-44e8-9d3f-20b913b04a85","local_time":"20210103221959","is_ascension_mode":true,"campfire_choices":[{"data":"Noxious Fumes","floor":6,"key":"SMITH"},{"data":"Night Terror","floor":10,"key":"SMITH"},{"floor":15,"key":"REST"}],"circlet_count":0,"master_deck":["AscendersBane","Strike_G","Strike_G","Strike_G","Defend_G","Defend_G","Defend_G","Defend_G","Defend_G","Survivor","Neutralize","Quick Slash","Blade Dance","Noxious Fumes+1","Backstab","Quick Slash","Dagger Spray","Night Terror+1","Terror","Corpse Explosion","RitualDagger","RitualDagger"],"relics":["Black Star","Potion Belt","CeramicFish","Smiling Mask","Runic Pyramid","Enchiridion"],"acts_visited":["Exordium","TheCity"],"potions_floor_usage":[16,22],"damage_taken":[{"damage":8,"enemies":"2 Louse","floor":1,"turns":3},{"damage":0,"enemies":"Cultist","floor":3,"turns":4},{"damage":3,"enemies":"Small Slimes","floor":4,"turns":4},{"damage":17,"enemies":"3 Sentries","floor":11,"turns":6},{"damage":7,"enemies":"Looter","floor":12,"turns":3},{"damage":10,"enemies":"3 Louse","floor":14,"turns":3},{"damage":20,"enemies":"Slime Boss","floor":16,"turns":9},{"damage":7,"enemies":"Chosen","floor":18,"turns":3},{"damage":23,"enemies":"Shell Parasite","floor":22,"turns":7},{"damage":25,"enemies":"Gremlin Leader","floor":23,"turns":4}],"seed_played":"-4983471381593256293","potions_obtained":[{"floor":12,"key":"PowerPotion"},{"floor":14,"key":"Poison Potion"},{"floor":16,"key":"Regen Potion"}],"is_trial":false,"path_per_floor":["M","?","M","M","$","R","$","?","T","R","E","M","$","M","R","B",null,"M","?","?","?","M","E"],"character_chosen":"THE_SILENT","items_purchased":["Backstab","Quick Slash","Dagger Spray"],"campfire_rested":1,"item_purchase_floors":[5,5,7],"current_hp_per_floor":[55,55,55,52,52,52,52,52,52,52,35,28,28,18,39,19,57,50,44,28,28,19,0,0],"gold":205,"neow_bonus":"BOSS_RELIC","is_daily":false,"chose_seed":false,"campfire_upgraded":2,"win_rate":0.0,"timestamp":1609708799,"path_taken":["M","?","M","?","?","R","$","?","T","R","E","M","$","?","R","BOSS","M","?","?","?","?","E"],"items_purchased_type":["Card","Card","Card"],"build_version":"2020-12-22","purchased_purges":1,"victory":false,"max_hp_per_floor":[70,70,70,70,70,70,70,70,70,70,70,70,70,70,70,70,70,70,70,70,70,70,70,70],"relic_stats":{"counters":[10,46],"CeramicFish":36,"Black Star":1,"Smiling Mask":25,"obtain_stats":[{"Potion Belt":9,"CeramicFish":11,"Enchiridion":20,"Black Star":0,"Smiling Mask":11,"Ring of the Snake":0,"Runic Pyramid":17},{"Potion Belt":3,"CeramicFish":4,"Enchiridion":8,"Black Star":0,"Smiling Mask":4,"Ring of the Snake":0,"Runic Pyramid":7},{"Potion Belt":11,"CeramicFish":17,"Enchiridion":35,"Black Star":0,"Smiling Mask":17,"Ring of the Snake":0,"Runic Pyramid":32}]},"card_choices":[{"not_picked":["Outmaneuver","Slice"],"picked":"Quick Slash","floor":1},{"not_picked":["Flying Knee","Bane"],"picked":"Blade Dance","floor":3},{"not_picked":["Backflip","Endless Agony"],"picked":"Noxious Fumes","floor":4},{"not_picked":["Blur","Sucker Punch","Bane"],"picked":"SKIP","floor":11},{"not_picked":["Blur","Flying Knee","Cloak And Dagger"],"picked":"SKIP","floor":12},{"not_picked":["All Out Attack","Skewer"],"picked":"Terror","floor":14},{"not_picked":["Tools of the Trade","Bullet Time"],"picked":"Corpse Explosion","floor":16},{"not_picked":["Tactician","Dagger Spray","Acrobatics"],"picked":"SKIP","floor":18},{"not_picked":["Dash","Cloak And Dagger","Infinite Blades"],"picked":"SKIP","floor":22}],"player_experience":558998,"relics_obtained":[{"floor":9,"key":"Potion Belt"},{"floor":11,"key":"CeramicFish"},{"floor":11,"key":"Smiling Mask"},{"floor":20,"key":"Enchiridion"}],"event_choices":[{"cards_removed":["Strike_G"],"damage_healed":0,"gold_gain":0,"player_choice":"Card Removal","damage_taken":0,"max_hp_gain":0,"max_hp_loss":0,"event_name":"Wheel of Change","floor":2,"gold_loss":0},{"damage_healed":0,"gold_gain":0,"player_choice":"1 cards matched","damage_taken":0,"max_hp_gain":0,"max_hp_loss":0,"event_name":"Match and Keep!","floor":8,"gold_loss":0,"cards_obtained":["Night Terror"]},{"damage_healed":0,"gold_gain":0,"player_choice":"Joined the Cult","damage_taken":6,"max_hp_gain":0,"max_hp_loss":0,"event_name":"Nest","floor":19,"gold_loss":0,"cards_obtained":["RitualDagger"]},{"damage_healed":0,"gold_gain":0,"player_choice":"Obtained Book","damage_taken":16,"max_hp_gain":0,"max_hp_loss":0,"event_name":"Cursed Tome","floor":20,"gold_loss":0},{"damage_healed":0,"gold_gain":0,"player_choice":"Copied","damage_taken":0,"max_hp_gain":0,"max_hp_loss":0,"event_name":"Duplicator","floor":21,"gold_loss":0,"cards_obtained":["RitualDagger"]}],"is_beta":false,"boss_relics":[{"not_picked":["Runic Dome","WristBlade"],"picked":"Runic Pyramid"}],"items_purged_floors":[13],"is_endless":false,"potions_floor_spawned":[12,14,16],"killed_by":"Gremlin Leader","ascension_level":12}}