{"host":"y89x8uui45kcjy42","time":1609679041,"event":{"mods":["2.2 Compatiblity","BaseMod","CapriCore","Colored Map","Colored Powertips","Custom Start","Friendly Minions","Keyboard Shortcuts","Minty Spire (QoL Compilation)","Relic Stats","Slay the Relics Exporter","StSLib","SuperFastMode"],"gold_per_floor":[116,116,116,136,136,185,259,259,285,285,285,334,334,154,154,256,256,270,270,185,232,107,107,150,150,150,190,190,233,266,281,281,388,388,388,388],"floor_reached":35,"playtime":745,"items_purged":["Strike_P","Strike_P","Defend_P"],"score":1016,"play_id":"696e9ebb-8860-4f37-a557-444bea4e1f75","local_time":"20210103220401","is_ascension_mode":true,"campfire_choices":[{"data":"Eruption","floor":8,"key":"SMITH"},{"data":"Adaptation","floor":10,"key":"SMITH"},{"data":"Adaptation","floor":11,"key":"SMITH"},{"data":"Tantrum","floor":13,"key":"SMITH"},{"data":"MentalFortress","floor":15,"key":"SMITH"},{"data":"FlurryOfBlows","floor":23,"key":"SMITH"},{"data":"DevaForm","floor":25,"key":"SMITH"},{"floor":28,"key":"RECALL"},{"data":"Consecrate","floor":32,"key":"SMITH"}],"circlet_count":0,"master_deck":["AscendersBane","Eruption+1","Vigilance","Tantrum+1","Adaptation+1","FlurryOfBlows+1","Adaptation+1","Consecrate+1","MentalFortress+1","FearNoEvil","DevaForm+1","InnerPeace","Scrawl"],"relics":["PureWater","Golden Idol","CeramicFish","Orichalcum","Matryoshka","Ancient Tea Set","Darkstone Periapt","VioletLotus","Enchiridion","MawBank","OrangePellets","Pantograph","Regal Pillow","Bottled Flame","Molten Egg 2","Blue Candle","Ice Cream","SacredBark"],"acts_visited":["Exordium","TheCity","TheBeyond"],"potions_floor_usage":[6,24,24,29],"damage_taken":[{"damage":12,"enemies":"Small Slimes","floor":1,"turns":3},{"damage":1,"enemies":"2 Louse","floor":4,"turns":2},{"damage":55,"enemies":"3 Sentries","floor":6,"turns":6},{"damage":10,"enemies":"Gremlin Nob","floor":12,"turns":3},{"damage":42,"enemies":"The Guardian","floor":16,"turns":8},{"damage":0,"enemies":"Spheric Guardian","floor":18,"turns":1},{"damage":0,"enemies":"Slavers","floor":24,"turns":1},{"damage":8,"enemies":"Book of Stabbing","floor":27,"turns":2},{"damage":13,"enemies":"Slavers","floor":29,"turns":2},{"damage":0,"enemies":"Book of Stabbing","floor":30,"turns":2},{"damage":0,"enemies":"Chosen","floor":31,"turns":2},{"damage":27,"enemies":"Collector","floor":33,"turns":3},{"damage":61,"enemies":"3 Shapes","floor":35,"turns":3}],"seed_played":"-7361533930856362517","potions_obtained":[{"floor":1,"key":"GamblersBrew"},{"floor":12,"key":"BottledMiracle"},{"floor":16,"key":"Swift Potion"},{"floor":27,"key":"LiquidMemories"},{"floor":29,"key":"BlessingOfTheForge"},{"floor":33,"key":"EntropicBrew"}],"is_trial":false,"path_per_floor":["M","?","?","M","?","E","T","R","T","R","R","E","R","$","R","B",null,"M","?","?","$","$","R","E","R","T","E","R","E","E","M","R","B",null,"M"],"character_chosen":"WATCHER","items_purchased":["MentalFortress","FearNoEvil","OrangePellets"],"campfire_rested":0,"item_purchase_floors":[14,14,21],"current_hp_per_floor":[31,8,1,67,62,7,7,7,7,7,7,57,57,57,57,15,55,55,34,34,34,34,34,34,34,34,26,26,63,63,63,63,41,61,0,0],"gold":388,"neow_bonus":"TRANSFORM_TWO_CARDS","is_daily":false,"chose_seed":false,"campfire_upgraded":8,"win_rate":0.0,"timestamp":1609679041,"path_taken":["M","?","?","M","?","E","?","R","T","R","R","E","R","$","R","BOSS","M","?","?","$","$","R","E","R","T","E","R","E","E","M","R","BOSS","M"],"items_purchased_type":["Card","Card","Relic"],"build_version":"2020-12-22","purchased_purges":3,"victory":false,"max_hp_per_floor":[68,68,68,68,68,68,68,68,68,68,68,68,68,68,68,68,68,68,68,68,68,68,68,68,68,68,68,68,68,68,68,68,68,68,68,68],"relic_stats":{"Darkstone Periapt":0,"OrangePellets":[2],"Regal Pillow":0,"counters":[13,38],"Golden Idol":96,"CeramicFish":63,"Pantograph":5,"Blue Candle":[0],"VioletLotus":[23],"Orichalcum":[18],"MawBank":12,"obtain_stats":[{"Darkstone Periapt":12,"Ice Cream":30,"Regal Pillow":26,"Golden Idol":2,"CeramicFish":5,"Blue Candle":29,"SacredBark":34,"Enchiridion":19,"Orichalcum":6,"Ancient Tea Set":9,"MawBank":20,"OrangePellets":21,"Bottled Flame":26,"Matryoshka":7,"Pantograph":24,"Molten Egg 2":27,"WingedGreaves":6,"VioletLotus":17,"PureWater":0},{"Darkstone Periapt":4,"Ice Cream":10,"Regal Pillow":7,"Golden Idol":1,"CeramicFish":2,"Blue Candle":9,"SacredBark":12,"Enchiridion":6,"Orichalcum":3,"Ancient Tea Set":3,"MawBank":6,"OrangePellets":6,"Bottled Flame":7,"Matryoshka":3,"Pantograph":7,"Molten Egg 2":8,"WingedGreaves":3,"VioletLotus":5,"PureWater":0},{"Darkstone Periapt":14,"Ice Cream":30,"Regal Pillow":24,"Golden Idol":3,"CeramicFish":5,"Blue Candle":28,"SacredBark":35,"Enchiridion":23,"Orichalcum":11,"Ancient Tea Set":11,"MawBank":23,"OrangePellets":23,"Bottled Flame":24,"Matryoshka":11,"Pantograph":24,"Molten Egg 2":26,"WingedGreaves":11,"VioletLotus":22,"PureWater":0}]},"card_choices":[{"not_picked":["CarveReality","EmptyBody"],"picked":"FlurryOfBlows","floor":1},{"not_picked":["Tantrum","SignatureMove","FlyingSleeves"],"picked":"SKIP","floor":4},{"not_picked":["SashWhip","DeceiveReality"],"picked":"Adaptation","floor":6},{"not_picked":["PathToVictory","SashWhip"],"picked":"Consecrate","floor":12},{"not_picked":["SpiritShield","MasterReality"],"picked":"DevaForm","floor":16},{"not_picked":["Adaptation","Study","Evaluate+1"],"picked":"SKIP","floor":18},{"not_picked":["WindmillStrike","Halt","BowlingBash+1"],"picked":"SKIP","floor":24},{"not_picked":["Wireheading","PathToVictory+1"],"picked":"InnerPeace","floor":27},{"not_picked":["BowlingBash+1","ThirdEye","FlurryOfBlows+1"],"picked":"SKIP","floor":29},{"not_picked":["Worship","DeceiveReality","Pray"],"picked":"SKIP","floor":30},{"not_picked":["FlyingSleeves+1","Consecrate+1","JustLucky+1"],"picked":"SKIP","floor":31},{"not_picked":["Brilliance+1","Blasphemy"],"picked":"Scrawl","floor":33}],"player_experience":547972,"relics_obtained":[{"floor":6,"key":"Orichalcum"},{"floor":7,"key":"Matryoshka"},{"floor":9,"key":"Ancient Tea Set"},{"floor":12,"key":"Darkstone Periapt"},{"floor":19,"key":"Enchiridion"},{"floor":24,"key":"Pantograph"},{"floor":26,"key":"Regal Pillow"},{"floor":26,"key":"Bottled Flame"},{"floor":27,"key":"Molten Egg 2"},{"floor":29,"key":"Blue Candle"},{"floor":30,"key":"Ice Cream"}],"event_choices":[{"damage_healed":0,"gold_gain":0,"player_choice":"Take Damage","damage_taken":23,"relics_obtained":["Golden Idol"],"max_hp_gain":0,"max_hp_loss":0,"event_name":"Golden Idol","floor":2,"gold_loss":0},{"cards_removed":["Strike_P"],"damage_healed":0,"gold_gain":0,"player_choice":"Card Removal","damage_taken":7,"max_hp_gain":0,"max_hp_loss":0,"event_name":"Golden Wing","floor":3,"gold_loss":0},{"damage_healed":0,"gold_gain":0,"player_choice":"Success","damage_taken":5,"relics_obtained":["CeramicFish"],"max_hp_gain":0,"max_hp_loss":0,"event_name":"Scrap Ooze","floor":5,"gold_loss":0},{"damage_healed":0,"gold_gain":0,"player_choice":"Obtained Book","damage_taken":21,"max_hp_gain":0,"max_hp_loss":0,"event_name":"Cursed Tome","floor":19,"gold_loss":0},{"damage_healed":0,"gold_gain":0,"player_choice":"Obtained Relic","damage_taken":0,"relics_obtained":["MawBank"],"max_hp_gain":0,"max_hp_loss":0,"event_name":"Addict","floor":20,"gold_loss":85}],"is_beta":false,"boss_relics":[{"not_picked":["Astrolabe","Empty Cage"],"picked":"VioletLotus"},{"not_picked":["Coffee Dripper","Runic Pyramid"],"picked":"SacredBark"}],"items_purged_floors":[14,21,22],"is_endless":false,"potions_floor_spawned":[1,12,16,27,29,33],"killed_by":"3 Shapes","ascension_level":20}}