{"host":"0azimyi6n3ugndj4","time":1609698566,"event":{"mods":["2.2 Compatiblity","BaseMod","Bestiary","Conspire","Curses Come First","Defuse TimeMaze Blight","Downfall","Hermit","Hyrulean Relics","Infinite Spire","Minty Spire (QoL Compilation)","Relic Filter","Relic Stats","Replay The Spire","StSLib","SuperFastMode","The Cursed","Uncapped","¡¼?Úª?ø«¡½REMEMod"],"gold_per_floor":[135,135,135,135,211,295,340,436,436,508,508,53,149,185,185,413,413,449,449,449,449,449],"floor_reached":21,"playtime":388,"items_purged":[],"score":586,"play_id":"9773d378-867b-4e5f-9a93-5d9e7d523ab2","local_time":"20210104032926","daily_mods":["SealedDeck","Hoarder","Insanity","Chimera","Specialized","Vintage","ControlledChaos","Allstar","Diverse","Colorless Cards","Heirloom","Time Dilation","Flight","downfall:Jewelcrafting","downfall:Improvised","downfall:Lament","Elite Swarm","Lethality","Midas","downfall:WorldOfGoo","downfall:Enraging","Binary"],"is_ascension_mode":true,"campfire_choices":[{"floor":15,"key":"REST"}],"circlet_count":0,"master_deck":["Demon Form","Wraith Form v2","Echo Form","DevaForm","Guardian:ConstructionForm","hexamod:ParanormalForm","Slimebound:DuplicatedForm","sneckomod:SerpentMind","AscendersBane","Bash","Survivor","Zap","Eruption","Strike_R","Strike_G","Strike_B","Defend_R","Defend_G","Defend_P","Redo","Slimebound:DivideAndConquer","Crescendo","Replay:SS_fish_2","ReplayTheSpireMod:Tripwire","TheCursedMod:CursedBlade","Ball Lightning","Guardian:Reroute","Guardian:TemporalShield","sneckomod:UnknownBlock","hexamod:GhostLash","Guardian:ChargeCore","hexamod:SpectersWail","expansioncontent:Hexaburn","Bane","Protect","BattleHymn","Guardian:PrismaticBarrier","Replay:Cycle","Replay:DivineShield","sneckomod:SoulRoll","sneckomod:UnknownUncommonAttack","hermit:Enervate","ReplayTheSpireMod:GoodbyeWorld","Stack","Turbo","expansioncontent:DarkVoid","TheCursedMod:DoubleShield","Slimebound:Repurpose","Replay:Undeath\u0027s Touch","REME_SelfUpgrade","FollowUp","Barrage","champ:GutPunch","sneckomod:Unknown1Cost","Guardian:WalkerClaw","sneckomod:DiceBlock","hermit:Ricochet","Armaments","hermit:Dive","Slimebound:SplitLeeching","hermit:LowProfile","Storm","TheCursedMod:WearCloak","Wild Strike","Slimebound:SamplingLick","Guardian:DecasProtection","Guardian:ExploitGems","Guardian:ExploitGems","sneckomod:UnknownCommonAttack","sneckomod:UnknownCommonAttack","sneckomod:UnknownCommonAttack","sneckomod:UnknownCommonSkill","sneckomod:UnknownCommonSkill","sneckomod:UnknownCommonSkill","sneckomod:UnknownUncommonAttack","sneckomod:UnknownUncommonSkill","sneckomod:UnknownUncommonPower","sneckomod:Unknown","Slimebound:Prepare","Slimebound:Prepare","Slimebound:Prepare","Slimebound:Prepare","Slimebound:Prepare","Slimebound:Prepare","Slimebound:Prepare","Slimebound:Prepare","Slimebound:Prepare","Slimebound:Prepare","Slimebound:Prepare","Slimebound:Prepare","Slimebound:Prepare","Slimebound:Prepare","Slimebound:Prepare","Perfected Strike","Perfected Strike","Perfected Strike+1","Flying Knee","Flying Knee","Flying Knee","Consecrate","Consecrate","Consecrate","Slimebound:SplitMire","Slimebound:SplitMire","Slimebound:SplitMire","hermit:Roulette","hermit:Roulette","hermit:Roulette","TheCursedMod:SpreadPlague","TheCursedMod:SpreadPlague","TheCursedMod:SpreadPlague","sneckomod:UnknownUncommonSkill","sneckomod:UnknownUncommonSkill","sneckomod:UnknownUncommonSkill","Underhanded Strike","Underhanded Strike","Underhanded Strike","REME_Compress","REME_Compress","REME_Compress","hexamod:BacktrackSmack","hexamod:BacktrackSmack","hexamod:BacktrackSmack","REME_BattleFury","REME_BattleFury","REME_BattleFury","Prepared","Prepared","Prepared","Pain","Pain","Pain"],"relics":["hexamod:SpiritBrand","Frozen Eye","Busted Crown","REME_ComplimentaryCards","Guardian:PickAxe","NeowsBlessing","Bird Faced Urn","infinitespire:Cubic Diamond","Replay:Rubber Ducky","zeldaRelics:CourageTriforce","Potion Belt","zeldaRelics:WisdomPiece","StrikeDummy","Orrery","Garlic","Busted Crown","Replay:Wax Seal","WarpedTongs"],"acts_visited":["Exordium","TheCity"],"potions_floor_usage":[],"damage_taken":[{"damage":2,"enemies":"Jaw Worm","floor":1,"turns":2},{"damage":0,"enemies":"Lagavulin","floor":6,"turns":3},{"damage":0,"enemies":"Small Slimes","floor":7,"turns":1},{"damage":65,"enemies":"Gremlin Nob","floor":8,"turns":5},{"damage":0,"enemies":"Lagavulin","floor":13,"turns":6},{"damage":0,"enemies":"2 Louse","floor":14,"turns":3},{"damage":42,"enemies":"The Guardian","floor":16,"turns":6},{"damage":17,"enemies":"Shell Parasite","floor":18,"turns":5},{"damage":43,"enemies":"3 Byrds","floor":21,"turns":1}],"seed_played":"8644400019168188427","potions_obtained":[{"floor":7,"key":"SteroidPotion"},{"floor":13,"key":"SkillPotion"},{"floor":14,"key":"Strength Potion"},{"floor":18,"key":"Block Potion"}],"is_trial":true,"path_per_floor":["M","?","?","?","T","E","M","E","T","?","?","$","E","M","R","B",null,"M","?","?","M"],"character_chosen":"WATCHER","items_purchased":["StrikeDummy","Orrery"],"campfire_rested":1,"item_purchase_floors":[12,12],"current_hp_per_floor":[59,59,59,59,59,63,63,5,5,5,5,5,17,23,43,7,53,42,42,42,0,0],"gold":449,"neow_bonus":"","is_daily":false,"chose_seed":false,"campfire_upgraded":0,"win_rate":0.0,"timestamp":1609698566,"path_taken":["M","?","?","?","?","E","?","E","T","?","?","$","E","M","R","BOSS","M","?","?","?"],"items_purchased_type":["Relic","Relic"],"build_version":"2020-12-22","purchased_purges":0,"victory":false,"max_hp_per_floor":[68,68,68,68,68,68,68,68,68,68,68,68,68,68,68,68,68,68,68,68,68,68],"relic_stats":{"Busted Crown":32,"counters":[9,31],"Bird Faced Urn":[26],"obtain_stats":[{"Potion Belt":7,"zeldaRelics:WisdomPiece":9,"NeowsBlessing":0,"infinitespire:Cubic Diamond":2,"zeldaRelics:CourageTriforce":8,"Replay:Rubber Ducky":4,"WarpedTongs":20,"Guardian:PickAxe":0,"Frozen Eye":0,"Busted Crown":0,"Bird Faced Urn":0,"Orrery":12,"zeldaRelics:CouragePiece":5,"Garlic":14,"PureWater":0,"Replay:Wax Seal":18,"StrikeDummy":12,"hexamod:SpiritBrand":2,"REME_ComplimentaryCards":0},{"Potion Belt":3,"zeldaRelics:WisdomPiece":4,"NeowsBlessing":0,"infinitespire:Cubic Diamond":1,"zeldaRelics:CourageTriforce":4,"Replay:Rubber Ducky":1,"WarpedTongs":8,"Guardian:PickAxe":0,"Frozen Eye":0,"Busted Crown":0,"Bird Faced Urn":0,"Orrery":4,"zeldaRelics:CouragePiece":1,"Garlic":6,"PureWater":0,"Replay:Wax Seal":8,"StrikeDummy":4,"hexamod:SpiritBrand":1,"REME_ComplimentaryCards":0},{"Potion Belt":6,"zeldaRelics:WisdomPiece":11,"NeowsBlessing":0,"infinitespire:Cubic Diamond":2,"zeldaRelics:CourageTriforce":11,"Replay:Rubber Ducky":2,"WarpedTongs":30,"Guardian:PickAxe":0,"Frozen Eye":0,"Busted Crown":0,"Bird Faced Urn":0,"Orrery":11,"zeldaRelics:CouragePiece":2,"Garlic":19,"PureWater":0,"Replay:Wax Seal":30,"StrikeDummy":11,"hexamod:SpiritBrand":2,"REME_ComplimentaryCards":0}],"WarpedTongs":[1]},"card_choices":[],"player_experience":1521570,"relics_obtained":[{"floor":4,"key":"Replay:Rubber Ducky"},{"floor":5,"key":"zeldaRelics:CouragePiece"},{"floor":6,"key":"zeldaRelics:CouragePiece"},{"floor":7,"key":"Potion Belt"},{"floor":8,"key":"zeldaRelics:CouragePiece"},{"floor":9,"key":"zeldaRelics:WisdomPiece"},{"floor":13,"key":"zeldaRelics:WisdomPiece"},{"floor":14,"key":"Garlic"},{"floor":18,"key":"Replay:Wax Seal"}],"event_choices":[{"damage_healed":0,"gold_gain":72,"player_choice":"Gained Gold","damage_taken":0,"max_hp_gain":0,"max_hp_loss":0,"event_name":"Golden Wing","floor":10,"gold_loss":0},{"damage_healed":0,"gold_gain":0,"player_choice":"Ignored","damage_taken":0,"max_hp_gain":0,"max_hp_loss":0,"event_name":"Shining Light","floor":11,"gold_loss":0},{"damage_healed":0,"gold_gain":0,"player_choice":"Read","damage_taken":0,"max_hp_gain":0,"max_hp_loss":0,"event_name":"The Library","floor":19,"gold_loss":0,"cards_obtained":["Prepared"]},{"damage_healed":0,"gold_gain":0,"player_choice":"Rummage","damage_taken":0,"relics_obtained":["WarpedTongs"],"max_hp_gain":0,"max_hp_loss":0,"event_name":"Accursed Blacksmith","floor":20,"gold_loss":0,"cards_obtained":["Pain"]}],"is_beta":false,"boss_relics":[{"not_picked":["Astrolabe","Tiny House"],"picked":"Busted Crown"}],"items_purged_floors":[],"is_endless":false,"potions_floor_spawned":[7,13,14,18],"killed_by":"3 Byrds","ascension_level":20}}