{"host":"kq2g769nefmuyn7c","time":1609641946,"event":{"mods":["ATMod(∞¢Ë™Mod)","Act Like it!","BaseMod","Gensokyo","Marisa£®ÏF”Í°°ƒß¿Ì…≥£©","Minty Spire (QoL Compilation)","Remilia£®¿Ÿ√◊¿Ú—«£©","Replay The Spire","StSLib"],"gold_per_floor":[110,127,127,127,147,173,184,284,284,303,313,332,332,366,366,463,463,480,480,491,79,92,126,126,126,126,141,141,173,173,173,173],"floor_reached":31,"playtime":2024,"items_purged":["Strike_MRS"],"score":363,"play_id":"13fd5927-b000-4f2b-b695-dee71a696845","local_time":"20210103104546","is_ascension_mode":true,"campfire_choices":[{"data":"EscapeVelocity","floor":15,"key":"SMITH"},{"data":"AT_FamilyPortrait","floor":30,"key":"SMITH"}],"circlet_count":0,"master_deck":["Strike_MRS+1","Strike_MRS","Defend_MRS","Defend_MRS","Defend_MRS","Defend_MRS","MasterSpark","UpSweep","AT_FamilyPortrait+1","Occultation","MeteoricShower","AsteroidBelt","DragonMeteor","StarDustReverie","EnergyFlow","MagicAbsorber","TreasureHunter","EscapeVelocity+1","SatelliteIllusion","StarDustReverie","CurseOfTheBell","OrrerysSun","TransientEternity+1","Orbital","OpenUniverse","SprinkleStarSeal","MaximisePower","ShootTheMoon+1","RefractionSpark+1","Pot Of Greed","Pot Of Greed","Pot Of Greed"],"relics":["MiniHakkero","AT_ATBox","Gensokyo:MarisaImprobabilityPotion","AT_Kusabimaru","Replay:PocketPolymizer","HandmadeGrimoire","MagicBroom","Bottled Tornado","Calling Bell","Blue Doll","Chameleon Ring","Shovel","Toy Ornithopter","Thread and Needle","Gensokyo:DayTheSeaSplit","Bottled Lightning","Whetstone","Grinning Jar"],"acts_visited":["Gensokyo:Gensokyo","Gensokyo:Gensokyoer"],"potions_floor_usage":[6,22],"damage_taken":[{"damage":0,"enemies":"Gensokyo:Python","floor":1,"turns":2},{"damage":0,"enemies":"Gensokyo:3_Fairies","floor":2,"turns":4},{"damage":10,"enemies":"Gensokyo:Cirno","floor":6,"turns":7},{"damage":0,"enemies":"Gensokyo:2_Kodama","floor":7,"turns":1},{"damage":0,"enemies":"Gensokyo:LivingMonolith","floor":10,"turns":1},{"damage":0,"enemies":"Gensokyo:3_Kodama","floor":11,"turns":1},{"damage":7,"enemies":"Gensokyo:2_Rabbits","floor":12,"turns":4},{"damage":13,"enemies":"Gensokyo:Aya","floor":14,"turns":4},{"damage":13,"enemies":"Gensokyo:Kokoro","floor":16,"turns":7},{"damage":31,"enemies":"Gensokyo:AngelMirror","floor":18,"turns":4},{"damage":14,"enemies":"Gensokyo:Chomper","floor":20,"turns":3},{"damage":14,"enemies":"Gensokyo:Wraith","floor":22,"turns":3},{"damage":0,"enemies":"Gensokyo:Koishi","floor":23,"turns":3},{"damage":0,"enemies":"Gensokyo:Swordslinger","floor":27,"turns":3},{"damage":8,"enemies":"Gensokyo:Tenshi","floor":29,"turns":3},{"damage":46,"enemies":"Gensokyo:Reisen","floor":31,"turns":2}],"seed_played":"7706873783035325406","potions_obtained":[{"floor":2,"key":"Energy Potion"},{"floor":7,"key":"Cursed Concoction"},{"floor":11,"key":"SpeedPotion"},{"floor":14,"key":"Reflective Coating"},{"floor":22,"key":"BottledSpark"},{"floor":29,"key":"SkillPotion"}],"is_trial":false,"path_per_floor":["M","M","?","?","?","E","M","?","T","M","M","M","?","E","R","B",null,"M","?","M","$","M","E","?","?","T","M","R","E","R","E"],"character_chosen":"MARISA","items_purchased":["OpenUniverse","Toy Ornithopter","Fruit Juice"],"campfire_rested":0,"item_purchase_floors":[21,21,21],"current_hp_per_floor":[75,75,75,75,75,65,65,65,65,65,65,58,58,45,45,32,75,44,44,30,30,38,38,38,38,38,38,38,30,30,0,0],"gold":173,"neow_bonus":"RANDOM_EVENT","is_daily":false,"chose_seed":false,"campfire_upgraded":2,"win_rate":0.0,"timestamp":1609641946,"path_taken":["M","M","?","?","?","E","M","?","T","M","?","M","?","E","R","BOSS","M","?","M","?","?","E","?","?","T","?","R","E","R","E"],"items_purchased_type":["Card","Relic","Potion"],"build_version":"2020-12-22","purchased_purges":1,"victory":false,"max_hp_per_floor":[75,75,75,75,75,75,75,75,75,75,75,75,75,75,75,75,75,75,75,75,75,82,82,82,82,82,82,82,82,82,82,82],"card_choices":[{"not_picked":["DoubleSpark","UnstableBomb"],"picked":"StarlightTyphoon","floor":1},{"not_picked":["UnstableBomb","StarlightTyphoon"],"picked":"Occultation","floor":2},{"not_picked":["MysteriousBeam","GrandCross"],"picked":"MeteoricShower","floor":3},{"not_picked":["GravityBeat","UnstableBomb"],"picked":"AsteroidBelt","floor":3},{"not_picked":["GrandCross","WitchLeyline"],"picked":"DragonMeteor","floor":5},{"not_picked":["SuperPerseids","ManaConvection"],"picked":"StarDustReverie","floor":6},{"not_picked":["GrandCross","Occultation","WitchOfGreed"],"picked":"SKIP","floor":7},{"not_picked":["WitchOfGreed","MachineGunSpark"],"picked":"EnergyFlow","floor":10},{"not_picked":["WitchLeyline","SporeBomb"],"picked":"MagicAbsorber","floor":11},{"not_picked":["PowerUp","ShootingEcho"],"picked":"TreasureHunter","floor":12},{"not_picked":["GrandCross","DoubleSpark"],"picked":"SatelliteIllusion","floor":14},{"not_picked":["AbsoluteMagnitude","CasketOfStar"],"picked":"StarDustReverie","floor":16},{"not_picked":["AsteroidBelt","LuminesStrike"],"picked":"OrrerysSun","floor":18},{"not_picked":["LuminesStrike","TreasureHunter"],"picked":"Orbital","floor":20},{"not_picked":["MilkyWay","SporeBomb"],"picked":"SprinkleStarSeal","floor":22},{"not_picked":["Singularity","OrrerysSun+1"],"picked":"MaximisePower","floor":23},{"not_picked":["FairyDestructionRay","PowerUp","6A"],"picked":"SKIP","floor":27},{"not_picked":["GravityBeat","ShootingEcho"],"picked":"RefractionSpark+1","floor":29}],"player_experience":147181,"relics_obtained":[{"floor":5,"key":"AT_Kusabimaru"},{"floor":6,"key":"Replay:PocketPolymizer"},{"floor":9,"key":"HandmadeGrimoire"},{"floor":14,"key":"MagicBroom"},{"floor":14,"key":"Bottled Tornado"},{"floor":17,"key":"Blue Doll"},{"floor":17,"key":"Chameleon Ring"},{"floor":17,"key":"Shovel"},{"floor":23,"key":"Thread and Needle"},{"floor":26,"key":"Bottled Lightning"},{"floor":29,"key":"Whetstone"},{"floor":29,"key":"Grinning Jar"}],"event_choices":[],"is_beta":false,"boss_relics":[{"not_picked":["Replay:Ancient Bell","Kintsugi"],"picked":"Calling Bell"}],"items_purged_floors":[21],"is_endless":false,"potions_floor_spawned":[2,7,11,14,18,22,29],"killed_by":"Gensokyo:Reisen","ascension_level":2}}