{"host":"o4w63qr3r67r509f","time":1609655929,"event":{"mods":["2.2 Compatiblity","AchievementEnabler","BaseMod","Colored Map","DeckTracker","KOR Keyword Fix","Minty Spire (QoL Compilation)","StSLib"],"gold_per_floor":[113,188,188,188,188,222,222,232,232,251,251,284,299,299,299,394,394,407,417,448,538,558,558,558],"floor_reached":23,"playtime":964,"items_purged":[],"score":224,"play_id":"329bfd36-fa47-48f3-9763-89a37ed8aac7","local_time":"20210103153849","is_ascension_mode":false,"campfire_choices":[{"data":"Eruption","floor":7,"key":"SMITH"},{"data":"BowlingBash","floor":11,"key":"SMITH"},{"data":"WindmillStrike","floor":15,"key":"SMITH"}],"circlet_count":0,"master_deck":["Strike_P","Strike_P","Strike_P","Strike_P","Defend_P","Defend_P","Defend_P","Defend_P","Eruption+1","Vigilance","Consecrate","BowlingBash+1","DeusExMachina","InnerPeace","WindmillStrike+1","ConjureBlade","Worship+1","Forethought"],"relics":["PureWater","NeowsBlessing","Question Card","Mango","Sundial","HornCleat","Darkstone Periapt","Philosopher\u0027s Stone","Red Mask"],"acts_visited":["Exordium","TheCity"],"potions_floor_usage":[12,16,20,20,20,22,23],"damage_taken":[{"damage":0,"enemies":"Small Slimes","floor":1,"turns":1},{"damage":0,"enemies":"3 Sentries","floor":6,"turns":1},{"damage":0,"enemies":"Jaw Worm","floor":8,"turns":1},{"damage":0,"enemies":"2 Louse","floor":10,"turns":2},{"damage":15,"enemies":"Lagavulin","floor":12,"turns":7},{"damage":0,"enemies":"Exordium Thugs","floor":13,"turns":3},{"damage":42,"enemies":"The Guardian","floor":16,"turns":8},{"damage":10,"enemies":"Spheric Guardian","floor":18,"turns":4},{"damage":0,"enemies":"3 Byrds","floor":19,"turns":4},{"damage":43,"enemies":"Masked Bandits","floor":20,"turns":6},{"damage":8,"enemies":"Cultist and Chosen","floor":22,"turns":4},{"damage":59,"enemies":"Slavers","floor":23,"turns":4}],"seed_played":"5117072598375181975","potions_obtained":[{"floor":10,"key":"Block Potion"},{"floor":12,"key":"Regen Potion"},{"floor":14,"key":"EntropicBrew"},{"floor":14,"key":"FearPotion"},{"floor":22,"key":"ColorlessPotion"}],"is_trial":false,"path_per_floor":["M","?","?","?","T","E","R","M","T","M","R","E","M","?","R","B",null,"M","M","?","?","M","E"],"character_chosen":"WATCHER","items_purchased":[],"campfire_rested":0,"item_purchase_floors":[],"current_hp_per_floor":[72,61,61,61,75,75,75,75,75,75,75,60,60,60,60,18,86,76,76,48,30,22,0,0],"gold":558,"neow_bonus":"THREE_ENEMY_KILL","is_daily":false,"chose_seed":false,"campfire_upgraded":3,"win_rate":0.0,"timestamp":1609655929,"path_taken":["M","?","?","?","?","E","R","?","T","M","R","E","M","?","R","BOSS","M","?","?","?","M","E"],"items_purchased_type":[],"build_version":"2020-12-22","purchased_purges":0,"victory":false,"max_hp_per_floor":[72,72,72,72,86,86,86,86,86,86,86,86,86,86,86,86,86,86,86,86,86,86,86,86],"card_choices":[{"not_picked":["SashWhip","FlyingSleeves"],"picked":"Consecrate","floor":1},{"not_picked":["JustLucky","FlyingSleeves","FlurryOfBlows"],"picked":"BowlingBash","floor":6},{"not_picked":["ClearTheMind","FearNoEvil","Evaluate","EmptyFist"],"picked":"SKIP","floor":8},{"not_picked":["FollowUp","Halt","Consecrate"],"picked":"DeusExMachina","floor":10},{"not_picked":["BowlingBash","ClearTheMind","CutThroughFate"],"picked":"InnerPeace","floor":12},{"not_picked":["EmptyFist","FlyingSleeves","Perseverance"],"picked":"WindmillStrike","floor":13},{"not_picked":["Brilliance","Establishment","Omniscience"],"picked":"ConjureBlade","floor":16},{"not_picked":["FlyingSleeves","ThirdEye","FlurryOfBlows","FearNoEvil"],"picked":"SKIP","floor":18},{"not_picked":["FlyingSleeves","EmptyFist","EmptyMind","Sanctity"],"picked":"SKIP","floor":19},{"not_picked":["SandsOfTime+1","ConjureBlade","InnerPeace"],"picked":"Worship+1","floor":20},{"not_picked":["FollowUp","JustLucky+1","Halt","ClearTheMind"],"picked":"SKIP","floor":22}],"player_experience":92859,"relics_obtained":[{"floor":5,"key":"Mango"},{"floor":6,"key":"Sundial"},{"floor":9,"key":"HornCleat"},{"floor":12,"key":"Darkstone Periapt"},{"floor":20,"key":"Red Mask"}],"event_choices":[{"damage_healed":0,"gold_gain":75,"player_choice":"Gather Gold","damage_taken":11,"max_hp_gain":0,"max_hp_loss":0,"event_name":"World of Goop","floor":2,"gold_loss":0},{"damage_healed":0,"gold_gain":0,"player_choice":"Box","damage_taken":0,"relics_obtained":["Question Card"],"max_hp_gain":0,"max_hp_loss":0,"event_name":"Big Fish","floor":3,"gold_loss":0,"cards_obtained":["Regret"]},{"cards_removed":["Regret"],"damage_healed":0,"gold_gain":0,"player_choice":"Forget","damage_taken":0,"max_hp_gain":0,"max_hp_loss":0,"event_name":"Living Wall","floor":4,"gold_loss":0},{"damage_healed":0,"gold_gain":0,"player_choice":"Got Potions","damage_taken":0,"max_hp_gain":0,"max_hp_loss":0,"event_name":"Lab","floor":14,"gold_loss":0},{"damage_healed":0,"gold_gain":0,"player_choice":"Fought Bandits","damage_taken":0,"max_hp_gain":0,"max_hp_loss":0,"event_name":"Masked Bandits","floor":20,"gold_loss":0},{"damage_healed":0,"gold_gain":90,"player_choice":"GOLD CARD ","damage_taken":18,"max_hp_gain":0,"max_hp_loss":0,"event_name":"Knowing Skull","floor":21,"potions_obtained":[],"gold_loss":0,"cards_obtained":["Forethought"]},{"damage_healed":0,"gold_gain":90,"player_choice":"GOLD CARD ","damage_taken":18,"max_hp_gain":0,"max_hp_loss":0,"event_name":"Knowing Skull","floor":21,"potions_obtained":[],"gold_loss":0,"cards_obtained":["Forethought"]}],"is_beta":false,"boss_relics":[{"not_picked":["Astrolabe","Tiny House"],"picked":"Philosopher\u0027s Stone"}],"items_purged_floors":[],"is_endless":false,"potions_floor_spawned":[10,12,22],"killed_by":"Slavers","ascension_level":0}}