{"host":"xwqwvmlzre68xjvm","time":1609682790,"event":{"mods":["AchievementEnabler","BaseMod","Colored Map","Colored Powertips","Hermit","Marisa£¨Ùöéë¡¡Øª×âÞÞ£©","Minty Spire (QoL Compilation)","Replay The Spire","StSLib","SuperFastMode","The Bug Knight","The Cursed","The Hierophant","The Runesmith"],"gold_per_floor":[115,115,175,243,168,202,202,230,230,230,280,343,363,383,383,484,484,503,553,603,418,485,517,517,536,618,618,154,166,186,212,212,312,312,327,31,81,98,110,137,187,222,303,407,440,459,459,476,476,476,476,476,43,72,72],"floor_reached":56,"playtime":2978,"items_purged":["Strike_B","Injury","CommonCold","Clumsy","Parasite"],"score":1413,"play_id":"e36236d3-9ae7-428b-ab9e-baf1f7cd8d66","local_time":"20210103230630","is_ascension_mode":true,"campfire_choices":[{"data":"Zap","floor":7,"key":"SMITH"},{"data":"Dualcast","floor":10,"key":"SMITH"},{"floor":15,"key":"REST"},{"floor":24,"key":"RECALL"},{"data":"Aggregate","floor":27,"key":"SMITH"},{"data":"ReplayTheSpireMod:Calculation Training","floor":32,"key":"SMITH"},{"floor":47,"key":"REST"},{"floor":49,"key":"REST"},{"data":"Madness","floor":52,"key":"SMITH"}],"circlet_count":0,"master_deck":["Zap+1","Dualcast+1","Ball Lightning","Ball Lightning","Echo Form","ReplaySort","Force Field","Conserve Battery","White Noise+1","Aggregate+1","Self Repair","Darkness+1","Leap+1","ReplayTheSpireMod:Calculation Training+1","Capacitor","Reboot","Rainbow","ReplayTheSpireMod:Calculation Training+1","Madness","Madness+1","Crystallizer+1","Panacea","Conserve Battery","Coolheaded","Glacier+1","Reboot","Storm"],"relics":["Cracked Core","NeowsBlessing","SsserpentHead","Pear","Bottled Flame","Sundial","Kintsugi","Enchiridion","ReplayTheSpireMod:CursedCoin","Replay:Rubber Ducky","War Paint","HollowMod:StagPassRelic","Letter Opener","Dream Catcher","SlaversCollar","Runesmith:AutoHammer","Replay:PocketPolymizer","Quantum Egg","CatCart","Art of War","HornCleat","Runesmith:Locket"],"acts_visited":["Exordium","TheCity","TheBeyond","TheEnding"],"potions_floor_usage":[6,12,23,25,33,33,39,39,39,45],"damage_taken":[{"damage":0,"enemies":"2 Louse","floor":1,"turns":1},{"damage":0,"enemies":"Cultist","floor":3,"turns":1},{"damage":0,"enemies":"Small Slimes","floor":4,"turns":1},{"damage":16,"enemies":"Lagavulin","floor":6,"turns":6},{"damage":22,"enemies":"3 Sentries","floor":8,"turns":6},{"damage":10,"enemies":"Gremlin Gang","floor":12,"turns":2},{"damage":11,"enemies":"Blue Slaver","floor":13,"turns":3},{"damage":1,"enemies":"Looter","floor":14,"turns":3},{"damage":33,"enemies":"Slime Boss","floor":16,"turns":10},{"damage":14,"enemies":"Shell Parasite","floor":18,"turns":4},{"damage":2,"enemies":"Spheric Guardian","floor":22,"turns":3},{"damage":30,"enemies":"Book of Stabbing","floor":23,"turns":6},{"damage":0,"enemies":"Centurion and Healer","floor":25,"turns":5},{"damage":17,"enemies":"Shelled Parasite and Fungi","floor":29,"turns":5},{"damage":0,"enemies":"Chosen and Byrds","floor":30,"turns":3},{"damage":14,"enemies":"Gremlin Leader","floor":31,"turns":6},{"damage":4,"enemies":"Champ","floor":33,"turns":7},{"damage":20,"enemies":"Orb Walker","floor":35,"turns":3},{"damage":2,"enemies":"3 Shapes","floor":38,"turns":3},{"damage":45,"enemies":"Spire Growth","floor":39,"turns":5},{"damage":11,"enemies":"Reptomancer","floor":40,"turns":5},{"damage":20,"enemies":"Giant Head","floor":42,"turns":8},{"damage":3,"enemies":"Orin","floor":44,"turns":8},{"damage":22,"enemies":"Nemesis","floor":45,"turns":5},{"damage":3,"enemies":"4 Shapes","floor":46,"turns":5},{"damage":10,"enemies":"Writhing Mass","floor":48,"turns":6},{"damage":56,"enemies":"Awakened One","floor":50,"turns":14},{"damage":0,"enemies":"Shield and Spear","floor":54,"turns":6},{"damage":88,"enemies":"The Heart","floor":55,"turns":10}],"seed_played":"4602250974020568836","potions_obtained":[{"floor":4,"key":"SkillPotion"},{"floor":8,"key":"FocusPotion"},{"floor":13,"key":"Ancient Potion"},{"floor":16,"key":"SneckoOil"},{"floor":18,"key":"Ancient Potion"},{"floor":23,"key":"Regen Potion"},{"floor":25,"key":"FocusPotion"},{"floor":30,"key":"LifebloodPotion"},{"floor":31,"key":"PowerPotion"},{"floor":33,"key":"EssenceOfDarkness"},{"floor":38,"key":"Reflective Coating"},{"floor":44,"key":"LiquidMemories"}],"is_trial":false,"path_per_floor":["M","?","M","M","$","E","R","E","T","R","?","M","M","M","R","B",null,"M","?","?","$","M","E","R","M","T","R","$","M","M","E","R","B",null,"M","$","?","M","M","E","?","E","T","?","E","M","R","M","R","B",null,"R","$","E","B",null],"character_chosen":"DEFECT","items_purchased":["ReplayTheSpireMod:CursedCoin","Replay:Rubber Ducky","Self Repair","Letter Opener","ReplayTheSpireMod:Calculation Training","Capacitor","Runesmith:AutoHammer","HornCleat"],"campfire_rested":3,"item_purchase_floors":[21,21,21,28,28,28,36,53],"current_hp_per_floor":[75,75,75,75,75,69,69,47,47,47,47,37,26,25,50,17,85,71,55,55,55,53,37,37,58,58,58,58,55,62,62,62,65,85,72,72,61,73,35,31,31,18,18,22,11,15,40,44,69,20,85,85,82,82,43],"gold":72,"neow_bonus":"THREE_ENEMY_KILL","is_daily":false,"chose_seed":false,"campfire_upgraded":5,"win_rate":0.0,"timestamp":1609682790,"path_taken":["M","?","?","?","$","E","R","E","T","R","?","?","M","M","R","BOSS","M","?","?","$","?","E","R","M","T","R","?","M","M","E","R","BOSS","M","$","?","M","M","E","?","E","T","?","E","M","R","M","R","BOSS","R","$","E","BOSS"],"items_purchased_type":["Relic","Relic","Card","Relic","Card","Card","Relic","Relic"],"build_version":"2020-12-22","purchased_purges":5,"victory":true,"max_hp_per_floor":[75,75,75,75,75,85,85,85,85,85,85,85,85,85,85,85,85,85,85,85,85,85,85,85,85,85,85,85,85,85,85,85,85,85,85,85,85,85,85,85,85,85,85,85,85,85,85,85,85,85,85,85,82,82,82],"card_choices":[{"not_picked":["Sweeping Beam","Rebound"],"picked":"Ball Lightning","floor":1},{"not_picked":["Rebound","Go for the Eyes","Auto Shields"],"picked":"SKIP","floor":3},{"not_picked":["Rebound","Gash"],"picked":"Ball Lightning","floor":4},{"not_picked":["Beam Cell","Core Surge"],"picked":"Echo Form","floor":6},{"not_picked":["Coolheaded","Reinforced Body","Leap"],"picked":"SKIP","floor":8},{"not_picked":["Ball Lightning","Cold Snap"],"picked":"Force Field","floor":12},{"not_picked":["ReplaySort","Storm"],"picked":"Conserve Battery","floor":13},{"not_picked":["Streamline","Panic Button"],"picked":"White Noise","floor":14},{"not_picked":["Panic Button","Beam Cell","Reinforced Body+1"],"picked":"SKIP","floor":18},{"not_picked":["Aggregate","Blizzard"],"picked":"Darkness","floor":22},{"not_picked":["Streamline+1","Doom and Gloom"],"picked":"Leap+1","floor":23},{"not_picked":["Barrage","Leap","Compile Driver"],"picked":"SKIP","floor":25},{"not_picked":["Redo+1","Panic Button+1"],"picked":"Reboot","floor":29},{"not_picked":["Steam+1","Barrage+1","Panic Button+1"],"picked":"SKIP","floor":30},{"not_picked":["Leap+1","Gash","Streamline"],"picked":"SKIP","floor":31},{"not_picked":["Multi-Cast","Biased Cognition"],"picked":"Rainbow","floor":33},{"not_picked":["Coolheaded+1","BasicCrystalCard"],"picked":"ReplayTheSpireMod:Calculation Training+1","floor":35},{"not_picked":["Redo","Turbo","Cold Snap"],"picked":"SKIP","floor":38},{"not_picked":["Panic Button+1","Redo","Rebound"],"picked":"SKIP","floor":39},{"not_picked":["Blizzard","All For One"],"picked":"Crystallizer+1","floor":40},{"not_picked":["Metamorphosis","Midas Touch"],"picked":"Panacea","floor":41},{"not_picked":["Auto Shields","Leap"],"picked":"Conserve Battery","floor":42},{"not_picked":["ReplayTheSpireMod:System Scan+1","Auto Shields+1"],"picked":"Coolheaded","floor":44},{"not_picked":["ReplayGash+1","Conserve Battery+1"],"picked":"Glacier+1","floor":45},{"not_picked":["ReplayTheSpireMod:System Scan+1","Steam","Go for the Eyes"],"picked":"SKIP","floor":46},{"not_picked":["Recycle","Fusion+1"],"picked":"Reboot","floor":47},{"not_picked":["Hologram","Rebound+1"],"picked":"Storm","floor":48},{"not_picked":["Panic Button","Fission","Hologram"],"picked":"SKIP","floor":54}],"player_experience":62574,"relics_obtained":[{"floor":6,"key":"Pear"},{"floor":8,"key":"Bottled Flame"},{"floor":9,"key":"Sundial"},{"floor":19,"key":"Enchiridion"},{"floor":23,"key":"War Paint"},{"floor":26,"key":"HollowMod:StagPassRelic"},{"floor":31,"key":"Dream Catcher"},{"floor":40,"key":"Replay:PocketPolymizer"},{"floor":42,"key":"Quantum Egg"},{"floor":44,"key":"CatCart"},{"floor":45,"key":"Art of War"},{"floor":54,"key":"Runesmith:Locket"}],"event_choices":[{"damage_healed":0,"gold_gain":0,"player_choice":"Trade","damage_taken":0,"relics_obtained":["SsserpentHead"],"max_hp_gain":0,"max_hp_loss":0,"event_name":"FaceTrader","floor":2,"gold_loss":0},{"damage_healed":0,"gold_gain":0,"cards_transformed":["Strike_B"],"player_choice":"Transformed","damage_taken":0,"max_hp_gain":0,"max_hp_loss":0,"event_name":"Transmorgrifier","floor":11,"gold_loss":0,"cards_obtained":["ReplaySort"]},{"damage_healed":0,"gold_gain":0,"player_choice":"Obtained Book","damage_taken":16,"max_hp_gain":0,"max_hp_loss":0,"event_name":"Cursed Tome","floor":19,"gold_loss":0},{"damage_healed":0,"gold_gain":0,"cards_transformed":["Defend_B"],"player_choice":"Transformed","damage_taken":0,"max_hp_gain":0,"max_hp_loss":0,"event_name":"Transmorgrifier","floor":20,"gold_loss":0,"cards_obtained":["Aggregate"]},{"damage_healed":0,"gold_gain":0,"player_choice":"Embrace Madness","damage_taken":11,"max_hp_gain":0,"max_hp_loss":0,"event_name":"Winding Halls","floor":37,"gold_loss":0,"cards_obtained":["Madness","Madness"]},{"damage_healed":0,"gold_gain":0,"player_choice":"Memory 1","damage_taken":0,"max_hp_gain":0,"max_hp_loss":0,"event_name":"SensoryStone","floor":41,"gold_loss":0},{"damage_healed":0,"gold_gain":0,"player_choice":"Fight","damage_taken":0,"max_hp_gain":0,"max_hp_loss":0,"event_name":"OrinTheCat","floor":44,"gold_loss":0}],"is_beta":false,"boss_relics":[{"not_picked":["FrozenCore","Ectoplasm"],"picked":"Kintsugi"},{"not_picked":["Cursed Key","Snecko Eye"],"picked":"SlaversCollar"}],"items_purged_floors":[5,21,28,36,53],"is_endless":false,"potions_floor_spawned":[4,8,13,16,18,23,25,30,31,33,38,44],"ascension_level":2}}