{"host":"rbccvrvdyhsypb23","time":1609648737,"event":{"mods":["AchievementEnabler","Act Like it!","Aspiration","BaseMod","Better Third Choice","BetterRewards","Friendly Minions","Gensokyo","Hubris","Infinite Spire","Ironclad Rager","KomeijiMod","Minty Spire (QoL Compilation)","Replay The Spire","Shade Mod","StSLib","The Blackbeard","The Mystic","Wandering Minibosses","vexMod"],"gold_per_floor":[114,129,142,142,157,191,249,276,299,299,357,357,399,59,59,195,195,226,254,254,288,288,354,47,106,106,146,146,146,177,177,177,318,318,845,945,975,1011,1051,211,211,211,285,285,361,410,410,432,432,553,553,580,504,434,534,564,611,623,635,647,683,695,749,779,791,803,922,984,1015,1027,1056,1068,1107,1119,1119],"floor_reached":74,"playtime":2192,"items_purged":[],"score":1624,"play_id":"c3de3990-41a5-49ef-9b2c-dcc5f54395e8","local_time":"20210103073857","is_ascension_mode":true,"campfire_choices":[{"data":"Tantrum","floor":15.0,"key":"SMITH"},{"data":"Eruption","floor":15.0,"key":"SMITH"},{"data":"Vault","floor":28.0,"key":"SMITH"},{"data":"Replay:ManipulateFuture","floor":28.0,"key":"SMITH"},{"floor":32.0,"key":"REST"},{"floor":42.0,"key":"REST"},{"data":"Pot Of Greed","floor":44.0,"key":"SMITH"},{"data":"Pot Of Greed","floor":44.0,"key":"SMITH"},{"data":"Pot Of Greed","floor":47.0,"key":"SMITH"},{"data":"Impervious","floor":47.0,"key":"SMITH"},{"data":"FlurryOfBlows","floor":49.0,"key":"SMITH"},{"data":"FlurryOfBlows","floor":49.0,"key":"SMITH"},{"data":"Replay:Cycle","floor":59.0,"key":"SMITH"},{"data":"JustLucky","floor":59.0,"key":"SMITH"},{"floor":66.0,"key":"RECALL"}],"circlet_count":1,"master_deck":["Strike_P","Strike_P","Strike_P+1","Strike_P","Defend_P+1","Defend_P","Defend_P","Defend_P+1","Eruption+1","Vigilance","EmptyBody+1","Tantrum+1","WheelKick","JustLucky+1","Replay:Cycle+1","ForeignInfluence+1","Consecrate+1","Impervious+1","Replay:ManipulateFuture+1","FlurryOfBlows+1","Vault+1","Replay:Cycle+1","Halt+1","FlurryOfBlows+1","NingyouKisou+1","Pot Of Greed+1","Pot Of Greed+1","Pot Of Greed+1","hubris:InfiniteBlow+706","Gensokyo:TarnishedGold","Gensokyo:Shovel","Eruption+1"],"relics":["PureWater","Replay:Arrowhead","Vajra","Bottled Flame","Matryoshka","Ancient Tea Set","Replay:Bandana","Shuriken","aspiration:ChemicalBlood","Orichalcum","HoshigumaDish","Oddly Smooth Stone","War Paint","hubris:Backtick","Unceasing Top","vexMod:MysteryBossChallenge","Busted Crown","KyoryuNoHagoromo","PrismaticShard","Replay:Rubber Ducky","FossilizedHelix","Omamori","Replay:Mystery Machine","Bag of Marbles","Black Star","wanderingMiniBosses:LockLocket","Grinning Jar","Juzu Bracelet","Meat on the Bone","Nunchaku","Replay:Wax Seal","Philosopher\u0027s Stone","Bottled Lightning","MawBank","Circlet","ShirouKen","Replay:WaspNest","Whetstone","Yang","Tiny House","hubris:Towel","aspiration:Lifesprig"],"acts_visited":["Exordium","TheCity","TheBeyond","TheBeyond","Gensokyo:Gensokyo"],"potions_floor_usage":[],"damage_taken":[{"damage":0.0,"enemies":"Cultist","floor":1.0,"turns":2.0},{"damage":0.0,"enemies":"Small Slimes","floor":2.0,"turns":2.0},{"damage":0.0,"enemies":"2 Louse","floor":3.0,"turns":1.0},{"damage":2.0,"enemies":"Looter","floor":5.0,"turns":2.0},{"damage":0.0,"enemies":"Gremlin Nob","floor":6.0,"turns":2.0},{"damage":0.0,"enemies":"3 Sentries","floor":7.0,"turns":3.0},{"damage":1.0,"enemies":"3 Sentries","floor":8.0,"turns":4.0},{"damage":10.0,"enemies":"Lagavulin","floor":11.0,"turns":3.0},{"damage":0.0,"enemies":"Gremlin Nob","floor":13.0,"turns":2.0},{"damage":0.0,"enemies":"The Guardian","floor":16.0,"turns":4.0},{"damage":0.0,"enemies":"2 Thieves","floor":18.0,"turns":1.0},{"damage":0.0,"enemies":"Shell Parasite","floor":19.0,"turns":1.0},{"damage":37.0,"enemies":"Snake Plant","floor":21.0,"turns":2.0},{"damage":0.0,"enemies":"Gremlin Leader","floor":23.0,"turns":3.0},{"damage":0.0,"enemies":"Book of Stabbing","floor":25.0,"turns":3.0},{"damage":0.0,"enemies":"Centurion and Healer","floor":27.0,"turns":2.0},{"damage":0.0,"enemies":"Sentry and Sphere","floor":30.0,"turns":2.0},{"damage":9.0,"enemies":"hubris:MusketHawk","floor":33.0,"turns":4.0},{"damage":10.0,"enemies":"3 Shapes","floor":35.0,"turns":5.0},{"damage":0.0,"enemies":"Orb Walker","floor":37.0,"turns":1.0},{"damage":0.0,"enemies":"Writhing Mass","floor":38.0,"turns":4.0},{"damage":0.0,"enemies":"3 Darklings","floor":39.0,"turns":2.0},{"damage":174.0,"enemies":"Nightmare","floor":40.0,"turns":5.0},{"damage":0.0,"enemies":"Giant Head","floor":45.0,"turns":4.0},{"damage":0.0,"enemies":"Sphere and 2 Shapes","floor":46.0,"turns":3.0},{"damage":0.0,"enemies":"Writhing Mass","floor":48.0,"turns":1.0},{"damage":0.0,"enemies":"Time Eater","floor":50.0,"turns":3.0},{"damage":0.0,"enemies":"Gensokyo:Python","floor":52.0,"turns":1.0},{"damage":0.0,"enemies":"Gensokyo:3_Fairies","floor":56.0,"turns":2.0},{"damage":0.0,"enemies":"Gensokyo:Cirno","floor":57.0,"turns":3.0},{"damage":0.0,"enemies":"Nightmare","floor":61.0,"turns":1.0},{"damage":0.0,"enemies":"Gensokyo:Cirno","floor":63.0,"turns":4.0},{"damage":0.0,"enemies":"Gensokyo:Gryphon","floor":64.0,"turns":1.0},{"damage":18.0,"enemies":"Gensokyo:Kokoro","floor":67.0,"turns":3.0},{"damage":0.0,"enemies":"Gensokyo:CosmicMonolith","floor":69.0,"turns":1.0},{"damage":0.0,"enemies":"Gensokyo:AngelMirror","floor":71.0,"turns":1.0},{"damage":0,"enemies":"Nightmare","floor":74,"turns":1}],"seed_played":"5771315651795826322","potions_obtained":[{"floor":1.0,"key":"Strength Potion"},{"floor":6.0,"key":"BottledMiracle"},{"floor":7.0,"key":"Block Potion"},{"floor":11.0,"key":"Swift Potion"},{"floor":13.0,"key":"PowerPotion"},{"floor":25.0,"key":"Strength Potion"},{"floor":30.0,"key":"BottledMiracle"},{"floor":33.0,"key":"Swift Potion"},{"floor":33.0,"key":"Adrenaline Potion"},{"floor":45.0,"key":"BottledMiracle"}],"is_trial":false,"path_per_floor":["M","M","M","T","M","E","?","E","T","?","E","?","E","$","R","B",null,"M","M","AVR","M","?","E","$","E","T","M","R","?","M","?","R","B",null,"M","?","M","M","M","NM","?","R","T","R","E","M","R","M","R","B",null,"M","COS","?","?","M","E","?","R","T","NM","?","E","M","T","R","B",null,"M","?","M","?","T","NM"],"character_chosen":"WATCHER","items_purchased":["Vajra","EmptyBody","Tantrum","SkillPotion","FlurryOfBlows","Oddly Smooth Stone","War Paint","FossilizedHelix"],"campfire_rested":2,"item_purchase_floors":[0,0,0,0,14,14,14,24],"current_hp_per_floor":[72,72,72,72,70,70,70,69,69,69,59,38,38,38,38,38,72,72,72,72,35,27,27,27,27,27,27,27,27,27,14,37,28,77,67,67,67,67,67,1,4,28,28,28,40,52,52,52,52,52,80,80,80,80,80,80,80,88,88,88,88,88,88,88,88,88,70,93,93,93,93,93,93,93,93],"gold":1119,"neow_bonus":"","is_daily":false,"chose_seed":false,"campfire_upgraded":12,"win_rate":0.0,"timestamp":1609648737,"path_taken":["M","M","M","?","M","E","?","E","T","?","E","?","E","?","R","BOSS","M","M","AVR","M","?","E","$","E","T","M","R","?","M","?","R","BOSS","M","?","M","M","M","NM","?","R","T","R","E","M","R","M","R","BOSS","M","COS","?","?","M","E","?","R","T","NM","?","E","M","?","R","BOSS","M","?","M","?","?","NM"],"items_purchased_type":["Relic","Card","Card","Potion","Card","Relic","Relic","Relic"],"build_version":"2020-12-22","purchased_purges":0,"victory":false,"max_hp_per_floor":[72,72,72,72,72,72,72,72,72,72,72,72,72,72,72,72,72,72,72,72,72,72,72,72,72,72,72,72,72,72,77,77,77,77,77,77,77,77,77,77,80,80,80,80,80,80,80,80,80,80,80,80,80,80,80,80,80,88,88,88,88,88,88,88,88,88,88,93,93,93,93,93,93,93,93],"card_choices":[{"not_picked":["Evaluate","InnerPeace"],"picked":"WheelKick","floor":1.0},{"not_picked":["PathToVictory","Pray","EmptyMind"],"picked":"SKIP","floor":2.0},{"not_picked":["Wireheading","FlyingSleeves"],"picked":"JustLucky","floor":3.0},{"not_picked":["Crescendo","EmptyFist"],"picked":"Replay:Cycle","floor":5.0},{"not_picked":["EmptyFist","PathToVictory","SashWhip"],"picked":"SKIP","floor":6.0},{"not_picked":["Wireheading","ClearTheMind"],"picked":"ForeignInfluence","floor":8.0},{"not_picked":["Replay:BluntJabs","Adaptation"],"picked":"Consecrate","floor":11.0},{"not_picked":["Collect","BattleHymn"],"picked":"Replay:ManipulateFuture","floor":13.0},{"not_picked":["Omniscience","Judgement"],"picked":"Vault","floor":16.0},{"not_picked":["TalkToTheHand","Replay:AtTheReady","Collect"],"picked":"SKIP","floor":18.0},{"not_picked":["Wireheading","Prostrate","CrushJoints+1"],"picked":"SKIP","floor":19.0},{"not_picked":[],"picked":"Replay:Cycle+1","floor":21.0},{"not_picked":[],"picked":"Halt","floor":22.0},{"not_picked":["Shade:CommandSoldier"],"picked":"SKIP","floor":23.0},{"not_picked":["Cloak And Dagger"],"picked":"SKIP","floor":25.0},{"not_picked":[],"picked":"FlurryOfBlows","floor":27.0},{"not_picked":["OoedoNingyou+1"],"picked":"SKIP","floor":30.0},{"not_picked":[],"picked":"NingyouKisou+1","floor":35.0},{"not_picked":["TricksterDevil"],"picked":"SKIP","floor":37.0},{"not_picked":["mysticmod:TomeOfSpells"],"picked":"SKIP","floor":38.0},{"not_picked":["Darkness"],"picked":"SKIP","floor":39.0},{"not_picked":["infinitespire:Fortify","infinitespire:NeuralNetwork"],"picked":"hubris:InfiniteBlow+353","floor":40.0},{"not_picked":["blackbeard:WeaponProficiency"],"picked":"SKIP","floor":40.0},{"not_picked":["DemonsDinnerFork_Remiria"],"picked":"SKIP","floor":45.0},{"not_picked":["NingyouSousou+1"],"picked":"SKIP","floor":46.0},{"not_picked":["Leg Sweep+1"],"picked":"SKIP","floor":48.0},{"not_picked":["Replay:Battleflow"],"picked":"SKIP","floor":52.0},{"not_picked":["Armaments"],"picked":"SKIP","floor":56.0},{"not_picked":["Replay:Hum"],"picked":"SKIP","floor":57.0},{"not_picked":["Streamline"],"picked":"SKIP","floor":61.0},{"not_picked":["Shade:SkeletonHug"],"picked":"SKIP","floor":63.0},{"not_picked":["Thunderclap"],"picked":"SKIP","floor":64.0},{"not_picked":["ReachHeaven+1"],"picked":"SKIP","floor":69.0},{"not_picked":["Stack"],"picked":"SKIP","floor":71.0}],"player_experience":538620,"relics_obtained":[{"floor":4.0,"key":"Bottled Flame"},{"floor":6.0,"key":"Matryoshka"},{"floor":8.0,"key":"Replay:Bandana"},{"floor":9.0,"key":"Shuriken"},{"floor":11.0,"key":"aspiration:ChemicalBlood"},{"floor":13.0,"key":"HoshigumaDish"},{"floor":22.0,"key":"PrismaticShard"},{"floor":23.0,"key":"Replay:Rubber Ducky"},{"floor":25.0,"key":"Omamori"},{"floor":26.0,"key":"Replay:Mystery Machine"},{"floor":26.0,"key":"Bag of Marbles"},{"floor":35.0,"key":"wanderingMiniBosses:LockLocket"},{"floor":40.0,"key":"Grinning Jar"},{"floor":40.0,"key":"Juzu Bracelet"},{"floor":43.0,"key":"Meat on the Bone"},{"floor":45.0,"key":"Nunchaku"},{"floor":45.0,"key":"Replay:Wax Seal"},{"floor":57.0,"key":"Bottled Lightning"},{"floor":57.0,"key":"MawBank"},{"floor":60.0,"key":"Circlet"},{"floor":61.0,"key":"ShirouKen"},{"floor":61.0,"key":"Replay:WaspNest"},{"floor":63.0,"key":"Whetstone"},{"floor":65.0,"key":"Yang"},{"floor":73.0,"key":"aspiration:Lifesprig"}],"event_choices":[{"damage_healed":0.0,"max_hp_gain":0.0,"max_hp_loss":0.0,"gold_gain":0.0,"event_name":"Dead Adventurer","player_choice":"Searched \u00272\u0027 times","floor":7.0,"gold_loss":0.0,"damage_taken":0.0,"relics_obtained":["Ancient Tea Set"]},{"damage_healed":0.0,"max_hp_gain":0.0,"max_hp_loss":0.0,"gold_gain":0.0,"event_name":"betterThird:BetterSerpent","player_choice":"Ignored","floor":10.0,"gold_loss":0.0,"damage_taken":299.0},{"damage_healed":0.0,"max_hp_gain":0.0,"max_hp_loss":0.0,"gold_gain":0.0,"event_name":"Ghosts","player_choice":"Ignored","floor":29.0,"gold_loss":0.0,"damage_taken":0.0},{"damage_healed":0.0,"max_hp_gain":5.0,"max_hp_loss":0.0,"gold_gain":0.0,"event_name":"Forgotten Altar","player_choice":"Shed Blood","floor":31.0,"gold_loss":0.0,"damage_taken":18.0},{"damage_healed":0.0,"max_hp_gain":0.0,"max_hp_loss":0.0,"gold_gain":100.0,"event_name":"Golden Shrine","player_choice":"Pray","floor":36.0,"gold_loss":0.0,"damage_taken":0.0}],"is_beta":false,"boss_relics":[{"not_picked":["Ectoplasm","Empty Cage"],"picked":"hubris:Backtick"},{"not_picked":["ReplayTheSpireMod:SealedPack","hubris:ScarierMask"],"picked":"Black Star"},{"not_picked":["vexMod:DeviousBotling","hubris:GrandSneckoEye"],"picked":"Philosopher\u0027s Stone"},{"not_picked":["Circlet","hubris:CrackedHourglass"],"picked":"Tiny House"}],"items_purged_floors":[],"is_endless":true,"potions_floor_spawned":[1,6,7,11,13,18,25,30,33,35,45,46,57,64,67],"killed_by":"Nightmare","ascension_level":1}}