{"host":"6pgtslebjnyv5xmi","time":1609658917,"event":{"mods":["AchievementEnabler","BaseMod","Colored Map","Minty Spire (QoL Compilation)","Rare Cards Sparkle","StSLib","SuperFastMode","everything is the same but u backflip on backflip"],"gold_per_floor":[119,119,42,42,42,71,71,97,97,97,97,115,128,147,147,245,245,262,153,68,68,68,68,68,68],"floor_reached":24,"playtime":749,"items_purged":["Strike_G"],"score":375,"play_id":"b38294ad-1058-48d7-826e-22b52ce8eb9d","local_time":"20210103162837","is_ascension_mode":true,"campfire_choices":[{"data":"Caltrops","floor":7,"key":"SMITH"},{"data":"Noxious Fumes","floor":15,"key":"SMITH"},{"data":"Catalyst","floor":23,"key":"SMITH"}],"circlet_count":0,"master_deck":["AscendersBane","Strike_G","Strike_G+1","Defend_G","Defend_G","Defend_G","Defend_G","Defend_G","Survivor","Neutralize","Footwork","Bouncing Flask+1","Noxious Fumes+1","Caltrops+1","PiercingWail","Well Laid Plans","A Thousand Cuts","CurseOfTheBell","Crippling Poison+1","Catalyst+1","Caltrops+1"],"relics":["Ring of the Snake","NeowsBlessing","Oddly Smooth Stone","Matryoshka","Juzu Bracelet","Meat on the Bone","Calling Bell","Art of War","Frozen Egg 2","Prayer Wheel","Singing Bowl"],"acts_visited":["Exordium","TheCity"],"potions_floor_usage":[16,16,16,24],"damage_taken":[{"damage":0,"enemies":"Small Slimes","floor":1,"turns":1},{"damage":0,"enemies":"Lagavulin","floor":6,"turns":1},{"damage":0,"enemies":"Gremlin Nob","floor":8,"turns":1},{"damage":0,"enemies":"Jaw Worm","floor":12,"turns":3},{"damage":0,"enemies":"2 Louse","floor":13,"turns":2},{"damage":20,"enemies":"Large Slime","floor":14,"turns":7},{"damage":2,"enemies":"Hexaghost","floor":16,"turns":8},{"damage":18,"enemies":"Spheric Guardian","floor":18,"turns":5},{"damage":34,"enemies":"Book of Stabbing","floor":24,"turns":4}],"seed_played":"1127378826291542835","potions_obtained":[{"floor":1,"key":"AttackPotion"},{"floor":6,"key":"FearPotion"},{"floor":14,"key":"Dexterity Potion"},{"floor":18,"key":"SpeedPotion"}],"is_trial":false,"path_per_floor":["M","?","$","?","?","E","R","E","T","?","$","M","M","M","R","B",null,"M","$","?","?","?","R","E"],"character_chosen":"THE_SILENT","items_purchased":["Noxious Fumes","Catalyst"],"campfire_rested":0,"item_purchase_floors":[3,19],"current_hp_per_floor":[63,63,63,63,56,56,56,56,56,42,42,42,42,34,34,44,64,46,46,46,33,33,33,0,0],"gold":68,"neow_bonus":"THREE_ENEMY_KILL","is_daily":false,"chose_seed":false,"campfire_upgraded":3,"win_rate":0.0,"timestamp":1609658917,"path_taken":["M","?","$","?","?","E","R","E","T","?","$","M","M","M","R","BOSS","M","$","?","?","?","R","E"],"items_purchased_type":["Card","Card"],"build_version":"2020-12-22","purchased_purges":1,"victory":false,"max_hp_per_floor":[70,70,70,70,70,70,70,70,70,70,70,70,70,70,70,70,70,70,70,70,75,75,75,75,75],"card_choices":[{"not_picked":["Expertise","PiercingWail"],"picked":"Footwork","floor":1},{"not_picked":["Underhanded Strike","Backflip"],"picked":"Caltrops","floor":6},{"not_picked":["Outmaneuver","Expertise"],"picked":"PiercingWail","floor":8},{"not_picked":["Calculated Gamble","Sucker Punch","Flying Knee"],"picked":"SKIP","floor":12},{"not_picked":["Accuracy","Outmaneuver"],"picked":"Well Laid Plans","floor":13},{"not_picked":["Poisoned Stab","Dodge and Roll","Acrobatics"],"picked":"SKIP","floor":14},{"not_picked":["Storm of Steel","Phantasmal Killer"],"picked":"A Thousand Cuts","floor":16},{"not_picked":["Leg Sweep","Backflip"],"picked":"Crippling Poison+1","floor":18},{"not_picked":["Poisoned Stab","Dagger Throw+1","Cloak And Dagger"],"picked":"SKIP","floor":18}],"player_experience":656335,"relics_obtained":[{"floor":6,"key":"Oddly Smooth Stone"},{"floor":8,"key":"Matryoshka"},{"floor":9,"key":"Juzu Bracelet"},{"floor":9,"key":"Meat on the Bone"},{"floor":17,"key":"Art of War"},{"floor":17,"key":"Frozen Egg 2"},{"floor":17,"key":"Prayer Wheel"}],"event_choices":[{"damage_healed":0,"gold_gain":0,"cards_transformed":["Strike_G"],"player_choice":"Change","damage_taken":0,"max_hp_gain":0,"max_hp_loss":0,"event_name":"Living Wall","floor":2,"gold_loss":0,"cards_obtained":["Bouncing Flask"]},{"damage_healed":0,"gold_gain":0,"player_choice":"Leave","damage_taken":0,"max_hp_gain":0,"max_hp_loss":0,"event_name":"The Cleric","floor":4,"gold_loss":0},{"cards_removed":["Strike_G"],"damage_healed":0,"gold_gain":0,"player_choice":"Card Removal","damage_taken":7,"max_hp_gain":0,"max_hp_loss":0,"event_name":"Golden Wing","floor":5,"gold_loss":0},{"damage_healed":0,"gold_gain":0,"player_choice":"Entered Light","damage_taken":14,"max_hp_gain":0,"max_hp_loss":0,"event_name":"Shining Light","floor":10,"gold_loss":0,"cards_upgraded":["Strike_G","Bouncing Flask"]},{"damage_healed":0,"gold_gain":0,"player_choice":"Obtained Relic","damage_taken":0,"relics_obtained":["Singing Bowl"],"max_hp_gain":0,"max_hp_loss":0,"event_name":"Addict","floor":20,"gold_loss":85},{"damage_healed":0,"gold_gain":0,"player_choice":"Shed Blood","damage_taken":18,"max_hp_gain":5,"max_hp_loss":0,"event_name":"Forgotten Altar","floor":21,"gold_loss":0},{"damage_healed":0,"gold_gain":0,"player_choice":"Copied","damage_taken":0,"max_hp_gain":0,"max_hp_loss":0,"event_name":"Duplicator","floor":22,"gold_loss":0,"cards_obtained":["Caltrops"]}],"is_beta":false,"boss_relics":[{"not_picked":["Runic Pyramid","Fusion Hammer"],"picked":"Calling Bell"}],"items_purged_floors":[19],"is_endless":false,"potions_floor_spawned":[1,6,14,18],"killed_by":"Book of Stabbing","ascension_level":10}}