{"host":"qm4rv4rkpk76sbxu","time":1609704479,"event":{"mods":["BaseMod","Bestiary","Block Reminder","Filter the Spire","Keyboard Shortcuts","Minty Spire (QoL Compilation)","MonsterHotkey","Potion Indicator Mod","Quick Restart","Relic Stats","Slay-I","StSLib","ojb\u0027s Better Paths Mod"],"gold_per_floor":[118,118,193,193,193,220,9,40,63,90,121,144,172,209,209,294,294,319,364,387,408,323,323,323],"floor_reached":23,"playtime":1058,"items_purged":[],"score":463,"play_id":"35fc9b68-36a0-4c58-a674-f2501caffdbc","local_time":"20210103210759","is_ascension_mode":true,"campfire_choices":[{"data":"Reprogram","floor":15.0,"key":"SMITH"}],"circlet_count":0,"master_deck":["AscendersBane","Defend_B","Defend_B","Defend_B","Defend_B","Zap","Dualcast","Beam Cell","Self Repair","Echo Form","Doom and Gloom","Melter","Hologram","Reprogram+1","Electrodynamics","Conserve Battery","Bite","Bite","Bite","Bite","Bite","BootSequence","Conserve Battery"],"relics":["Cracked Core","Strawberry","Anchor","Lee\u0027s Waffle","Smiling Mask","CeramicFish","HornCleat","White Beast Statue","SacredBark","Art of War"],"acts_visited":["Exordium","TheCity"],"potions_floor_usage":[23,23],"damage_taken":[{"damage":1.0,"enemies":"Cultist","floor":1.0,"turns":3.0},{"damage":46.0,"enemies":"Lagavulin","floor":6.0,"turns":8.0},{"damage":36.0,"enemies":"Gremlin Nob","floor":8.0,"turns":4.0},{"damage":8.0,"enemies":"Small Slimes","floor":10.0,"turns":5.0},{"damage":25.0,"enemies":"3 Sentries","floor":11.0,"turns":4.0},{"damage":0.0,"enemies":"2 Louse","floor":12.0,"turns":3.0},{"damage":1.0,"enemies":"Looter","floor":13.0,"turns":3.0},{"damage":27.0,"enemies":"Gremlin Nob","floor":14.0,"turns":4.0},{"damage":22.0,"enemies":"The Guardian","floor":16.0,"turns":13.0},{"damage":23.0,"enemies":"2 Thieves","floor":18.0,"turns":5.0},{"damage":10.0,"enemies":"Shell Parasite","floor":20.0,"turns":7.0},{"damage":52.0,"enemies":"Snecko","floor":21.0,"turns":7.0},{"damage":44,"enemies":"Book of Stabbing","floor":23,"turns":5}],"seed_played":"-1510648808693578639","potions_obtained":[{"floor":6.0,"key":"DuplicationPotion"},{"floor":8.0,"key":"SkillPotion"},{"floor":10.0,"key":"Fire Potion"},{"floor":13.0,"key":"ColorlessPotion"},{"floor":16.0,"key":"LiquidBronze"},{"floor":18.0,"key":"Explosive Potion"},{"floor":20.0,"key":"SteroidPotion"},{"floor":21.0,"key":"Dexterity Potion"}],"is_trial":false,"path_per_floor":["M","?","?","?","T","E","$","E","T","M","E","M","M","E","R","B",null,"M","?","M","M","?","E"],"character_chosen":"DEFECT","items_purchased":["Lee\u0027s Waffle","Self Repair"],"campfire_rested":0,"item_purchase_floors":[7,7],"current_hp_per_floor":[59,52,41,69,76,30,99,70,70,76,58,72,78,61,61,46,86,63,63,69,37,37,0,0],"gold":323,"neow_bonus":"TWENTY_PERCENT_HP_BONUS","is_daily":false,"chose_seed":false,"campfire_upgraded":1,"win_rate":0.0,"timestamp":1609704479,"path_taken":["M","?","?","?","?","E","$","E","T","M","E","M","M","E","R","BOSS","M","?","M","M","?","E"],"items_purchased_type":["Relic","Card"],"build_version":"2020-12-22","purchased_purges":0,"victory":false,"max_hp_per_floor":[85,85,85,85,92,92,99,99,99,99,99,99,99,99,99,99,99,99,69,69,69,69,69,69],"relic_stats":{"Lee\u0027s Waffle":69,"counters":[13,71],"CeramicFish":117,"Art of War":[2],"Smiling Mask":0,"obtain_stats":[{"Anchor":6,"Lee\u0027s Waffle":7,"HornCleat":11,"Strawberry":5,"CeramicFish":9,"SacredBark":17,"Art of War":22,"Cracked Core":0,"Smiling Mask":8,"White Beast Statue":14},{"Anchor":2,"Lee\u0027s Waffle":2,"HornCleat":5,"Strawberry":1,"CeramicFish":3,"SacredBark":9,"Art of War":12,"Cracked Core":0,"Smiling Mask":3,"White Beast Statue":8},{"Anchor":11,"Lee\u0027s Waffle":11,"HornCleat":24,"Strawberry":3,"CeramicFish":15,"SacredBark":47,"Art of War":66,"Cracked Core":0,"Smiling Mask":15,"White Beast Statue":34}]},"card_choices":[{"not_picked":["Coolheaded","Conserve Battery"],"picked":"Beam Cell","floor":1.0},{"not_picked":["Heatsinks","Barrage","Fission"],"picked":"SKIP","floor":6.0},{"not_picked":["Leap","Blizzard"],"picked":"Echo Form","floor":8.0},{"not_picked":["Compile Driver","Recycle"],"picked":"Doom and Gloom","floor":10.0},{"not_picked":["Turbo","Reprogram","Coolheaded"],"picked":"SKIP","floor":11.0},{"not_picked":["Static Discharge","Compile Driver"],"picked":"Melter","floor":12.0},{"not_picked":["Stack","Leap"],"picked":"Hologram","floor":13.0},{"not_picked":["Steam","Barrage"],"picked":"Reprogram","floor":14.0},{"not_picked":["Amplify","Thunder Strike"],"picked":"Electrodynamics","floor":16.0},{"not_picked":["Gash","Coolheaded"],"picked":"Conserve Battery","floor":18.0},{"not_picked":["Double Energy","Glacier"],"picked":"BootSequence","floor":20.0},{"not_picked":["Redo","Compile Driver"],"picked":"Conserve Battery","floor":21.0}],"player_experience":1188531,"relics_obtained":[{"floor":5.0,"key":"Strawberry"},{"floor":6.0,"key":"Anchor"},{"floor":8.0,"key":"Smiling Mask"},{"floor":9.0,"key":"CeramicFish"},{"floor":11.0,"key":"HornCleat"},{"floor":14.0,"key":"White Beast Statue"}],"event_choices":[{"cards_removed":["Strike_B"],"damage_healed":0.0,"max_hp_gain":0.0,"max_hp_loss":0.0,"gold_gain":0.0,"event_name":"Golden Wing","player_choice":"Card Removal","floor":2.0,"gold_loss":0.0,"damage_taken":7.0},{"damage_healed":0.0,"max_hp_gain":0.0,"max_hp_loss":0.0,"gold_gain":75.0,"event_name":"World of Goop","player_choice":"Gather Gold","floor":3.0,"gold_loss":0.0,"damage_taken":11.0},{"damage_healed":28.0,"max_hp_gain":0.0,"max_hp_loss":0.0,"gold_gain":0.0,"event_name":"Big Fish","player_choice":"Banana","floor":4.0,"gold_loss":0.0,"damage_taken":0.0},{"damage_healed":0.0,"max_hp_gain":0.0,"max_hp_loss":30.0,"gold_gain":0.0,"event_name":"Vampires","player_choice":"Became a vampire","floor":19.0,"gold_loss":0.0,"damage_taken":0.0,"cards_obtained":["Bite","Bite","Bite","Bite","Bite"]},{"damage_healed":0.0,"max_hp_gain":0.0,"max_hp_loss":0.0,"gold_gain":0.0,"event_name":"Addict","player_choice":"Obtained Relic","floor":22.0,"gold_loss":85.0,"damage_taken":0.0,"relics_obtained":["Art of War"]}],"is_beta":false,"boss_relics":[{"not_picked":["Pandora\u0027s Box","Fusion Hammer"],"picked":"SacredBark"}],"items_purged_floors":[],"is_endless":false,"potions_floor_spawned":[6,8,10,13,16,18,20,21],"killed_by":"Book of Stabbing","ascension_level":20}}