{"host":"p4yrwepmrl4g8pul","time":1609688891,"event":{"mods":["Act Like it!","BaseMod","BetterRewards","Colored Map","Custom Start","Gensokyo","Marisa£®ÏF”Í°°ƒß¿Ì…≥£©","Minty Spire (QoL Compilation)","Quick Restart","Rare Cards Sparkle","Reimu£®≤©¿ˆ¡È√Œ£©","Remilia£®¿Ÿ√◊¿Ú—«£©","Remove Card Discount Mod","Shop Mod","StSLib","The Jungle"],"gold_per_floor":[112,42,142,142,142,169,247,279,303,334,334,367,378,301,301,387,387,397,408,408,485,496,496,521,534,560,573,582,591,452,479,479,552,552,562,562,562,562,571,571,603,603,603,635,635,635,635,318,318,318,318,318,318,95,127,127],"floor_reached":57,"playtime":1794,"items_purged":["Strike_Lin:ReiMu","Strike_Lin:ReiMu","Strike_Lin:ReiMu","Strike_Lin:ReiMu","Defend_Lin:ReiMu","NB:ReiMu","Stagnation:ReiMu","Defend_Lin:ReiMu","Defend_Lin:ReiMu","Defend_Lin:ReiMu","AirManeuver:ReiMu","Crusade:ReiMu","SubAcupoint:ReiMu","Shame"],"score":4027,"play_id":"1d66856c-c47a-42ad-8ba6-3ae5b2d8bf01","local_time":"20210103234811","is_ascension_mode":true,"campfire_choices":[{"data":"Deep Breath","floor":11.0,"key":"SMITH"},{"data":"SubcavityFantasy:ReiMu","floor":15.0,"key":"SMITH"},{"data":"PrayRite:ReiMu","floor":23.0,"key":"SMITH"},{"floor":32.0,"key":"RECALL"},{"data":"Gensokyo:UnhurriedMind","floor":40.0,"key":"SMITH"},{"data":"SpiritualOutbreak2:ReiMu","floor":42.0,"key":"SMITH"},{"floor":49.0,"key":"REST"},{"data":"PassingAway:ReiMu","floor":53.0,"key":"SMITH"}],"circlet_count":0,"master_deck":["AscendersBane","CollectionFlower2:ReiMu+1","SpiritualOutbreak2:ReiMu+1","Deep Breath+1","AlertArray:ReiMu+1","Finesse+1","AlertArray:ReiMu+1","KamiRite:ReiMu+1","PrayRite:ReiMu+1","SubcavityFantasy:ReiMu+1","PrayRite:ReiMu+1","Gensokyo:SevenSchoolMysteries+1","Gensokyo:UnhurriedMind+1","PassingAway:ReiMu+1"],"relics":["FlyPower:ReiMu","Bag of Preparation","TheAbacus","Anchor","TentaclePot:ReiMu","Membership Card","Thread and Needle","Orrery","Sundial","Juzu Bracelet","Matryoshka","CeramicFish","Blood Vial","MealTicket","Pear","Sozu","Akabeko","Question Card","Oddly Smooth Stone","CrazyTorch:ReiMu","Vajra","DonationBox:ReiMu","Frozen Egg 2","Omamori","Bottled Lightning","Bottled Tornado","Calipers","Mastiff:ReiMu","InkBottle","Sling","Bag of Marbles","Shuriken","RuthlessExorcism:ReiMu"],"acts_visited":["Exordium","Gensokyo:Gensokyo","Gensokyo:Gensokyoer","TheEnding"],"potions_floor_usage":[56],"damage_taken":[{"damage":0.0,"enemies":"Gensokyo:3_Fairies","floor":1.0,"turns":2.0},{"damage":0.0,"enemies":"Gensokyo:Aya","floor":6.0,"turns":2.0},{"damage":0.0,"enemies":"Gensokyo:Mamizou","floor":8.0,"turns":3.0},{"damage":0.0,"enemies":"Gensokyo:Cirno","floor":10.0,"turns":5.0},{"damage":0.0,"enemies":"Gensokyo:Mamizou","floor":12.0,"turns":4.0},{"damage":0.0,"enemies":"Gensokyo:2_Kodama","floor":13.0,"turns":2.0},{"damage":0.0,"enemies":"Gensokyo:Yukari","floor":16.0,"turns":4.0},{"damage":0.0,"enemies":"Gensokyo:3_Dogs","floor":18.0,"turns":3.0},{"damage":0.0,"enemies":"Gensokyo:Chomper","floor":19.0,"turns":1.0},{"damage":0.0,"enemies":"Gensokyo:Swordslinger","floor":22.0,"turns":1.0},{"damage":0.0,"enemies":"Gensokyo:3_Gloops","floor":25.0,"turns":1.0},{"damage":0.0,"enemies":"Gensokyo:Chomper_and_Gloop","floor":27.0,"turns":1.0},{"damage":0.0,"enemies":"Gensokyo:Eternal_Rivals","floor":33.0,"turns":2.0},{"damage":0.0,"enemies":"Gensokyo:3_Boulders","floor":35.0,"turns":1.0},{"damage":50.0,"enemies":"Gensokyo:3_Boulders","floor":39.0,"turns":9.0},{"damage":0.0,"enemies":"Gensokyo:Kasen","floor":41.0,"turns":2.0},{"damage":0.0,"enemies":"Gensokyo:Marisa","floor":44.0,"turns":2.0},{"damage":0.0,"enemies":"Gensokyo:Scarlet_Devils","floor":50.0,"turns":1.0},{"damage":0.0,"enemies":"Gensokyo:Yuyuko","floor":51.0,"turns":1.0},{"damage":0.0,"enemies":"Shield and Spear","floor":55.0,"turns":1.0},{"damage":0,"enemies":"The Heart","floor":56,"turns":4}],"seed_played":"-8841656949198175013","potions_obtained":[{"floor":1.0,"key":"LiquidFlight:ReiMu"},{"floor":10.0,"key":"Ancient Potion"}],"is_trial":false,"path_per_floor":["M","?","?","?","?","E","T","E","T","E","R","?","M","$","R","B",null,"M","M","?","T","M","R","T","M","T","M","?","?","$","T","R","B",null,"M","?","?","?","?","R","E","R","T","E","T","?","?","$","R","B","B",null,"R","$","E","B",null],"character_chosen":"REIMU","items_purchased":["Bag of Preparation","TheAbacus","CollectionFlower2:ReiMu","AirManeuver:ReiMu","Anchor","TentaclePot:ReiMu","Membership Card","Thread and Needle","SpiritualOutbreak2:ReiMu","Deep Breath","AlertArray:ReiMu","Finesse","Orrery","Sundial","SubcavityFantasy:ReiMu","CrazyTorch:ReiMu","Mastiff:ReiMu","InkBottle","Sling","PassingAway:ReiMu","Bag of Marbles","Shuriken"],"campfire_rested":1,"item_purchase_floors":[0,0,0,0,0,0,0,0,0,0,0,0,0,0,14,30,48,48,48,48,54,54],"current_hp_per_floor":[18,18,18,18,18,18,18,18,18,20,20,32,34,49,49,51,65,67,69,69,69,70,70,70,70,70,70,70,62,62,62,62,62,62,62,62,62,62,62,62,62,62,62,62,62,62,31,46,62,62,62,62,62,62,62,62],"gold":127,"neow_bonus":"","is_daily":false,"chose_seed":false,"campfire_upgraded":6,"win_rate":0.0,"timestamp":1609688891,"path_taken":["M","?","?","?","?","E","?","E","T","E","R","?","M","$","R","BOSS","M","M","?","?","M","R","?","M","T","M","?","?","$","?","R","BOSS","M","?","?","?","?","R","E","R","T","E","?","?","?","?","R","BOSS","BOSS","R","$","E","BOSS"],"items_purchased_type":["Relic","Relic","Card","Card","Relic","Relic","Relic","Relic","Card","Card","Card","Card","Relic","Relic","Card","Relic","Relic","Relic","Relic","Card","Relic","Relic"],"build_version":"2020-12-22","purchased_purges":14,"victory":true,"max_hp_per_floor":[60,60,60,60,60,60,60,60,60,60,60,70,70,70,70,70,70,70,70,70,70,70,70,70,70,70,70,70,62,62,62,62,62,62,62,62,62,62,62,62,62,62,62,62,62,62,62,62,62,62,62,62,62,62,62,62],"card_choices":[{"not_picked":["CareerPray:ReiMu","YinYangSign:ReiMu"],"picked":"SubAcupoint:ReiMu","floor":0.0},{"not_picked":["SpringWay:ReiMu","RainPray2:ReiMu"],"picked":"AlertArray:ReiMu","floor":0.0},{"not_picked":["CollectionFlower2:ReiMu","TakeOff:ReiMu"],"picked":"KamiRite:ReiMu","floor":0.0},{"not_picked":["DoubleButterfly:ReiMu","CareerPray:ReiMu"],"picked":"Crusade:ReiMu","floor":0.0},{"not_picked":["FantasyMoon:ReiMu","OrbThrow:ReiMu"],"picked":"PrayRite:ReiMu","floor":0.0},{"not_picked":["TightArray:ReiMu","SubAcupoint:ReiMu","SafetyPray:ReiMu"],"picked":"SKIP","floor":1.0},{"not_picked":["SubAcupoint:ReiMu","DependentForm:ReiMu","Gathering:ReiMu"],"picked":"SKIP","floor":6.0},{"not_picked":["Revelation:ReiMu","AirStrike:ReiMu","Amulet:ReiMu"],"picked":"SKIP","floor":8.0},{"not_picked":["OrbThrow:ReiMu","WonderfulDomain:ReiMu","Shading:ReiMu"],"picked":"SKIP","floor":10.0},{"not_picked":["Amulet:ReiMu","PrepareRite:ReiMu","SafetyPray:ReiMu"],"picked":"SKIP","floor":12.0},{"not_picked":["ForcedLanding:ReiMu","DoubleButterfly:ReiMu","SubAcupoint:ReiMu"],"picked":"SKIP","floor":13.0},{"not_picked":["KyokaiOfKami:ReiMu","KamiRite:ReiMu"],"picked":"PrayRite:ReiMu","floor":16.0},{"not_picked":["EmergencyTakeOff:ReiMu+1","AlertArray:ReiMu+1","SpringWay:ReiMu"],"picked":"SKIP","floor":18.0},{"not_picked":["EmergencyTakeOff:ReiMu","SpreadBorder2:ReiMu","TightArray:ReiMu"],"picked":"SKIP","floor":19.0},{"not_picked":["TightArray:ReiMu","EmergencyTakeOff:ReiMu","OrbThrow:ReiMu","AirManeuver:ReiMu"],"picked":"SKIP","floor":22.0},{"not_picked":["SpreadBorder2:ReiMu+1","YinYangSange:ReiMu","UpKicking:ReiMu","OrbThrow:ReiMu"],"picked":"SKIP","floor":25.0},{"not_picked":["WonderfulDomain:ReiMu","MikOfLucky:ReiMu+1","PrayRite:ReiMu","Meditation:ReiMu"],"picked":"SKIP","floor":27.0},{"not_picked":["Gensokyo:GapWoman","Gensokyo:TurboGranny","Gensokyo:MonkeysPaw"],"picked":"Gensokyo:SevenSchoolMysteries","floor":29.0},{"not_picked":["SubAcupoint:ReiMu+1","AlertArray:ReiMu","Meditation:ReiMu","FantasyBorder:ReiMu"],"picked":"SKIP","floor":35.0},{"not_picked":["Gensokyo:MorningStar","Gensokyo:Dawn"],"picked":"Gensokyo:UnhurriedMind","floor":39.0},{"not_picked":["Intuition:ReiMu","NineCharacters:ReiMu+1","CareerPray:ReiMu+1","MikOfLucky:ReiMu+1"],"picked":"SKIP","floor":41.0},{"not_picked":["Conquer:ReiMu","FantasyBorder:ReiMu","Intuition:ReiMu","SafetyPray:ReiMu"],"picked":"SKIP","floor":44.0},{"not_picked":["FantasyMoon:ReiMu","Conquer:ReiMu","SpreadBorder2:ReiMu","EmergencyTakeOff:ReiMu+1"],"picked":"SKIP","floor":55.0}],"player_experience":776217,"relics_obtained":[{"floor":6.0,"key":"Juzu Bracelet"},{"floor":7.0,"key":"Matryoshka"},{"floor":8.0,"key":"CeramicFish"},{"floor":9.0,"key":"Blood Vial"},{"floor":10.0,"key":"MealTicket"},{"floor":12.0,"key":"Pear"},{"floor":21.0,"key":"Akabeko"},{"floor":21.0,"key":"Question Card"},{"floor":24.0,"key":"Oddly Smooth Stone"},{"floor":31.0,"key":"Vajra"},{"floor":41.0,"key":"Frozen Egg 2"},{"floor":43.0,"key":"Omamori"},{"floor":44.0,"key":"Bottled Lightning"},{"floor":45.0,"key":"Bottled Tornado"},{"floor":55.0,"key":"RuthlessExorcism:ReiMu"}],"event_choices":[],"is_beta":false,"boss_relics":[{"not_picked":["Runic Dome","Fusion Hammer"],"picked":"Sozu"},{"not_picked":["SacredBark","Coffee Dripper"],"picked":"DonationBox:ReiMu"}],"items_purged_floors":[0,0,0,0,0,0,0,0,0,0,0,0,14,30],"is_endless":false,"potions_floor_spawned":[1,10,12,18,33,35],"ascension_level":20}}