{"host":"eketvm4dld8igxnv","time":1609639267,"event":{"mods":["Act Like it!","BaseMod","Better Skull","Better Third Choice","Googly Eyes","Hallownest","Hermit","Minty Spire (QoL Compilation)","StSLib","The Bug Knight"],"gold_per_floor":[114,128,147,147,161,161,188,199,222,250,266,266,276,290,290,385,385,396,396,415,325,342,342,342,342],"floor_reached":24,"playtime":2479,"items_purged":[],"score":237,"play_id":"3299e2bc-72ec-49d0-9c75-bfe1fa9dac9c","local_time":"20210102210107","is_ascension_mode":false,"campfire_choices":[{"data":"HollowMod:SoulEater","floor":6,"key":"SMITH"},{"floor":15,"key":"REST"},{"data":"HollowMod:VengefulSpirit","floor":23,"key":"SMITH"}],"circlet_count":0,"master_deck":["HollowMod:NailStrikeStart","HollowMod:NailStrikeStart","HollowMod:NailStrikeStart","HollowMod:NailStrikeStart","HollowMod:FocusHealStart","HollowMod:PogoStrike","HollowMod:VengefulSpirit+1","HollowMod:SoulEater+1","HollowMod:FastStrike","HollowMod:DoubleDash","HollowMod:ZotesMagnificence","HollowMod:SoulStrike","HollowMod:HowlingWraiths","HollowMod:HowlingWraiths","Hallownest:skillSlugHide","Hallownest:skillSlugHide","Hallownest:skillSlugHide","Hallownest:skillSlugHide","Hallownest:skillSlugHide","HollowMod:RecoilStrike","HollowMod:DashSlash","HollowMod:DoubleDash","HollowMod:AwokenDreamNail","HollowMod:HuntersJournal","HollowMod:HowlingWraiths"],"relics":["HollowMod:KingsSoulRelic","Dream Catcher","Oddly Smooth Stone","HollowMod:KingsBrand","Red Mask","Hallownest:StagBellRelic1"],"acts_visited":["Exordium","Hallownest:Greenpath"],"potions_floor_usage":[11,16,16,16],"damage_taken":[{"damage":7,"enemies":"Hallownest:monsterHuskWarrior","floor":1,"turns":5},{"damage":7,"enemies":"Hallownest:2_MossCreeps","floor":2,"turns":5},{"damage":11,"enemies":"Hallownest:2_Baldur","floor":3,"turns":3},{"damage":1,"enemies":"Hallownest:monsterMossCharger","floor":5,"turns":3},{"damage":15,"enemies":"Hallownest:eliteVengeflyKing","floor":7,"turns":7},{"damage":3,"enemies":"Hallownest:Wandering_and_Horned","floor":8,"turns":4},{"damage":37,"enemies":"Hallownest:eliteCrystalGuardian","floor":10,"turns":7},{"damage":3,"enemies":"Hallownest:1_Baldur_1_Crawlid_1_Warrior","floor":11,"turns":6},{"damage":12,"enemies":"Hallownest:1_Ooma_and_2_Uuma","floor":13,"turns":7},{"damage":0,"enemies":"Hallownest:monsterAspidMother","floor":14,"turns":3},{"damage":15,"enemies":"Hallownest:BossFalseKnight","floor":16,"turns":10},{"damage":7,"enemies":"Hallownest:3_Youths","floor":18,"turns":7},{"damage":14,"enemies":"Hallownest:Flukemon_and_Top","floor":20,"turns":4},{"damage":11,"enemies":"Hallownest:Warrior_and_Youth","floor":22,"turns":7},{"damage":59,"enemies":"Hallownest:eliteWatcherKnight","floor":24,"turns":5}],"seed_played":"2022834438738591804","potions_obtained":[{"floor":2,"key":"Ancient Potion"},{"floor":10,"key":"Dexterity Potion"},{"floor":11,"key":"SpeedPotion"},{"floor":14,"key":"AttackPotion"},{"floor":22,"key":"Ancient Potion"}],"is_trial":false,"path_per_floor":["M","M","M","?","M","R","E","M","T","E","M","?","M","M","R","B",null,"M","?","M","?","M","R","E"],"character_chosen":"THE_BUGKNIGHT","items_purchased":[],"campfire_rested":1,"item_purchase_floors":[],"current_hp_per_floor":[73,72,67,67,66,66,61,58,58,27,30,30,24,24,46,31,75,68,68,64,64,53,53,0,0],"gold":342,"neow_bonus":"THREE_RARE_CARDS","is_daily":false,"chose_seed":false,"campfire_upgraded":2,"win_rate":0.0,"timestamp":1609639267,"path_taken":["M","M","?","?","M","R","E","M","T","E","M","?","M","M","R","BOSS","M","?","M","?","M","R","E"],"items_purchased_type":[],"build_version":"2020-12-22","purchased_purges":0,"victory":false,"max_hp_per_floor":[75,75,75,75,75,75,75,75,75,75,75,75,75,75,75,75,75,75,75,75,75,75,75,75,75],"card_choices":[{"not_picked":["HollowMod:SoulMaster","HollowMod:ZotesMagnificence"],"picked":"HollowMod:VoidDash","floor":0},{"not_picked":["HollowMod:DungDefenderAura","HollowMod:PerfectDash"],"picked":"HollowMod:VengefulSpirit","floor":1},{"not_picked":["HollowMod:CloakDash","HollowMod:LifebloodCocoon"],"picked":"HollowMod:SoulEater","floor":2},{"not_picked":["HollowMod:RecoilStrike","HollowMod:InfectedAttack"],"picked":"HollowMod:FastStrike","floor":3},{"not_picked":["HollowMod:HeavyBlow","HollowMod:VengefulVoid"],"picked":"HollowMod:DoubleDash","floor":5},{"not_picked":["HollowMod:DescendingDark","HollowMod:GrimmsGift"],"picked":"HollowMod:ZotesMagnificence","floor":7},{"not_picked":["HollowMod:VengefulVoid","HollowMod:CornifersMapStart"],"picked":"HollowMod:SoulStrike","floor":8},{"not_picked":["HollowMod:Hiveblood","HollowMod:SoulSplash"],"picked":"HollowMod:HowlingWraiths","floor":10},{"not_picked":["HollowMod:WraithStrike","HollowMod:DescendingDark"],"picked":"HollowMod:HowlingWraiths","floor":11},{"not_picked":["HollowMod:HowlingWraiths","HollowMod:SharpenedNail"],"picked":"HollowMod:RecoilStrike","floor":13},{"not_picked":["HollowMod:CornifersMapStart","HollowMod:NewJinnsSoul"],"picked":"HollowMod:DashSlash","floor":14},{"not_picked":["HollowMod:HeavyBlow","HollowMod:HowlingWraiths"],"picked":"HollowMod:DoubleDash","floor":15},{"not_picked":["HollowMod:SlysStrikes","HollowMod:NewInfectedGuardian"],"picked":"HollowMod:AwokenDreamNail","floor":16},{"not_picked":["HollowMod:InfectedCysts","HollowMod:DescendingDark+1","HollowMod:VengefulVoid"],"picked":"SKIP","floor":18},{"not_picked":["HollowMod:HeavyBlow","HollowMod:Grubsong"],"picked":"HollowMod:HuntersJournal","floor":20},{"not_picked":["HollowMod:GrimmsGift","HollowMod:FastStrike"],"picked":"HollowMod:HowlingWraiths","floor":22}],"player_experience":265309,"relics_obtained":[{"floor":7,"key":"Dream Catcher"},{"floor":9,"key":"Oddly Smooth Stone"},{"floor":10,"key":"HollowMod:KingsBrand"}],"event_choices":[],"is_beta":false,"boss_relics":[{"not_picked":["SacredBark","Ectoplasm"],"picked":"HollowMod:KingsSoulRelic"}],"items_purged_floors":[],"is_endless":false,"potions_floor_spawned":[2,10,11,14,22],"killed_by":"Hallownest:eliteWatcherKnight","ascension_level":0}}