{"host":"3iouabftir4t7z56","time":1609698014,"event":{"mods":["2.2 Compatiblity","Act Like it!","BaseMod","Colored Map","Hallownest","Minty Spire (QoL Compilation)","StSLib","The Bug Knight"],"gold_per_floor":[367,367,367,240,253,268,190,219,219,234,164,5,5,25,25,25,25],"floor_reached":16,"playtime":1138,"items_purged":[],"score":100,"play_id":"79f7dc99-cae3-4b7d-9208-6079c1dbe749","local_time":"20210103192014","is_ascension_mode":false,"campfire_choices":[{"floor":13,"key":"REST"},{"floor":15,"key":"REST"}],"circlet_count":0,"master_deck":["HollowMod:NailStrikeStart","HollowMod:NailStrikeStart","HollowMod:NailStrikeStart","HollowMod:QuickDashStart","HollowMod:QuickDashStart","HollowMod:QuickDashStart","HollowMod:PogoStrike","HollowMod:DesolateDive","HollowMod:Weaversong","HollowMod:CycloneSlash","HollowMod:Grubsong","HollowMod:CornifersMapStart","HollowMod:DashSlash","HollowMod:VengefulSpirit","HollowMod:SoulSplash","HollowMod:AwokenDreamNail","HollowMod:SoulEater+1"],"relics":["HollowMod:VesselMask","Frozen Egg 2","Matryoshka","Hallownest:StagBellRelic1"],"acts_visited":["Hallownest:Greenpath"],"potions_floor_usage":[16,16],"damage_taken":[{"damage":2,"enemies":"Hallownest:2_Tiktiks_and_1_Crawlid","floor":1,"turns":6},{"damage":1,"enemies":"Hallownest:2_MossCreeps","floor":5,"turns":3},{"damage":4,"enemies":"Hallownest:monsterHuskGuard","floor":6,"turns":3},{"damage":16,"enemies":"Hallownest:eliteCrystalGuardian","floor":8,"turns":5},{"damage":23,"enemies":"Hallownest:1_Ooma_and_2_Uuma","floor":10,"turns":6},{"damage":11,"enemies":"Hallownest:Guard_and_Warrior","floor":14,"turns":4},{"damage":63,"enemies":"Hallownest:BossHornet","floor":16,"turns":5}],"seed_played":"7616562439904223048","potions_obtained":[{"floor":1,"key":"ColorlessPotion"},{"floor":5,"key":"LiquidMemories"}],"is_trial":false,"path_per_floor":["M","?","?","$","M","M","$","E","T","M","?","$","R","M","R","B"],"character_chosen":"THE_BUGKNIGHT","items_purchased":["HollowMod:CycloneSlash","HollowMod:Grubsong","HollowMod:VengefulSpirit","HollowMod:AwokenDreamNail"],"campfire_rested":2,"item_purchase_floors":[4,4,7,12],"current_hp_per_floor":[68,68,61,61,60,56,56,40,40,17,17,17,35,24,42,0,0],"gold":25,"neow_bonus":"TWO_FIFTY_GOLD","is_daily":false,"chose_seed":false,"campfire_upgraded":0,"win_rate":0.0,"timestamp":1609698014,"path_taken":["M","?","?","$","?","M","$","E","T","M","?","$","R","M","R","BOSS"],"items_purchased_type":["Card","Card","Card","Card"],"build_version":"2020-12-22","purchased_purges":0,"victory":false,"max_hp_per_floor":[68,68,61,61,61,61,61,61,61,61,61,61,61,61,61,61,61],"card_choices":[{"not_picked":["HollowMod:VengefulSpirit","HollowMod:InfectedAttack"],"picked":"HollowMod:DesolateDive","floor":1},{"not_picked":["HollowMod:MawleksShell","HollowMod:GrimmsGift"],"picked":"HollowMod:CornifersMapStart","floor":5},{"not_picked":["HollowMod:SharpenedNail","HollowMod:CornifersMapStart"],"picked":"HollowMod:DashSlash","floor":6},{"not_picked":["HollowMod:TaintedHusks","HollowMod:VengefulVoid","HollowMod:NewJinnsSoul"],"picked":"SKIP","floor":8},{"not_picked":["HollowMod:HeavyBlow","HollowMod:NewJinnsSoul"],"picked":"HollowMod:SoulSplash","floor":10},{"not_picked":["HollowMod:WraithStrike","HollowMod:HeavyBlow"],"picked":"HollowMod:SoulEater+1","floor":14}],"player_experience":605566,"relics_obtained":[{"floor":8,"key":"Frozen Egg 2"},{"floor":9,"key":"Matryoshka"}],"event_choices":[],"is_beta":false,"boss_relics":[],"items_purged_floors":[],"is_endless":false,"potions_floor_spawned":[1,5],"killed_by":"Hallownest:BossHornet","ascension_level":0}}