{"host":"3vgzk5mhz751jdrj","time":1609665573,"event":{"mods":["2.2 Compatiblity","AchievementEnabler","Act Like it!","Aspiration","BaseMod","Better Match","Better Note","Better Sensory Stone","Better Skull","Better Third Choice","Block Reminder","Colored Map","Conspire","Displayed Cursed Tome","Downfall","Downfall-Rebalance","Friendly Minions","GifTheSpireLib","Halation","Hubris","Marked Mod","Mimic Mod","Minty Spire (QoL Compilation)","Quick Restart","Rare Cards Sparkle","Replay The Spire","Reworked Bosses","Shop Mod","Spicy Shops","Spikes Relics","StSLib","Stuff the Spire","The Dragon Tamer","The Marked","Trackpad","vexMod"],"gold_per_floor":[115,115,133,37,37,63,75,151,151,151,151,151,7,41,41,144,144,159,234,251,263,273,273,273,273],"floor_reached":23,"playtime":1268,"items_purged":["hubris:Disease"],"score":249,"play_id":"13410e7c-595a-4d21-8985-5afe260d0d3d","local_time":"20210103041933","is_ascension_mode":false,"metric_token":2323,"campfire_choices":[{"data":"DTMod:WarmUp","floor":10,"key":"SMITH"},{"data":"DTMod:InvisibleFlame","floor":12,"key":"SMITH"},{"data":"DTMod:BurningForce","floor":15,"key":"SMITH"}],"dtmod_dragon_data":[12,50,1,-1,12,0],"circlet_count":0,"master_deck":["DTMod:Strike","DTMod:Strike","DTMod:Strike","DTMod:DoubleHit","DTMod:TargetDefense","DTMod:TargetDefense","DTMod:TargetDefense","DTMod:TargetDefense","DTMod:SwitchingTactic","DTMod:DragonDance+1","DTMod:FlameSlash","DTMod:SneakAttack","DTMod:InvisibleFlame+1","DTMod:Hide","DTMod:WarmUp+1","DTMod:TauntingStrike+1","DTMod:TagTeam","DTMod:BurningForce+1","DTMod:BurningEnergy","DTMod:ComboAttack","DTMod:StunTrap","DTMod:FierySynthesis","DTMod:FlameSlash"],"relics":["DTMod:MagicStone","StrikeDummy","The Courier","halation:EternalFortune","ReplayTheSpireMod:CursedCoin","hubris:OldNail"],"acts_visited":["Exordium","TheCity"],"potions_floor_usage":[6,18,23],"damage_taken":[{"damage":0,"enemies":"Jaw Worm","floor":1,"turns":5},{"damage":0,"enemies":"Cultist","floor":3,"turns":4},{"damage":0,"enemies":"Gremlin Nob","floor":6,"turns":4},{"damage":0,"enemies":"2 Louse","floor":7,"turns":3},{"damage":0,"enemies":"Lagavulin","floor":14,"turns":7},{"damage":10,"enemies":"Fading Forest","floor":16,"turns":11},{"damage":0,"enemies":"3 Byrds","floor":18,"turns":3},{"damage":0,"enemies":"Shell Parasite","floor":20,"turns":4},{"damage":34,"enemies":"Sentry and Sphere","floor":21,"turns":5},{"damage":0,"enemies":"Chosen and Byrds","floor":22,"turns":6},{"damage":32,"enemies":"Slavers","floor":23,"turns":1}],"seed_played":"7542341716635129158","potions_obtained":[{"floor":3,"key":"BlessingOfTheForge"},{"floor":16,"key":"Swift Potion"},{"floor":22,"key":"SteroidPotion"}],"is_trial":false,"path_per_floor":["M","?","M","$","?","E","M","T","T","R","?","R","$","E","R","B",null,"M","?","M","M","M","E"],"character_chosen":"THE_DT","items_purchased":["DTMod:InvisibleFlame","DTMod:Hide","DTMod:TauntingStrike+1","DTMod:TagTeam","ReplayTheSpireMod:CursedCoin","DTMod:BurningForce","DTMod:BurningEnergy","DTMod:ComboAttack"],"campfire_rested":0,"item_purchase_floors":[4,4,13,13,13,13,13,13],"current_hp_per_floor":[45,38,38,38,38,38,38,38,38,38,41,41,41,44,44,41,51,51,46,51,17,24,0,0,0],"gold":273,"neow_bonus":"THREE_CARDS","is_daily":false,"chose_seed":false,"campfire_upgraded":3,"win_rate":0.0,"timestamp":1609665573,"path_taken":["M","?","M","$","?","E","?","?","T","R","?","R","?","E","R","BOSS","M","?","?","M","?","E"],"items_purchased_type":["Card","Card","Card","Card","Relic","Card","Card","Card"],"build_version":"2020-12-22","purchased_purges":1,"victory":false,"max_hp_per_floor":[45,45,45,45,45,45,45,45,45,45,48,48,48,51,51,51,51,51,51,51,51,51,51,51,51],"card_choices":[{"not_picked":["DTMod:HeatWave","DTMod:BizarreTactic"],"picked":"DTMod:DragonDance","floor":0},{"not_picked":["DTMod:Threaten","DTMod:CleansingStrike"],"picked":"DTMod:FlameSlash","floor":1},{"not_picked":["DTMod:Hide","DTMod:BizarreTactic"],"picked":"DTMod:SneakAttack","floor":3},{"not_picked":["DTMod:CleansingStrike","DTMod:HeatWave"],"picked":"DTMod:WarmUp","floor":6},{"not_picked":["DTMod:Haste","DTMod:BlazingStrike","DTMod:BreakAttack"],"picked":"SKIP","floor":7},{"not_picked":["DTMod:TauntingStrike","DTMod:Threaten"],"picked":"DTMod:StunTrap","floor":14},{"not_picked":["DTMod:OpeningTactic","DTMod:RepeatStrike"],"picked":"DTMod:FierySynthesis","floor":16},{"not_picked":["DTMod:ShieldDrain+1","DTMod:BalancedStrike","DTMod:RecklessFlurry"],"picked":"SKIP","floor":18},{"not_picked":["DTMod:BurningEnergy","DTMod:CleansingStrike","DTMod:QuickFly+1"],"picked":"SKIP","floor":20},{"not_picked":["DTMod:QuickFly","DTMod:CleansingStrike","DTMod:MasterPlan+1"],"picked":"SKIP","floor":21},{"not_picked":["DTMod:BuildUp","DTMod:Shift"],"picked":"DTMod:FlameSlash","floor":22}],"player_experience":427264,"relics_obtained":[{"floor":6,"key":"StrikeDummy"},{"floor":8,"key":"The Courier"},{"floor":14,"key":"halation:EternalFortune"},{"floor":14,"key":"hubris:OldNail"}],"event_choices":[{"cards_removed":["DTMod:Strike"],"damage_healed":0,"gold_gain":0,"player_choice":"Card Removal","damage_taken":7,"max_hp_gain":0,"max_hp_loss":0,"event_name":"Golden Wing","floor":2,"gold_loss":0},{"damage_healed":0,"gold_gain":0,"player_choice":"Forge","damage_taken":0,"max_hp_gain":0,"max_hp_loss":0,"event_name":"Accursed Blacksmith","floor":5,"gold_loss":0,"cards_upgraded":["DTMod:DragonDance"]},{"damage_healed":0,"gold_gain":75,"player_choice":"Touch","damage_taken":5,"max_hp_gain":0,"max_hp_loss":0,"event_name":"FaceTrader","floor":19,"gold_loss":0}],"is_beta":false,"boss_relics":[{"not_picked":["halation:MonkeysPaw","vexMod:DeviousBotling"],"picked":"DTMod:MagicStone"}],"items_purged_floors":[13],"is_endless":false,"potions_floor_spawned":[3,16,22],"killed_by":"Slavers","ascension_level":0}}