{"host":"56ghxnzsglgdq727","time":1609661829,"event":{"mods":["AchievementEnabler","BaseMod","Downfall","Minty Spire (QoL Compilation)","StSLib"],"gold_per_floor":[99,12,30,30,44,59,59,59,105,125,147,175,215,6,31,31,31,31],"floor_reached":16,"playtime":595,"items_purged":["Slimebound:Tackle"],"score":104,"play_id":"5298ca78-51b9-41d6-abc2-d553553419c3","local_time":"20210103031709","is_ascension_mode":false,"campfire_choices":[{"data":"Slimebound:Split","floor":1,"key":"SMITH"},{"data":"Slimebound:SplitSpecialist","floor":8,"key":"SMITH"}],"circlet_count":0,"master_deck":["Slimebound:Strike_Slimebound","Slimebound:Strike_Slimebound+1","Slimebound:Strike_Slimebound","Slimebound:Defend_Slimebound","Slimebound:Defend_Slimebound","Slimebound:Defend_Slimebound","Slimebound:Defend_Slimebound","Slimebound:Split+1","Slimebound:CorrosiveSpit","Slimebound:ItLooksTasty","Slimebound:LevelUp+1","Slimebound:SplitSpecialist","Slimebound:SplitSpecialist+1","Slimebound:PressTheAttack","Slimebound:PressTheAttack","Slimebound:TagTeam+1","Slimebound:Nibble","Slimebound:Equalize","Slimebound:SplitMire"],"relics":["Slimebound:AbsorbEndCombat","Matryoshka","CeramicFish","Whetstone","Membership Card"],"acts_visited":["Exordium"],"potions_floor_usage":[13,13,14,14],"damage_taken":[{"damage":14,"enemies":"downfall:FleeingMerchant","floor":2,"turns":4},{"damage":19,"enemies":"Small Slimes","floor":3,"turns":3},{"damage":15,"enemies":"Cultist","floor":5,"turns":3},{"damage":16,"enemies":"2 Louse","floor":6,"turns":3},{"damage":28,"enemies":"Exordium Thugs","floor":10,"turns":4},{"damage":19,"enemies":"Red Slaver","floor":11,"turns":4},{"damage":12,"enemies":"Exordium Wildlife","floor":12,"turns":2},{"damage":33,"enemies":"Lagavulin","floor":13,"turns":4},{"damage":22,"enemies":"downfall:FleeingMerchant","floor":14,"turns":4},{"damage":25,"enemies":"Blue Slaver","floor":15,"turns":3},{"damage":27,"enemies":"downfall:Defect","floor":16,"turns":3}],"seed_played":"-1367608013631105145","potions_obtained":[{"floor":3,"key":"Strength Potion"},{"floor":10,"key":"Explosive Potion"},{"floor":11,"key":"Weak Potion"},{"floor":13,"key":"Guardian:BlockOnCardUsePotion"}],"is_trial":false,"path_per_floor":["R","$","M","?","M","M","T","R","T","M","M","M","E","$","M","B"],"character_chosen":"SLIMEBOUND","items_purchased":["Slimebound:LevelUp","Membership Card"],"campfire_rested":0,"item_purchase_floors":[2,14],"current_hp_per_floor":[66,64,53,53,52,46,46,46,46,38,35,37,26,26,13,0,0,0],"gold":31,"neow_bonus":"TEN_PERCENT_HP_BONUS","is_daily":false,"chose_seed":false,"campfire_upgraded":2,"win_rate":0.0,"timestamp":1609661829,"path_taken":["R","$","M","?","M","?","T","R","?","M","M","M","E","?","M","BOSS"],"items_purchased_type":["Card","Relic"],"build_version":"2020-12-22","purchased_purges":1,"victory":false,"max_hp_per_floor":[66,66,66,66,66,66,66,66,66,66,66,66,66,66,66,66,66,66],"card_choices":[{"not_picked":["Slimebound:ViciousTackle","Slimebound:FinishingTackle"],"picked":"Slimebound:ItLooksTasty","floor":2},{"not_picked":["Slimebound:SplitLeeching","Slimebound:FinishingTackle"],"picked":"Slimebound:SplitSpecialist","floor":3},{"not_picked":["Slimebound:FlameTackle","Slimebound:SamplingLick"],"picked":"Slimebound:SplitSpecialist","floor":5},{"not_picked":["Slimebound:RollThrough","Slimebound:LeechingTouch"],"picked":"Slimebound:PressTheAttack","floor":6},{"not_picked":["Slimebound:SplitAcid","Slimebound:SlimeSpikes"],"picked":"Slimebound:PressTheAttack","floor":10},{"not_picked":["Slimebound:SplitMire","Slimebound:RollThrough"],"picked":"Slimebound:TagTeam","floor":11},{"not_picked":["Slimebound:SplitMire","Slimebound:GrowthPunch"],"picked":"Slimebound:Nibble","floor":12},{"not_picked":["Slimebound:ComboTackle","Slimebound:ViciousTackle"],"picked":"Slimebound:Equalize","floor":13},{"not_picked":["Slimebound:SamplingLick","Slimebound:LeechEnergy","Slimebound:Grow"],"picked":"SKIP","floor":14},{"not_picked":["Slimebound:SlimeSlap","Slimebound:Schlurp"],"picked":"Slimebound:SplitMire","floor":15}],"player_experience":103623,"relics_obtained":[{"floor":7,"key":"Matryoshka"},{"floor":9,"key":"CeramicFish"},{"floor":13,"key":"Whetstone"}],"event_choices":[{"damage_healed":0,"gold_gain":0,"player_choice":"Forge","damage_taken":0,"max_hp_gain":0,"max_hp_loss":0,"event_name":"Accursed Blacksmith","floor":4,"gold_loss":0,"cards_upgraded":["Slimebound:LevelUp"]}],"is_beta":false,"boss_relics":[],"items_purged_floors":[14],"is_endless":false,"potions_floor_spawned":[3,10,11,13],"killed_by":"downfall:Defect","ascension_level":0}}