{"host":"g01l53quoe6lrer0","time":1609707316,"event":{"mods":["2.2 Compatiblity","AchievementEnabler","BaseMod","Colored Map","Highlight Path","Keyboard Shortcuts","Minty Spire (QoL Compilation)","Permanent Neow","Quick Restart","StSLib","SuperFastMode","everything is the same but u backflip on backflip"],"gold_per_floor":[360,310,310,320,176,176,186,186,254,254,287,301,312,336,336,438,438,452,452,299,309,309,309,309],"floor_reached":23,"playtime":1566,"items_purged":["Strike_P","Strike_P+1"],"score":189,"play_id":"307d1cc8-4ae9-4edc-9e2e-b6db9f557c65","local_time":"20210104055516","is_ascension_mode":false,"campfire_choices":[{"data":"Eruption","floor":6.0,"key":"SMITH"},{"data":"WaveOfTheHand","floor":8.0,"key":"SMITH"},{"data":"PathToVictory","floor":10.0,"key":"SMITH"},{"data":"CutThroughFate","floor":15.0,"key":"SMITH"}],"circlet_count":0,"master_deck":["Defend_P","Defend_P+1","Defend_P","Eruption+1","Vigilance","PathToVictory+1","PathToVictory","WaveOfTheHand+1","LessonLearned","BattleHymn+1","CutThroughFate+1","Conclude","Ragnarok","FlurryOfBlows+1","CrushJoints","BowlingBash","J.A.X."],"relics":["PureWater","Letter Opener","Gremlin Horn","TungstenRod","Odd Mushroom","Empty Cage"],"acts_visited":["Exordium","TheCity"],"potions_floor_usage":[16],"damage_taken":[{"damage":0.0,"enemies":"Jaw Worm","floor":1.0,"turns":4.0},{"damage":1.0,"enemies":"Cultist","floor":4.0,"turns":4.0},{"damage":0.0,"enemies":"Small Slimes","floor":7.0,"turns":2.0},{"damage":8.0,"enemies":"Lagavulin","floor":11.0,"turns":5.0},{"damage":1.0,"enemies":"2 Fungi Beasts","floor":12.0,"turns":3.0},{"damage":5.0,"enemies":"Large Slime","floor":13.0,"turns":3.0},{"damage":18.0,"enemies":"The Mushroom Lair","floor":14.0,"turns":3.0},{"damage":17,"enemies":"The Guardian","floor":16,"turns":10},{"damage":12,"enemies":"Shell Parasite","floor":18,"turns":4},{"damage":15,"enemies":"Spheric Guardian","floor":21,"turns":4},{"damage":0,"enemies":"Slavers","floor":23,"turns":1}],"seed_played":"2365173296308528054","potions_obtained":[{"floor":4.0,"key":"GamblersBrew"},{"floor":14.0,"key":"Fire Potion"},{"floor":16,"key":"Explosive Potion"}],"is_trial":false,"path_per_floor":["M","?","T","M","$","R","M","R","T","R","E","M","M","?","R","B",null,"M","?","$","M","?","E"],"character_chosen":"WATCHER","items_purchased":["WaveOfTheHand","CrushJoints"],"campfire_rested":0,"item_purchase_floors":[5,20],"current_hp_per_floor":[65,65,65,64,64,64,64,64,64,64,56,55,50,32,32,15,65,53,43,43,28,28,28,28],"gold":309,"neow_bonus":"TWO_FIFTY_GOLD","is_daily":false,"chose_seed":false,"campfire_upgraded":4,"win_rate":0.0,"timestamp":1609707316,"path_taken":["M","?","?","M","$","R","M","R","T","R","E","?","M","?","R","BOSS","M","?","$","M","?","E"],"items_purchased_type":["Card","Card"],"build_version":"2020-12-22","purchased_purges":2,"victory":false,"max_hp_per_floor":[65,65,65,65,65,65,65,65,65,65,65,65,65,65,65,65,65,65,70,70,70,70,70,70],"card_choices":[{"not_picked":["JustLucky","Vengeance"],"picked":"PathToVictory","floor":1.0},{"not_picked":["Meditate","CrushJoints"],"picked":"PathToVictory","floor":4.0},{"not_picked":["Evaluate","FlurryOfBlows"],"picked":"LessonLearned","floor":7.0},{"not_picked":["BowlingBash","ClearTheMind","WreathOfFlame"],"picked":"SKIP","floor":11.0},{"not_picked":["JustLucky","Sanctity"],"picked":"BattleHymn","floor":12.0},{"not_picked":["DevaForm","JustLucky"],"picked":"CutThroughFate","floor":13.0},{"not_picked":["BowlingBash","ClearTheMind"],"picked":"Conclude","floor":14.0},{"not_picked":["Judgement","Brilliance"],"picked":"Ragnarok","floor":16},{"not_picked":["FollowUp","Pray+1"],"picked":"FlurryOfBlows+1","floor":18},{"not_picked":["Nirvana","ClearTheMind"],"picked":"BowlingBash","floor":21}],"player_experience":53129,"relics_obtained":[{"floor":3.0,"key":"Letter Opener"},{"floor":9.0,"key":"Gremlin Horn"},{"floor":11.0,"key":"TungstenRod"},{"floor":14.0,"key":"Odd Mushroom"}],"event_choices":[{"cards_removed":["Strike_P"],"damage_healed":0.0,"max_hp_gain":0.0,"max_hp_loss":0.0,"gold_gain":0.0,"event_name":"The Cleric","player_choice":"Card Removal","floor":2.0,"gold_loss":50.0,"damage_taken":0.0},{"damage_healed":0.0,"max_hp_gain":0.0,"max_hp_loss":0.0,"gold_gain":0.0,"event_name":"Mushrooms","player_choice":"Fought Mushrooms","floor":14.0,"gold_loss":0.0,"damage_taken":0.0},{"damage_healed":0,"gold_gain":0,"player_choice":"Shed Blood","damage_taken":16,"max_hp_gain":5,"max_hp_loss":0,"event_name":"Forgotten Altar","floor":19,"gold_loss":0},{"damage_healed":0,"gold_gain":0,"player_choice":"Obtain J.A.X.","damage_taken":0,"max_hp_gain":0,"max_hp_loss":0,"event_name":"Drug Dealer","floor":22,"gold_loss":0,"cards_obtained":["J.A.X."]}],"is_beta":false,"boss_relics":[{"not_picked":["Runic Dome","SacredBark"],"picked":"Empty Cage"}],"items_purged_floors":[5,20],"is_endless":false,"potions_floor_spawned":[4,14,16],"killed_by":"Slavers","ascension_level":0}}