{"host":"sav7uxregyirlf69","time":1609692060,"event":{"mods":["AchievementEnabler","BaseMod","Colored Map","DeckTracker","Keyboard Shortcuts","Minty Spire (QoL Compilation)","READ ME - Guardian Mod","StSLib","SuperFastMode"],"gold_per_floor":[119,119,44,44,58,91,105,135,210,224,224,235,252,252,252,324,324,324,324,324,324,324],"floor_reached":21,"playtime":367,"items_purged":["Strike_G"],"score":436,"play_id":"9f520620-9242-439c-b879-4c4cc52593f3","local_time":"20210104014100","is_ascension_mode":true,"campfire_choices":[{"data":"Neutralize","floor":11,"key":"SMITH"},{"data":"Reflex","floor":15,"key":"SMITH"}],"circlet_count":0,"master_deck":["AscendersBane","Strike_G","Strike_G","Defend_G","Defend_G+1","Defend_G","Defend_G","Defend_G","Survivor","Neutralize+1","Dagger Spray+1","Dagger Throw","PiercingWail","Flying Knee","Bouncing Flask+1","Reflex+1","Backstab","Die Die Die","Prepared","Catalyst"],"relics":["Ring of the Snake","NeowsBlessing","Incense Burner","War Paint","Ornamental Fan","Ectoplasm"],"acts_visited":["Exordium","TheCity"],"potions_floor_usage":[8,16],"damage_taken":[{"damage":0,"enemies":"2 Louse","floor":1,"turns":1},{"damage":0,"enemies":"Jaw Worm","floor":5,"turns":1},{"damage":0,"enemies":"3 Sentries","floor":6,"turns":1},{"damage":0,"enemies":"Cultist","floor":7,"turns":3},{"damage":22,"enemies":"Lagavulin","floor":8,"turns":7},{"damage":5,"enemies":"Blue Slaver","floor":10,"turns":3},{"damage":1,"enemies":"Lots of Slimes","floor":12,"turns":4},{"damage":0,"enemies":"Gremlin Gang","floor":13,"turns":3},{"damage":14,"enemies":"Hexaghost","floor":16,"turns":8},{"damage":16,"enemies":"Shell Parasite","floor":18,"turns":4},{"damage":12,"enemies":"Chosen","floor":19,"turns":4},{"damage":14,"enemies":"Snake Plant","floor":20,"turns":5},{"damage":17,"enemies":"Chosen and Byrds","floor":21,"turns":5}],"seed_played":"1826083289771604953","potions_obtained":[{"floor":5,"key":"CultistPotion"},{"floor":6,"key":"DuplicationPotion"},{"floor":10,"key":"Strength Potion"},{"floor":19,"key":"Strength Potion"}],"is_trial":false,"path_per_floor":["M","?","$","?","M","E","M","E","T","M","R","M","M","?","R","B",null,"M","M","M","M"],"character_chosen":"THE_SILENT","items_purchased":[],"campfire_rested":0,"item_purchase_floors":[],"current_hp_per_floor":[59,52,52,52,52,52,52,30,30,25,25,24,24,24,24,10,52,36,24,10,0,0],"gold":324,"neow_bonus":"THREE_ENEMY_KILL","is_daily":false,"chose_seed":false,"campfire_upgraded":2,"win_rate":0.0,"timestamp":1609692060,"path_taken":["M","?","$","?","?","E","M","E","T","M","R","M","M","?","R","BOSS","M","?","?","?"],"items_purchased_type":[],"build_version":"2020-12-22","purchased_purges":1,"victory":false,"max_hp_per_floor":[66,66,66,66,66,66,66,66,66,66,66,66,66,66,66,66,66,66,66,66,66,66],"card_choices":[{"not_picked":["Blade Dance","Finisher"],"picked":"Dagger Spray","floor":1},{"not_picked":["Endless Agony","Cloak And Dagger"],"picked":"Dagger Throw","floor":5},{"not_picked":["Wraith Form v2","Quick Slash"],"picked":"PiercingWail","floor":6},{"not_picked":["PiercingWail","Poisoned Stab"],"picked":"Flying Knee","floor":7},{"not_picked":["Backstab","Flechettes"],"picked":"Bouncing Flask","floor":8},{"not_picked":["Prepared","Outmaneuver"],"picked":"Reflex","floor":10},{"not_picked":["Sucker Punch","Backflip"],"picked":"Backstab","floor":12},{"not_picked":["Blur","Predator","Flying Knee"],"picked":"SKIP","floor":13},{"not_picked":["Burst","A Thousand Cuts"],"picked":"Die Die Die","floor":16},{"not_picked":["Dagger Throw","PiercingWail"],"picked":"Prepared","floor":18},{"not_picked":["Outmaneuver","Caltrops"],"picked":"Catalyst","floor":19},{"not_picked":["Dagger Spray","Underhanded Strike+1","Blur"],"picked":"SKIP","floor":20}],"player_experience":1124864,"relics_obtained":[{"floor":6,"key":"Incense Burner"},{"floor":8,"key":"War Paint"},{"floor":9,"key":"Ornamental Fan"}],"event_choices":[{"cards_removed":["Strike_G"],"damage_healed":0,"gold_gain":0,"player_choice":"Card Removal","damage_taken":7,"max_hp_gain":0,"max_hp_loss":0,"event_name":"Golden Wing","floor":2,"gold_loss":0},{"damage_healed":0,"gold_gain":0,"player_choice":"Upgraded","damage_taken":0,"max_hp_gain":0,"max_hp_loss":0,"event_name":"Upgrade Shrine","floor":4,"gold_loss":0,"cards_upgraded":["Dagger Spray"]},{"cards_removed":["Strike_G"],"damage_healed":0,"gold_gain":0,"player_choice":"Purged","damage_taken":0,"max_hp_gain":0,"max_hp_loss":0,"event_name":"Purifier","floor":14,"gold_loss":0}],"is_beta":false,"boss_relics":[{"not_picked":["Coffee Dripper","SlaversCollar"],"picked":"Ectoplasm"}],"items_purged_floors":[3],"is_endless":false,"potions_floor_spawned":[5,6,10,19,20],"killed_by":"Chosen and Byrds","ascension_level":20}}