{"host":"pgqkv8mh62pnrbci","time":1609650128,"event":{"mods":["2.2 Compatiblity","AchievementEnabler","BaseMod","Custom Start","DeckTracker","Minty Spire (QoL Compilation)","Railgun Mod","StSLib","SuperFastMode","¡¼?Úª?ø«¡½REMEMod"],"gold_per_floor":[16,16,28,103,114,177,177,197,197,197,227,227,260,279,279,375,375,386,166,166,183,183,208,208,218,243,278,290,40,60,78,78,186,186,197,86,105,205,232,268,268,205,228,228,249,249,292,328,340,352,364,376,83,122,122],"floor_reached":56,"playtime":2599,"items_purged":["TheRailgun:Defend","TheRailgun:Strike","TheRailgun:Static","TheRailgun:Gekota_Phone"],"score":1820,"play_id":"df4218e3-1cc0-4739-88ed-4d97523d072c","local_time":"20210103140208","is_ascension_mode":true,"campfire_choices":[{"data":"Discovery","floor":7.0,"key":"SMITH"},{"floor":10.0,"key":"REST"},{"data":"REME_BattleFury","floor":12.0,"key":"SMITH"},{"data":"TheRailgun:Mental_Out","floor":15.0,"key":"SMITH"},{"data":"TheRailgun:Supercharge","floor":24.0,"key":"SMITH"},{"data":"TheRailgun:Heroinism","floor":32.0,"key":"SMITH"},{"data":"TheRailgun:Level_6","floor":41.0,"key":"SMITH"},{"floor":44.0,"key":"RECALL"},{"data":"TheRailgun:Level_6","floor":46.0,"key":"SMITH"},{"data":"TheRailgun:Biribiri","floor":49.0,"key":"SMITH"},{"data":"Panacea","floor":52.0,"key":"SMITH"}],"circlet_count":0,"master_deck":["TheRailgun:Strike","TheRailgun:Strike","TheRailgun:Strike","TheRailgun:Defend+1","TheRailgun:Defend","Discovery+1","REME_BattleFury+1","TheRailgun:Biribiri+1","TheRailgun:Negative_Field","TheRailgun:Mental_Out+1","TheRailgun:Iron_Dust_Vial+1","TheRailgun:Crack","TheRailgun:Iron_Dust_Shield","TheRailgun:Taser","TheRailgun:Supercharge+1","TheRailgun:Coin_Flip","TheRailgun:Sister_Noise","Ghostly","Ghostly","Ghostly","Ghostly","Ghostly","TheRailgun:Positive_Field","TheRailgun:Battery_Pack","TheRailgun:Heroinism+1","TheRailgun:Coin_Flip","TheRailgun:Pull","TheRailgun:Level_6+1","Panacea+1","TheRailgun:Gekotamania","Flash of Steel+1","Dramatic Entrance+1","Finesse","TheRailgun:Sister_Network","TheRailgun:Level_6+1","TheRailgun:Gekotamania+1","TheRailgun:Battery_Pack+1","TheRailgun:Gekotamania"],"relics":["TheRailgun:CoinRelic","REME_ComplimentaryCards","PreservedInsect","Anchor","StrikeDummy","Juzu Bracelet","Black Star","Membership Card","Molten Egg 2","REME_HandOfSuture","Strawberry","Bird Faced Urn","War Paint","CeramicFish","Bronze Scales","Sling","Sozu","Vajra","Blood Vial","Akabeko","MawBank","ClockworkSouvenir","Art of War","Orichalcum","Eternal Feather","REME_PuzzleBoxRelic"],"acts_visited":["Exordium","TheCity","TheBeyond","TheEnding"],"potions_floor_usage":[],"damage_taken":[{"damage":1.0,"enemies":"Small Slimes","floor":1.0,"turns":3.0},{"damage":4.0,"enemies":"Jaw Worm","floor":3.0,"turns":3.0},{"damage":14.0,"enemies":"2 Louse","floor":5.0,"turns":2.0},{"damage":20.0,"enemies":"3 Sentries","floor":6.0,"turns":6.0},{"damage":4.0,"enemies":"Blue Slaver","floor":8.0,"turns":4.0},{"damage":10.0,"enemies":"Lagavulin","floor":11.0,"turns":5.0},{"damage":0.0,"enemies":"Gremlin Nob","floor":13.0,"turns":4.0},{"damage":0.0,"enemies":"Red Slaver","floor":14.0,"turns":3.0},{"damage":0.0,"enemies":"Slime Boss","floor":16.0,"turns":4.0},{"damage":14.0,"enemies":"Chosen","floor":18.0,"turns":4.0},{"damage":2.0,"enemies":"Shell Parasite","floor":21.0,"turns":5.0},{"damage":3.0,"enemies":"REME_1_Revenger","floor":23.0,"turns":5.0},{"damage":13.0,"enemies":"Snecko","floor":25.0,"turns":5.0},{"damage":4.0,"enemies":"Gremlin Leader","floor":27.0,"turns":5.0},{"damage":3.0,"enemies":"Snake Plant","floor":28.0,"turns":5.0},{"damage":6.0,"enemies":"Cultist and Chosen","floor":30.0,"turns":3.0},{"damage":0.0,"enemies":"Automaton","floor":33.0,"turns":3.0},{"damage":6.0,"enemies":"Orb Walker","floor":35.0,"turns":2.0},{"damage":1.0,"enemies":"3 Shapes","floor":37.0,"turns":4.0},{"damage":14.0,"enemies":"Nemesis","floor":40.0,"turns":4.0},{"damage":3.0,"enemies":"Maw","floor":45.0,"turns":5.0},{"damage":1.0,"enemies":"Giant Head","floor":47.0,"turns":6.0},{"damage":0.0,"enemies":"Jaw Worm Horde","floor":48.0,"turns":3.0},{"damage":0.0,"enemies":"Awakened One","floor":50.0,"turns":6.0},{"damage":0,"enemies":"Shield and Spear","floor":54,"turns":2},{"damage":39,"enemies":"The Heart","floor":55,"turns":7}],"seed_played":"-1423329430819648933","potions_obtained":[{"floor":5.0,"key":"REME_GoldPotion"},{"floor":6.0,"key":"FearPotion"},{"floor":11.0,"key":"Regen Potion"},{"floor":13.0,"key":"AttackPotion"},{"floor":14.0,"key":"BlessingOfTheForge"},{"floor":18.0,"key":"GamblersBrew"},{"floor":27.0,"key":"LiquidBronze"},{"floor":28.0,"key":"AttackPotion"},{"floor":30.0,"key":"ColorlessPotion"}],"is_trial":false,"path_per_floor":["M","?","M","?","M","E","R","M","T","R","E","R","E","M","R","B",null,"M","$","?","M","?","E","R","M","T","E","M","$","M","?","R","B",null,"M","$","M","?","?","E","R","$","T","R","M","R","E","M","R","B",null,"R","$","E","B",null],"character_chosen":"THE_DEFAULT","items_purchased":["Membership Card","TheRailgun:Sister_Noise","CeramicFish","Bronze Scales","TheRailgun:Heroinism","Sling","Panacea","TheRailgun:Gekotamania","ClockworkSouvenir","Art of War","Orichalcum"],"campfire_rested":1,"item_purchase_floors":[19,19,29,29,29,29,36,36,53,53,53],"current_hp_per_floor":[69,69,65,54,40,20,20,16,16,37,27,27,39,39,39,39,70,56,56,35,33,29,26,26,13,20,16,23,23,27,27,27,43,47,41,41,46,46,36,47,47,47,47,47,47,47,47,47,47,47,47,47,47,47,43],"gold":122,"neow_bonus":"RANDOM_COLORLESS_2","is_daily":false,"chose_seed":false,"campfire_upgraded":9,"win_rate":0.0,"timestamp":1609650128,"path_taken":["M","?","M","?","M","E","R","M","T","R","E","R","E","M","R","BOSS","M","$","?","M","?","E","R","M","T","E","M","$","M","?","R","BOSS","M","$","M","?","?","E","R","$","T","R","M","R","E","M","R","BOSS","R","$","E","BOSS"],"items_purchased_type":["Relic","Card","Relic","Relic","Card","Relic","Card","Card","Relic","Relic","Relic"],"build_version":"2020-12-22","purchased_purges":4,"victory":true,"max_hp_per_floor":[70,70,70,70,70,70,70,70,70,70,70,70,70,70,70,70,70,70,70,35,35,40,40,40,40,47,47,47,47,47,47,47,47,47,47,47,47,47,47,47,47,47,47,47,47,47,47,47,47,47,47,47,47,47,47],"card_choices":[{"not_picked":["Panache","REME_AllRoundStrike"],"picked":"REME_BattleFury","floor":0.0},{"not_picked":["TheRailgun:Iron_Dust_Sword","TheRailgun:Lightning_Speed"],"picked":"TheRailgun:Biribiri","floor":1.0},{"not_picked":["TheRailgun:Electrical_Fire","TheRailgun:Hypercharge","TheRailgun:Circuit_Breaker"],"picked":"SKIP","floor":3.0},{"not_picked":["TheRailgun:Coin_Flip","TheRailgun:Static"],"picked":"TheRailgun:Mental_Out","floor":5.0},{"not_picked":["TheRailgun:Lightningbolt","TheRailgun:Magnetic_Movement"],"picked":"TheRailgun:Iron_Dust_Vial","floor":6.0},{"not_picked":["TheRailgun:Push","TheRailgun:Teleporter"],"picked":"TheRailgun:Crack","floor":8.0},{"not_picked":["TheRailgun:Hypercharge","TheRailgun:Electrical_Storm"],"picked":"TheRailgun:Iron_Dust_Shield","floor":11.0},{"not_picked":["TheRailgun:Scatter_Railgun","TheRailgun:Circuitous"],"picked":"TheRailgun:Taser","floor":13.0},{"not_picked":["TheRailgun:Lightningbolt","TheRailgun:Electrical_Fire","TheRailgun:Iron_Dust_Shield"],"picked":"SKIP","floor":14.0},{"not_picked":["TheRailgun:Circuitous","TheRailgun:Rewiring"],"picked":"TheRailgun:Supercharge","floor":16.0},{"not_picked":["TheRailgun:Push","TheRailgun:Pull"],"picked":"TheRailgun:Coin_Flip","floor":18.0},{"not_picked":["TheRailgun:Negative_Field+1","TheRailgun:Oneesama","TheRailgun:Stun_Shock"],"picked":"SKIP","floor":21.0},{"not_picked":["TheRailgun:Electric_Fence","TheRailgun:Lightning_Speed"],"picked":"TheRailgun:Gekota_Phone","floor":23.0},{"not_picked":["TheRailgun:Charge","TheRailgun:Mental_Out"],"picked":"TheRailgun:Positive_Field","floor":25.0},{"not_picked":["TheRailgun:Token_Collection","TheRailgun:Coin_Flip","TheRailgun:Gekota_Phone"],"picked":"SKIP","floor":27.0},{"not_picked":["TheRailgun:Token_Collection","TheRailgun:Coin_Flip","TheRailgun:Gekota_Phone"],"picked":"SKIP","floor":27.0},{"not_picked":["TheRailgun:Thunderbolt+1","TheRailgun:Iron_Dust_Sword+1"],"picked":"TheRailgun:Battery_Pack","floor":28.0},{"not_picked":["TheRailgun:Thundershock+1","TheRailgun:Electrical_Fire+1","TheRailgun:Electric_Fence"],"picked":"SKIP","floor":30.0},{"not_picked":["TheRailgun:Thundervolt+1","TheRailgun:Circuitous"],"picked":"TheRailgun:Level_6","floor":33.0},{"not_picked":["TheRailgun:Gekota_Phone","TheRailgun:Circuit_Breaker","TheRailgun:Lightning_Speed"],"picked":"SKIP","floor":35.0},{"not_picked":["TheRailgun:Negative_Field+1","TheRailgun:Gekota_Phone+1","TheRailgun:Crackle+1"],"picked":"SKIP","floor":37.0},{"not_picked":["REME_MagicPocketWatch","Purity"],"picked":"Flash of Steel+1","floor":39.0},{"not_picked":["Trip","REME_TwoStrings"],"picked":"Dramatic Entrance+1","floor":39.0},{"not_picked":["Mind Blast+1","Dark Shackles"],"picked":"Finesse","floor":39.0},{"not_picked":["TheRailgun:Positive_Field","TheRailgun:Teleporter+1"],"picked":"TheRailgun:Sister_Network","floor":40.0},{"not_picked":["TheRailgun:Negative_Field+1","TheRailgun:Hypercharge+1"],"picked":"TheRailgun:Level_6","floor":45.0},{"not_picked":["TheRailgun:Oneesama","TheRailgun:Scatter_Railgun+1"],"picked":"TheRailgun:Gekotamania+1","floor":47.0},{"not_picked":["TheRailgun:Magnetic_Movement+1","TheRailgun:Zap+1"],"picked":"TheRailgun:Battery_Pack+1","floor":48.0},{"not_picked":["TheRailgun:Crack+1","TheRailgun:Coin_Flip"],"picked":"TheRailgun:Gekotamania","floor":54}],"player_experience":606441,"relics_obtained":[{"floor":6.0,"key":"PreservedInsect"},{"floor":9.0,"key":"Anchor"},{"floor":11.0,"key":"StrikeDummy"},{"floor":13.0,"key":"Juzu Bracelet"},{"floor":23.0,"key":"Molten Egg 2"},{"floor":23.0,"key":"REME_HandOfSuture"},{"floor":26.0,"key":"Strawberry"},{"floor":27.0,"key":"Bird Faced Urn"},{"floor":27.0,"key":"War Paint"},{"floor":40.0,"key":"Vajra"},{"floor":40.0,"key":"Blood Vial"},{"floor":47.0,"key":"Akabeko"},{"floor":47.0,"key":"MawBank"},{"floor":54,"key":"Eternal Feather"},{"floor":54,"key":"REME_PuzzleBoxRelic"}],"event_choices":[{"damage_healed":0.0,"max_hp_gain":0.0,"max_hp_loss":0.0,"gold_gain":0.0,"cards_transformed":["TheRailgun:Defend"],"event_name":"Living Wall","player_choice":"Change","floor":2.0,"gold_loss":0.0,"damage_taken":0.0,"cards_obtained":["TheRailgun:Negative_Field"]},{"damage_healed":0.0,"max_hp_gain":0.0,"max_hp_loss":0.0,"gold_gain":75.0,"event_name":"World of Goop","player_choice":"Gather Gold","floor":4.0,"gold_loss":0.0,"damage_taken":11.0},{"damage_healed":0.0,"max_hp_gain":0.0,"max_hp_loss":35.0,"gold_gain":0.0,"event_name":"Ghosts","player_choice":"Became a Ghost","floor":20.0,"gold_loss":0.0,"damage_taken":0.0,"cards_obtained":["Ghostly","Ghostly","Ghostly","Ghostly","Ghostly"]},{"damage_healed":0.0,"max_hp_gain":5.0,"max_hp_loss":0.0,"gold_gain":0.0,"event_name":"Forgotten Altar","player_choice":"Shed Blood","floor":22.0,"gold_loss":0.0,"damage_taken":9.0},{"damage_healed":0.0,"max_hp_gain":0.0,"max_hp_loss":0.0,"gold_gain":0.0,"cards_transformed":["TheRailgun:Discharge","TheRailgun:Zip"],"event_name":"Drug Dealer","player_choice":"Became Test Subject","floor":31.0,"gold_loss":0.0,"damage_taken":0.0,"cards_obtained":["TheRailgun:Coin_Flip","TheRailgun:Pull"]},{"damage_healed":0.0,"max_hp_gain":0.0,"max_hp_loss":0.0,"gold_gain":100.0,"event_name":"Golden Shrine","player_choice":"Pray","floor":38.0,"gold_loss":0.0,"damage_taken":0.0},{"damage_healed":0.0,"max_hp_gain":0.0,"max_hp_loss":0.0,"gold_gain":0.0,"event_name":"SensoryStone","player_choice":"Memory 3","floor":39.0,"gold_loss":0.0,"damage_taken":10.0}],"is_beta":false,"boss_relics":[{"not_picked":["Philosopher\u0027s Stone","Pandora\u0027s Box"],"picked":"Black Star"},{"not_picked":["Runic Dome","SlaversCollar"],"picked":"Sozu"}],"items_purged_floors":[19,36,42,53],"is_endless":false,"potions_floor_spawned":[5,6,11,13,14,18,27,28,30,37,40],"ascension_level":3}}