{"host":"igi9xpgoc000gxf5","time":1609683226,"event":{"mods":["BaseMod","Colored Powertips","Downfall","Googly Eyes","Minty Spire (QoL Compilation)","StSLib"],"gold_per_floor":[99,112,212,225,22,57,84,368,387,387,387,407,430,467,490,490,490,490],"floor_reached":16,"playtime":1148,"items_purged":[],"score":112,"play_id":"c23502ed-fc3e-409c-bf62-6d4c5c522846","local_time":"20210103151346","is_ascension_mode":false,"campfire_choices":[{"data":"Trip","floor":1,"key":"SMITH"},{"floor":11,"key":"REST"}],"circlet_count":0,"master_deck":["champ:Strike","champ:Strike","champ:Strike","champ:Strike","champ:Defend","champ:Defend","champ:Defend","champ:Defend","champ:Execute","champ:Taunt+1","Trip+1","champ:AdrenalArmor","champ:Circumvent","champ:FanOfKnives","champ:ShieldWall","champ:FlashCut","Regret","champ:TornadoPunch","champ:FocusedDefense","champ:Duel","champ:ShieldSigil","champ:Haymaker"],"relics":["champ:ChampionCrown","HandDrill","CeramicFish","Bronze Scales","PreservedInsect"],"acts_visited":["Exordium"],"potions_floor_usage":[14,16,16],"damage_taken":[{"damage":5,"enemies":"Small Slimes","floor":2,"turns":5},{"damage":1,"enemies":"2 Louse","floor":4,"turns":3},{"damage":10,"enemies":"downfall:FleeingMerchant","floor":5,"turns":4},{"damage":49,"enemies":"3 Sentries","floor":6,"turns":9},{"damage":8,"enemies":"Cultist","floor":9,"turns":3},{"damage":16,"enemies":"Exordium Wildlife","floor":12,"turns":5},{"damage":10,"enemies":"2 Fungi Beasts","floor":13,"turns":3},{"damage":12,"enemies":"Gremlin Nob","floor":14,"turns":4},{"damage":11,"enemies":"3 Louse","floor":15,"turns":3},{"damage":48,"enemies":"downfall:Silent","floor":16,"turns":8}],"seed_played":"-4273580927804134599","potions_obtained":[{"floor":9,"key":"Block Potion"},{"floor":12,"key":"Explosive Potion"},{"floor":14,"key":"SneckoOil"}],"is_trial":false,"path_per_floor":["R","M","?","M","$","E","T","?","M","?","R","M","M","E","M","B"],"character_chosen":"THE_CHAMP","items_purchased":["HandDrill","champ:ShieldWall"],"campfire_rested":1,"item_purchase_floors":[5,5],"current_hp_per_floor":[90,90,90,89,89,54,54,54,53,53,80,73,63,56,45,0,0,0],"gold":490,"neow_bonus":"RANDOM_COLORLESS","is_daily":false,"chose_seed":false,"campfire_upgraded":1,"win_rate":0.0,"timestamp":1609683226,"path_taken":["R","M","?","M","$","E","T","?","?","?","R","M","M","E","M","BOSS"],"items_purchased_type":["Relic","Card"],"build_version":"2020-12-22","purchased_purges":0,"victory":false,"max_hp_per_floor":[90,90,90,90,90,90,90,90,90,90,90,90,90,90,90,90,90,90],"card_choices":[{"not_picked":["PanicButton","expansioncontent:TimeRipple"],"picked":"Trip","floor":0},{"not_picked":["champ:PerfectedStrike","champ:EndlessRage"],"picked":"champ:AdrenalArmor","floor":2},{"not_picked":["champ:TornadoPunch","champ:BerserkersShout"],"picked":"champ:Circumvent","floor":4},{"not_picked":["champ:Circumvent","champ:Lariat"],"picked":"champ:FanOfKnives","floor":5},{"not_picked":["champ:FocusedDefense","champ:Duel"],"picked":"champ:FlashCut","floor":6},{"not_picked":["champ:FlashCut","champ:HeartStrike"],"picked":"champ:TornadoPunch","floor":9},{"not_picked":["champ:BringItOn","champ:DefensiveShout"],"picked":"champ:FocusedDefense","floor":12},{"not_picked":["champ:AdrenalArmor","champ:FightOn"],"picked":"champ:Duel","floor":13},{"not_picked":["champ:ArenaPreparation","champ:BerserkerStyle"],"picked":"champ:ShieldSigil","floor":14},{"not_picked":["champ:ShieldWall","champ:GutPunch"],"picked":"champ:Haymaker","floor":15}],"player_experience":914556,"relics_obtained":[{"floor":6,"key":"CeramicFish"},{"floor":7,"key":"Bronze Scales"},{"floor":14,"key":"PreservedInsect"}],"event_choices":[{"damage_healed":0,"gold_gain":0,"player_choice":"Grow","damage_taken":0,"max_hp_gain":0,"max_hp_loss":0,"event_name":"Living Wall","floor":10,"gold_loss":0,"cards_upgraded":["champ:Taunt"]}],"is_beta":false,"boss_relics":[],"items_purged_floors":[],"is_endless":false,"potions_floor_spawned":[9,12,14],"killed_by":"downfall:Silent","ascension_level":0}}