{"host":"d2y4rmbezebiv8aj","time":1609633394,"event":{"mods":["AchievementEnabler","BaseMod","BetterRewards","Colored Map","Colored Powertips","Custom Start","Highlight Path","Minty Spire (QoL Compilation)","Rare Cards Sparkle","Shop Mod","StSLib","SuperFastMode","Synergy Search"],"gold_per_floor":[119,132,151,151,426,457,469,469,469],"floor_reached":8,"playtime":294,"items_purged":[],"score":67,"play_id":"ab33273c-bd92-4fd5-998d-51b56699480d","local_time":"20210103012314","is_ascension_mode":true,"campfire_choices":[],"circlet_count":0,"master_deck":["Strike_G","Strike_G","Strike_G","Strike_G","Strike_G","Defend_G","Defend_G","Defend_G","Defend_G","Defend_G","Survivor","Neutralize","Bane","Storm of Steel","Deadly Poison","Regret","Slice","Accuracy"],"relics":["Ring of the Snake","PreservedInsect","The Specimen"],"acts_visited":["Exordium"],"potions_floor_usage":[8],"damage_taken":[{"damage":0,"enemies":"2 Louse","floor":1,"turns":3},{"damage":1,"enemies":"Cultist","floor":2,"turns":5},{"damage":1,"enemies":"Jaw Worm","floor":3,"turns":5},{"damage":47,"enemies":"3 Sentries","floor":6,"turns":9},{"damage":17,"enemies":"Exordium Wildlife","floor":7,"turns":4},{"damage":4,"enemies":"Gremlin Nob","floor":8,"turns":1}],"seed_played":"-4653679076687756802","potions_obtained":[{"floor":2,"key":"LiquidBronze"},{"floor":3,"key":"GhostInAJar"},{"floor":6,"key":"Strength Potion"}],"is_trial":false,"path_per_floor":["M","M","M","?","?","E","M","E"],"character_chosen":"THE_SILENT","items_purchased":[],"campfire_rested":0,"item_purchase_floors":[],"current_hp_per_floor":[70,69,68,68,68,21,4,0,0],"gold":469,"neow_bonus":"RANDOM_COMMON_RELIC","is_daily":false,"chose_seed":false,"campfire_upgraded":0,"win_rate":0.0,"timestamp":1609633394,"path_taken":["M","M","M","?","?","E","M","E"],"items_purchased_type":[],"build_version":"2020-12-22","purchased_purges":0,"victory":false,"max_hp_per_floor":[70,70,70,70,70,70,70,70,70],"card_choices":[{"not_picked":["PiercingWail","Outmaneuver"],"picked":"Bane","floor":1},{"not_picked":["Blur","Deadly Poison"],"picked":"Storm of Steel","floor":2},{"not_picked":["Setup","Underhanded Strike"],"picked":"Deadly Poison","floor":3},{"not_picked":["Grand Finale","Prepared"],"picked":"Slice","floor":6},{"not_picked":["Infinite Blades","Endless Agony"],"picked":"Accuracy","floor":7}],"player_experience":324645,"relics_obtained":[{"floor":6,"key":"The Specimen"}],"event_choices":[{"damage_healed":0,"gold_gain":0,"player_choice":"Leave","damage_taken":0,"max_hp_gain":0,"max_hp_loss":0,"event_name":"The Cleric","floor":4,"gold_loss":0},{"damage_healed":0,"gold_gain":275,"player_choice":"Desecrate","damage_taken":0,"max_hp_gain":0,"max_hp_loss":0,"event_name":"Golden Shrine","floor":5,"gold_loss":0,"cards_obtained":["Regret"]}],"is_beta":false,"boss_relics":[],"items_purged_floors":[],"is_endless":false,"potions_floor_spawned":[2,3,6],"killed_by":"Gremlin Nob","ascension_level":3}}