{"host":"xwqwvmlzre68xjvm","time":1609653158,"event":{"mods":["BaseMod","Colored Map","Colored Powertips","Hermit","Minty Spire (QoL Compilation)","Replay The Spire","StSLib","SuperFastMode","Td1madao Mod","The Bug Knight","The Cursed","The Hierophant","The Runesmith"],"gold_per_floor":[110,110,126,21,21,21,21,21],"floor_reached":7,"playtime":279,"items_purged":["Strike_G"],"score":78,"play_id":"2c757891-dca2-4858-8af3-1f08aadcf84f","local_time":"20210103145238","daily_mods":["Chimera","Diverse","Colorless Cards","DeadlyEvents","Elite Swarm"],"is_ascension_mode":true,"campfire_choices":[{"data":"Here Defend Chip+1","floor":6,"key":"SMITH"}],"circlet_count":0,"master_deck":["AscendersBane","Bash","Survivor","Zap","Eruption","Strike_R","Defend_R","Defend_G","Defend_P","HollowMod:HuntersJournal","Here Defend Chip+2"],"relics":["Burning Blood"],"acts_visited":["Exordium"],"potions_floor_usage":[],"damage_taken":[{"damage":36,"enemies":"Small Slimes","floor":1,"turns":4},{"damage":0,"enemies":"Cultist","floor":3,"turns":3},{"damage":51,"enemies":"3 Sentries","floor":7,"turns":6}],"seed_played":"-692752231717373052","potions_obtained":[],"is_trial":true,"path_per_floor":["M","?","M","$","?","R","E"],"character_chosen":"IRONCLAD","items_purchased":["Here Defend Chip"],"campfire_rested":0,"item_purchase_floors":[4],"current_hp_per_floor":[38,38,44,44,44,44,0,0],"gold":21,"neow_bonus":"","is_daily":false,"chose_seed":false,"campfire_upgraded":1,"win_rate":0.0,"timestamp":1609653158,"path_taken":["M","?","?","$","?","R","E"],"items_purchased_type":["Card"],"build_version":"2020-12-22","purchased_purges":1,"victory":false,"max_hp_per_floor":[75,75,75,75,75,75,75,75],"card_choices":[{"not_picked":["HollowMod:SiblingsSouls","hermit:TrackingShot","ReplayTheSpireMod:Calculation Training"],"picked":"SKIP","floor":1},{"not_picked":["Quick Slash","Leap"],"picked":"HollowMod:HuntersJournal","floor":3}],"player_experience":38024,"relics_obtained":[],"event_choices":[{"cards_removed":["Strike_B"],"damage_healed":0,"gold_gain":0,"player_choice":"Card Removal","damage_taken":0,"max_hp_gain":0,"max_hp_loss":0,"event_name":"Wheel of Change","floor":2,"gold_loss":0},{"damage_healed":0,"gold_gain":0,"player_choice":"Grow","damage_taken":0,"max_hp_gain":0,"max_hp_loss":0,"event_name":"Living Wall","floor":5,"gold_loss":0,"cards_upgraded":["Here Defend Chip"]}],"is_beta":false,"boss_relics":[],"items_purged_floors":[4],"is_endless":false,"potions_floor_spawned":[],"killed_by":"3 Sentries","ascension_level":20}}