{"host":"i58uscbei3sy5089","time":1609655266,"event":{"mods":["ATMod(°¢èªMod)","Act Like it!","Arknights The Spire","BaseMod","Challenge The Spire","Colored Powertips","Conspire","Infinite Spire","Koishi","Lobotomy","LobotomyExtend","Minty Spire (QoL Compilation)","MostiFishMod","Prisma Mod","Quick Restart","Reimu£¨²©ÀöÁéÃÎ£©","Replay The Spire","Shop Mod","Spicy Shops","StSLib","TestMod","The Alterego","The Construct","UnlockEverythingMod","[IsaacMod]ÒÔÈö¼âËþ","vexMod","¡¾¹¦ÄÜMod¡¿»ìãçÖ®»·ÐÞ¸´²¹¶¡","¡¾ÒÅÎï¿¨ÅÆ¡¿REMEMod","óô»ðÖ¸ÄÏ"],"gold_per_floor":[109,109,109,120,120,120,0,0,0,0,33,33,59,69,69,167,167,187,187,206,0,15,15,46,60,60,60,73,86,86,100,100,205,205,229,254,371,411,411,411,470,477,504,601,601,680,39,69,69,111,111],"floor_reached":50,"playtime":3657,"items_purged":["construct:Strike_Gold","Dazed","PrismaMod:ChloeDevil"],"score":818,"play_id":"5494c3ce-c31d-4d0a-8128-61b097e2fc7d","local_time":"20210103142746","is_ascension_mode":true,"campfire_choices":[{"data":"construct:Enhance","floor":6.0,"key":"SMITH"},{"data":"construct:Enhance+1","floor":8.0,"key":"SMITH"},{"data":"construct:DefenseMode","floor":12.0,"key":"SMITH"},{"floor":15.0,"key":"REST"},{"data":"construct:LaserCore+1","floor":23.0,"key":"SMITH"},{"data":"construct:ClockworkEgg","floor":27.0,"key":"SMITH"},{"data":"construct:ClockworkEgg+1","floor":30.0,"key":"SMITH"},{"data":"construct:ClockworkEgg+2","floor":32.0,"key":"SMITH"},{"data":"construct:ReactiveShield+1","floor":40,"key":"SMITH"},{"data":"construct:SpinDrive+1","floor":45,"key":"SMITH"},{"data":"construct:PointDefense+1","floor":49,"key":"SMITH"}],"circlet_count":0,"master_deck":["QueenOfHatred","construct:Strike_Gold","construct:Strike_Gold","construct:Strike_Gold","construct:Strike_Gold","construct:Defend_Gold","construct:Defend_Gold","construct:Defend_Gold","construct:Defend_Gold","construct:AttackMode","construct:DefenseMode+1","MHz","construct:Enhance+2","construct:Autoturret+2","OSAHOGD","WallGazer","construct:LaserCore+2","construct:ReactiveShield+2","infinitespire:Punishment+1","construct:SpinDrive+2","Madness+1","Madness+1","construct:PointDefense+2","testmod-RepeatForm+1"],"relics":["construct:ClockworkPhoenix","testmod-TestBox","HushsDoor","DaveBox","AT_ATBox","REME_ComplimentaryCards","CogitoBucket","RabbitCall","testmod-GiftOfSatan","DianDianMeat","SynthV:TestCard","LetterFromLob","MerchantsRug","DianDianMeat","MaYiHuaBei","RuthlessExorcism:ReiMu","infinitespire:ShieldingShard","BloodBag","testmod-SaigiyounoYou","AT_SunfireAegis","Medical Kit","ReplayTheSpireMod:Lightbulb","SynthV:C4","Molten Egg 2","Toxic Egg 2","Frozen Egg 2","infinitespire:EvilPickle","RhineCircuit","FossilizedHelix","SalivaCoin","construct:MasterCore","testmod-EqualTreatment","TheBean","infinitespire:Golems Mask","InTheNameOfLoveAndHate_r"],"acts_visited":["Exordium","TheCity","TheBeyond"],"potions_floor_usage":[47],"damage_taken":[{"damage":3.0,"enemies":"2 Louse","floor":1.0,"turns":1.0},{"damage":0.0,"enemies":"Cultist","floor":4.0,"turns":1.0},{"damage":10.0,"enemies":"Lagavulin","floor":11.0,"turns":5.0},{"damage":9.0,"enemies":"Replay:BlueRogue","floor":13.0,"turns":6.0},{"damage":34.0,"enemies":"Fading Forest","floor":16.0,"turns":11.0},{"damage":21.0,"enemies":"Spheric Guardian","floor":18.0,"turns":6.0},{"damage":26.0,"enemies":"Shell Parasite","floor":20.0,"turns":5.0},{"damage":7.0,"enemies":"Sentry and Sphere","floor":22.0,"turns":2.0},{"damage":35.0,"enemies":"Replay:Snechameleon","floor":24.0,"turns":5.0},{"damage":14.0,"enemies":"Chosen and Byrds","floor":25.0,"turns":4.0},{"damage":31.0,"enemies":"Centurion and Healer","floor":28.0,"turns":5.0},{"damage":6.0,"enemies":"Snake Plant","floor":29.0,"turns":4.0},{"damage":0.0,"enemies":"Cultist and Chosen","floor":31.0,"turns":4.0},{"damage":79.0,"enemies":"Pondfish","floor":33.0,"turns":8.0},{"damage":14.0,"enemies":"Orb Walker","floor":35.0,"turns":4.0},{"damage":3.0,"enemies":"3 Shapes","floor":36.0,"turns":1.0},{"damage":13.0,"enemies":"infinitespire:Three Voidlings","floor":37.0,"turns":2.0},{"damage":54.0,"enemies":"Nightmare_Alpha","floor":37.0,"turns":6.0},{"damage":0,"enemies":"Sphere and 2 Shapes","floor":38,"turns":4},{"damage":2,"enemies":"R_Hoarder","floor":41,"turns":5},{"damage":8,"enemies":"Giant Head","floor":44,"turns":5},{"damage":8,"enemies":"R_Hoarder","floor":46,"turns":4},{"damage":2,"enemies":"Spire Growth","floor":48,"turns":3},{"damage":407,"enemies":"FixerMidnight","floor":50,"turns":6}],"seed_played":"5312966924679902758","potions_obtained":[{"floor":18.0,"key":"testmod-SpacePotion"},{"floor":22.0,"key":"FearPotion"},{"floor":24.0,"key":"Milkshake"},{"floor":33.0,"key":"Block Potion"},{"floor":38,"key":"PowerPotion"},{"floor":44,"key":"testmod-SpacePotion"},{"floor":48,"key":"ColorlessPotion"}],"is_trial":false,"path_per_floor":["M","?","?","M","?","R","$","R","T","M","E","R","E","$","R","B",null,"M","?","M","$","M","R","E","M","T","R","M","M","R","M","R","B",null,"M","M","?","M","?","R","E","?","T","E","R","E","$","M","R","B"],"character_chosen":"THE_CONSTRUCT_MOD","items_purchased":["MerchantsRug","Diplopia","construct:Autoturret","infinitespire:ShieldingShard","AT_SunfireAegis","Medical Kit","construct:PointDefense+1","testmod-RepeatForm+1","infinitespire:Golems Mask"],"campfire_rested":1,"item_purchase_floors":[7,7,7,14,21,21,47,47,47],"current_hp_per_floor":[85,85,85,93,93,93,39,39,39,39,37,37,48,31,64,77,118,101,101,116,116,119,119,96,93,93,93,89,103,103,129,129,80,159,172,175,176,185,158,158,192,210,210,233,233,244,298,303,303,0,0],"gold":111,"neow_bonus":"","is_daily":false,"chose_seed":false,"campfire_upgraded":10,"win_rate":0.0,"timestamp":1609655266,"path_taken":["M","?","?","M","?","R","$","R","T","M","E","R","E","$","R","BOSS","M","?","M","$","M","R","E","M","T","R","M","M","R","M","R","BOSS","M","M","?","M","?","R","E","?","T","E","R","E","$","M","R","BOSS"],"items_purchased_type":["Relic","Relic","Card","Relic","Relic","Relic","Card","Card","Relic"],"build_version":"2020-12-22","purchased_purges":3,"victory":false,"max_hp_per_floor":[86,86,86,93,93,93,97,97,97,97,97,97,103,110,110,118,118,118,118,140,140,140,140,140,140,140,140,140,145,145,159,159,159,159,180,180,180,185,203,203,223,269,269,274,274,274,328,328,328,328,328],"card_choices":[{"not_picked":[],"picked":"BettingIsNotGood","floor":0.0},{"not_picked":["OSAHOGD","Murderer"],"picked":"MHz","floor":1.0},{"not_picked":["construct:SaveState","construct:FierceBash","construct:OneWayMirror"],"picked":"SKIP","floor":1.0},{"not_picked":["VoidDream","Scorched","CrumblingArmor"],"picked":"Singing Bowl","floor":4.0},{"not_picked":["construct:FierceBash","construct:ShiftStrike","construct:ElectricArmor","construct:SyphonStrike"],"picked":"construct:Enhance","floor":4.0},{"not_picked":["construct:ChargeShot","construct:PowerUp","construct:Forcefield","construct:Boost","construct:Analyze"],"picked":"SKIP","floor":11.0},{"not_picked":["LittleHelper","Bloodbath","FairyFestival"],"picked":"Singing Bowl","floor":13.0},{"not_picked":["FairyFestival","QueenBee"],"picked":"OSAHOGD","floor":13.0},{"not_picked":["construct:ScrapCannon","construct:ShiftStrike","construct:SaveState","construct:Backfire","construct:SuppressiveFire"],"picked":"SKIP","floor":13.0},{"not_picked":["WhitesApple","Murderer","HeroicMonk"],"picked":"Singing Bowl","floor":16.0},{"not_picked":["construct:Bunker","construct:GatlingGun","construct:MemoryTap","construct:LongRangeLance"],"picked":"construct:ClockworkEgg","floor":16.0},{"not_picked":["ShyLook","Variant","OldLady"],"picked":"Singing Bowl","floor":18.0},{"not_picked":["construct:ModeShift","construct:VentSteam","construct:Enhance","construct:Versatility","construct:SyphonStrike"],"picked":"SKIP","floor":18.0},{"not_picked":["Scorched","CrumblingArmor"],"picked":"WallGazer","floor":20.0},{"not_picked":["construct:FierceBash","construct:Tumble","construct:Autoturret","construct:SyphonStrike"],"picked":"construct:LaserCore+1","floor":20.0},{"not_picked":["construct:Autoturret+1","construct:Enhance+1","construct:Boost+1","construct:Reserves","construct:FocusedBeam"],"picked":"SKIP","floor":22.0},{"not_picked":["PunishingBird","FieryBird","Laetitia"],"picked":"Singing Bowl","floor":24.0},{"not_picked":["construct:OneWayMirror","construct:ShieldBurst","construct:ScrapCannon","construct:OmegaCannon+1","construct:Analyze"],"picked":"SKIP","floor":24.0},{"not_picked":["Laetitia","BlackArmy","CherryBlossoms"],"picked":"Singing Bowl","floor":25.0},{"not_picked":["construct:Autoturret+1","construct:ShiftStrike","construct:CriticalHit","construct:Versatility+1","construct:ChargeShot"],"picked":"SKIP","floor":25.0},{"not_picked":["CherryBlossoms","DreamingCurrent","Scarecrow"],"picked":"Singing Bowl","floor":28.0},{"not_picked":["construct:Zapper","construct:ScrapCannon","construct:ModeShift","construct:MemoryTap","construct:ShiftStrike"],"picked":"SKIP","floor":28.0},{"not_picked":["UniverseFragment","CrumblingArmor","Porccubus"],"picked":"Singing Bowl","floor":29.0},{"not_picked":["construct:Backfire","construct:CriticalHit","construct:SyphonStrike","construct:UnbalancingBlast","construct:Missile+1"],"picked":"SKIP","floor":29.0},{"not_picked":["MeatLantern","GalaxyChild"],"picked":"QueenOfHatred","floor":31.0},{"not_picked":["construct:Missile","construct:PanicFire","construct:HardReboot","construct:Reinforce","construct:Versatility"],"picked":"SKIP","floor":31.0},{"not_picked":["OldLady","VoidDream","Murderer"],"picked":"Singing Bowl","floor":33.0},{"not_picked":["Wellcheers","BeautyBeast","Woodsman"],"picked":"Singing Bowl","floor":35.0},{"not_picked":["construct:Accumulate+1","construct:FlakBarrage+1","construct:Reinforce+1","construct:Forcefield+1"],"picked":"construct:ReactiveShield+1","floor":35.0},{"not_picked":["Variant","DreamingCurrent","Scorched"],"picked":"Singing Bowl","floor":36.0},{"not_picked":["construct:SuppressiveFire+1","construct:SaveState+1","construct:Synchronize+1","construct:Backfire+1","construct:ClusterMines+1"],"picked":"SKIP","floor":36.0},{"not_picked":["construct:HeavyBolt+1","construct:ModeShift+1","construct:FierceBash+1","construct:OneWayMirror+1","construct:SaveState+1"],"picked":"SKIP","floor":37},{"not_picked":["GreedKing","LittleHelper","BeautyBeast"],"picked":"Singing Bowl","floor":38},{"not_picked":["construct:Impenetrable+1","construct:ElectricArmor+1","construct:FlakBarrage+1","construct:HeavyBolt+1","construct:OneWayMirror+1"],"picked":"SKIP","floor":38},{"not_picked":["infinitespire:SealOfDarkness+","infinitespire:Starlight"],"picked":"infinitespire:Punishment","floor":39},{"not_picked":["construct:HeavyBolt+1","construct:Construct_Overclock+1","construct:SaveState+1","construct:Electrocute+1"],"picked":"construct:SpinDrive+1","floor":41},{"not_picked":["Rudolta","BlackSwan","ShyLook"],"picked":"Singing Bowl","floor":41},{"not_picked":["MeltingLove","DespairKnight","Woodsman"],"picked":"Singing Bowl","floor":44},{"not_picked":["construct:VentSteam+1","construct:BatteryAcid+1","construct:Isolate+1","construct:Autoturret+1","construct:Accumulate+1"],"picked":"SKIP","floor":44},{"not_picked":["Variant","Laetitia","BlueStar"],"picked":"Singing Bowl","floor":46},{"not_picked":["construct:SaveState+1","construct:Antimatter+1","construct:Anticipate+1","construct:Overcharge+1","construct:LongRangeLance+1"],"picked":"SKIP","floor":46},{"not_picked":["QueenBee","Murderer","BodiesMountain"],"picked":"Singing Bowl","floor":48},{"not_picked":["construct:FlakBarrage+1","construct:Versatility+1","construct:BatteryAcid+1","construct:SaveState+1","construct:Zapper+1"],"picked":"SKIP","floor":48}],"player_experience":705088,"relics_obtained":[{"floor":1.0,"key":"SynthV:TestCard"},{"floor":1.0,"key":"LetterFromLob"},{"floor":11.0,"key":"MaYiHuaBei"},{"floor":13.0,"key":"RuthlessExorcism:ReiMu"},{"floor":24.0,"key":"ReplayTheSpireMod:Lightbulb"},{"floor":26.0,"key":"SynthV:C4"},{"floor":37,"key":"FossilizedHelix"},{"floor":41,"key":"SalivaCoin"},{"floor":43,"key":"construct:MasterCore"},{"floor":44,"key":"testmod-EqualTreatment"},{"floor":46,"key":"TheBean"}],"event_choices":[{"damage_healed":0.0,"max_hp_gain":0.0,"max_hp_loss":0.0,"gold_gain":0.0,"event_name":"Accursed Blacksmith","player_choice":"Forge","floor":2.0,"gold_loss":0.0,"damage_taken":0.0,"cards_upgraded":["PrismaMod:ChloeDevil"]},{"damage_healed":0.0,"max_hp_gain":0.0,"max_hp_loss":0.0,"gold_gain":0.0,"event_name":"conspire:Investor","player_choice":"Leave","floor":3.0,"gold_loss":0.0,"damage_taken":0.0},{"damage_healed":0.0,"max_hp_gain":0.0,"max_hp_loss":0.0,"gold_gain":0.0,"event_name":"The Mausoleum","player_choice":"Ignored","floor":19.0,"gold_loss":0.0,"damage_taken":0.0},{"damage_healed":0,"gold_gain":0,"player_choice":"Embrace Madness","damage_taken":28,"max_hp_gain":0,"max_hp_loss":0,"event_name":"Winding Halls","floor":42,"gold_loss":0,"cards_obtained":["Madness","Madness"]}],"is_beta":false,"boss_relics":[{"not_picked":["ReplayTheSpireMod:SealedPack","testmod-EnergyCheck"],"picked":"testmod-SaigiyounoYou"},{"not_picked":[]},{"not_picked":["Tiny House","REME_LowDesire"],"picked":"RhineCircuit"},{"not_picked":[]}],"items_purged_floors":[7,14,47],"is_endless":true,"potions_floor_spawned":[18,22,24,33,37,38,44,48],"killed_by":"FixerMidnight","ascension_level":3}}