{"host":"2hea6pl5vmah38iy","time":1609676871,"event":{"mods":["AchievementEnabler","BaseMod","Colored Map","DeckTracker","Keyboard Shortcuts","Minty Spire (QoL Compilation)","Rare Cards Sparkle","StSLib","SuperFastMode","everything is the same but u backflip on backflip"],"gold_per_floor":[110,285,285,304,0,0,25,25,25,54,54,90,90,50,50,144,144,160,173,196,96,115,115,115],"floor_reached":23,"playtime":699,"items_purged":["Pain","Doubt"],"score":437,"play_id":"abd06748-2676-4565-9333-d099c8056c2f","local_time":"20210103212751","is_ascension_mode":true,"campfire_choices":[{"data":"Eruption","floor":6.0,"key":"SMITH"},{"floor":8.0,"key":"REST"},{"data":"CrushJoints","floor":13.0,"key":"SMITH"},{"floor":15.0,"key":"REST"}],"circlet_count":0,"master_deck":["AscendersBane","Strike_P","Strike_P","Defend_P","Eruption+1","Vigilance","CrushJoints+1","Flash of Steel","FlurryOfBlows","Crescendo+1","CarveReality+1","EmptyMind+1","Adaptation","CutThroughFate+1","Tantrum+1"],"relics":["PureWater","WarpedTongs","Ancient Tea Set","Regal Pillow","StrikeDummy","Pantograph","Golden Idol","Singing Bowl","Astrolabe"],"acts_visited":["Exordium","TheCity"],"potions_floor_usage":[22,22],"damage_taken":[{"damage":6.0,"enemies":"2 Louse","floor":1.0,"turns":2.0},{"damage":12.0,"enemies":"Small Slimes","floor":4.0,"turns":2.0},{"damage":10.0,"enemies":"Lagavulin","floor":7.0,"turns":5.0},{"damage":16.0,"enemies":"Gremlin Nob","floor":10.0,"turns":4.0},{"damage":16.0,"enemies":"3 Sentries","floor":12.0,"turns":4.0},{"damage":0.0,"enemies":"Slime Boss","floor":16.0,"turns":3.0},{"damage":19.0,"enemies":"3 Byrds","floor":18.0,"turns":3.0},{"damage":4.0,"enemies":"Chosen","floor":19.0,"turns":2.0},{"damage":31.0,"enemies":"Snake Plant","floor":20.0,"turns":2.0},{"damage":12,"enemies":"Chosen and Byrds","floor":22,"turns":4},{"damage":0,"enemies":"Slavers","floor":23,"turns":1}],"seed_played":"-9027226646247233799","potions_obtained":[{"floor":4.0,"key":"SkillPotion"},{"floor":14.0,"key":"AttackPotion"},{"floor":14.0,"key":"Regen Potion"},{"floor":19.0,"key":"Block Potion"},{"floor":20.0,"key":"Regen Potion"}],"is_trial":false,"path_per_floor":["M","?","?","M","$","R","E","R","T","E","?","E","R","?","R","B",null,"M","M","M","$","M","E"],"character_chosen":"WATCHER","items_purchased":["Flash of Steel","Ancient Tea Set"],"campfire_rested":2,"item_purchase_floors":[5,5],"current_hp_per_floor":[37,37,37,25,25,25,15,50,50,34,34,20,20,20,54,67,67,48,46,15,15,30,30,30],"gold":115,"neow_bonus":"REMOVE_TWO","is_daily":false,"chose_seed":false,"campfire_upgraded":2,"win_rate":0.0,"timestamp":1609676871,"path_taken":["M","?","?","?","$","R","E","R","T","E","?","E","R","?","R","BOSS","M","M","M","$","?","E"],"items_purchased_type":["Card","Relic"],"build_version":"2020-12-22","purchased_purges":2,"victory":false,"max_hp_per_floor":[68,68,68,68,68,68,68,68,68,68,63,65,65,65,65,67,67,67,69,69,69,69,69,69],"card_choices":[{"not_picked":["FollowUp","FlyingSleeves"],"picked":"CrushJoints","floor":1.0},{"not_picked":["LikeWater","Alpha","Prostrate"],"picked":"SKIP","floor":4.0},{"not_picked":["PathToVictory","TalkToTheHand","ThirdEye"],"picked":"SKIP","floor":7.0},{"not_picked":["FollowUp","Weave"],"picked":"FlurryOfBlows","floor":10.0},{"not_picked":["Prostrate","WreathOfFlame","FollowUp"],"picked":"Singing Bowl","floor":12.0},{"not_picked":["DeusExMachina","Devotion","Alpha"],"picked":"Singing Bowl","floor":16.0},{"not_picked":["DeceiveReality","FlyingSleeves"],"picked":"Adaptation","floor":18.0},{"not_picked":["EmptyBody","ReachHeaven+1","JustLucky"],"picked":"Singing Bowl","floor":19.0},{"not_picked":["Wireheading","FollowUp"],"picked":"CutThroughFate+1","floor":20.0},{"not_picked":["EmptyFist+1","FlurryOfBlows"],"picked":"Tantrum+1","floor":22}],"player_experience":459489,"relics_obtained":[{"floor":7.0,"key":"Regal Pillow"},{"floor":9.0,"key":"StrikeDummy"},{"floor":10.0,"key":"Pantograph"},{"floor":12.0,"key":"Singing Bowl"}],"event_choices":[{"damage_healed":0.0,"max_hp_gain":0.0,"max_hp_loss":0.0,"gold_gain":175.0,"event_name":"Liars Game","player_choice":"AGREE","floor":2.0,"gold_loss":0.0,"damage_taken":0.0,"cards_obtained":["Doubt"]},{"damage_healed":0.0,"max_hp_gain":0.0,"max_hp_loss":0.0,"gold_gain":0.0,"event_name":"Accursed Blacksmith","player_choice":"Rummage","floor":3.0,"gold_loss":0.0,"damage_taken":0.0,"relics_obtained":["WarpedTongs"],"cards_obtained":["Pain"]},{"damage_healed":0.0,"max_hp_gain":0.0,"max_hp_loss":5.0,"gold_gain":0.0,"event_name":"Golden Idol","player_choice":"Lose Max HP","floor":11.0,"gold_loss":0.0,"damage_taken":0.0,"relics_obtained":["Golden Idol"]},{"damage_healed":0.0,"max_hp_gain":0.0,"max_hp_loss":0.0,"gold_gain":0.0,"event_name":"The Woman in Blue","player_choice":"Bought 3 Potions","floor":14.0,"gold_loss":0.0,"damage_taken":0.0}],"is_beta":false,"boss_relics":[{"not_picked":["Tiny House","Black Star"],"picked":"Astrolabe"}],"items_purged_floors":[5,21],"is_endless":false,"potions_floor_spawned":[4,19,20],"killed_by":"Slavers","ascension_level":14}}