{"host":"xcuflocadasoaqda","time":1609715736,"event":{"mods":["BaseMod","Bestiary","Filter the Spire","Minty Spire (QoL Compilation)","Relic Stats"],"gold_per_floor":[109,109,128,143,143,143,158,158,181,193,112,139,154,172,172,250,300,317,242,242,137,157,157,184,184,210,236,236,249,299,334,334,407,407,427,440,440,458,507,533,533,566,591,626,626,637,657,675,675,675,675,675,675,507,540,540],"floor_reached":57,"playtime":2362,"items_purged":["Eruption+1"],"score":3754,"play_id":"a749a681-0dfb-497c-87e0-6afa2f5eb82f","local_time":"20210103171536","is_ascension_mode":true,"campfire_choices":[{"floor":6.0,"key":"REST"},{"data":"MentalFortress","floor":8.0,"key":"SMITH"},{"data":"Adaptation","floor":15.0,"key":"SMITH"},{"data":"Tantrum","floor":23.0,"key":"SMITH"},{"data":"PathToVictory","floor":25.0,"key":"SMITH"},{"floor":32,"key":"RECALL"},{"data":"InnerPeace","floor":41,"key":"SMITH"},{"floor":45,"key":"REST"},{"data":"PathToVictory+1","floor":49,"key":"PURGE"},{"floor":53,"key":"REST"}],"circlet_count":0,"master_deck":["AscendersBane","MentalFortress+1","Adaptation+1","Tantrum+1","InnerPeace+1"],"relics":["Pandora\u0027s Box","Vajra","Lantern","Tiny House","FossilizedHelix","TeardropLocket","MutagenicStrength","Molten Egg 2","VioletLotus","Peace Pipe","Gambling Chip","CaptainsWheel","Boot","Nunchaku","OrangePellets","Shuriken","TheAbacus","Calipers","Anchor","Medical Kit","Unceasing Top"],"acts_visited":["Exordium","TheCity","TheBeyond","TheEnding"],"potions_floor_usage":[56,56],"damage_taken":[{"damage":52.0,"enemies":"Jaw Worm","floor":1.0,"turns":7.0},{"damage":2.0,"enemies":"Small Slimes","floor":3.0,"turns":7.0},{"damage":0.0,"enemies":"Cultist","floor":4.0,"turns":7.0},{"damage":0.0,"enemies":"Blue Slaver","floor":7.0,"turns":9.0},{"damage":6.0,"enemies":"Large Slime","floor":10.0,"turns":10.0},{"damage":0.0,"enemies":"Gremlin Nob","floor":12.0,"turns":4.0},{"damage":4.0,"enemies":"Exordium Wildlife","floor":13.0,"turns":3.0},{"damage":0.0,"enemies":"Looter","floor":14.0,"turns":2.0},{"damage":0.0,"enemies":"Slime Boss","floor":16.0,"turns":3.0},{"damage":0.0,"enemies":"2 Thieves","floor":18.0,"turns":2.0},{"damage":0.0,"enemies":"Shell Parasite","floor":22.0,"turns":2.0},{"damage":0.0,"enemies":"Book of Stabbing","floor":24.0,"turns":2.0},{"damage":0,"enemies":"Slavers","floor":27,"turns":1},{"damage":0,"enemies":"Sentry and Sphere","floor":29,"turns":1},{"damage":0,"enemies":"Gremlin Leader","floor":31,"turns":1},{"damage":0,"enemies":"Champ","floor":33,"turns":1},{"damage":0,"enemies":"3 Shapes","floor":35,"turns":2},{"damage":0,"enemies":"Orb Walker","floor":36,"turns":1},{"damage":0,"enemies":"4 Shapes","floor":38,"turns":2},{"damage":0,"enemies":"2 Orb Walkers","floor":39,"turns":1},{"damage":0,"enemies":"Nemesis","floor":40,"turns":1},{"damage":0,"enemies":"Giant Head","floor":42,"turns":1},{"damage":0,"enemies":"Nemesis","floor":44,"turns":1},{"damage":0,"enemies":"Writhing Mass","floor":46,"turns":3},{"damage":0,"enemies":"Transient","floor":47,"turns":6},{"damage":0,"enemies":"4 Shapes","floor":48,"turns":2},{"damage":0,"enemies":"Donu and Deca","floor":50,"turns":1},{"damage":0,"enemies":"Awakened One","floor":51,"turns":2},{"damage":0,"enemies":"Shield and Spear","floor":55,"turns":2},{"damage":0,"enemies":"The Heart","floor":56,"turns":4}],"seed_played":"4584937576859435234","potions_obtained":[{"floor":1.0,"key":"SteroidPotion"},{"floor":3.0,"key":"SkillPotion"},{"floor":10.0,"key":"DuplicationPotion"},{"floor":14.0,"key":"Block Potion"},{"floor":17.0,"key":"Block Potion"},{"floor":22.0,"key":"AttackPotion"},{"floor":36,"key":"EssenceOfSteel"},{"floor":38,"key":"AttackPotion"},{"floor":44,"key":"Strength Potion"},{"floor":48,"key":"Swift Potion"}],"is_trial":false,"path_per_floor":["M","?","M","M","?","R","M","R","T","M","$","E","M","M","R","B",null,"M","?","?","$","M","R","E","R","T","E","?","M","?","E","R","B",null,"M","M","?","M","?","E","R","E","T","E","R","M","M","M","R","B","B",null,"R","$","E","B",null],"character_chosen":"WATCHER","items_purchased":["EssenceOfSteel","PathToVictory","OrangePellets"],"campfire_rested":3,"item_purchase_floors":[11,21,54],"current_hp_per_floor":[9,9,7,7,7,27,27,27,27,21,21,21,17,17,17,17,60,60,60,60,60,60,60,60,60,60,60,60,60,60,60,60,60,70,70,70,70,70,70,70,70,70,70,70,73,73,73,73,73,73,73,73,73,73,73,73],"gold":540,"neow_bonus":"BOSS_RELIC","is_daily":false,"chose_seed":false,"campfire_upgraded":5,"win_rate":0.0,"timestamp":1609715736,"path_taken":["M","?","M","M","?","R","M","R","T","M","$","E","M","M","R","BOSS","M","?","?","$","M","R","E","R","T","E","?","M","?","E","R","BOSS","M","?","?","M","?","E","R","E","T","E","R","M","?","M","R","BOSS","BOSS","R","$","E","BOSS"],"items_purchased_type":["Potion","Card","Relic"],"build_version":"2020-12-22","purchased_purges":1,"victory":true,"max_hp_per_floor":[68,68,68,68,68,68,68,68,68,68,68,68,68,68,68,68,73,73,73,73,73,73,73,73,73,73,73,73,73,73,73,73,73,73,73,73,73,73,73,73,73,73,73,73,73,73,73,73,73,73,73,73,73,73,73,73],"relic_stats":{"counters":[30,91],"Boot":[138],"Medical Kit":[4],"Peace Pipe":3,"OrangePellets":[2],"Nunchaku":[11],"TheAbacus":[180],"Shuriken":[8],"Gambling Chip":[3],"Pandora\u0027s Box":["DeceiveReality","SpiritShield","JustLucky","Alpha","WheelKick","WindmillStrike","DeceiveReality","Blasphemy"],"VioletLotus":[142],"obtain_stats":[{"Lantern":12,"Tiny House":17,"Calipers":54,"Vajra":9,"TeardropLocket":27,"Boot":43,"Medical Kit":55,"Peace Pipe":39,"OrangePellets":54,"CaptainsWheel":42,"Nunchaku":44,"Anchor":54,"TheAbacus":54,"Shuriken":54,"MutagenicStrength":28,"Gambling Chip":40,"Pandora\u0027s Box":0,"Molten Egg 2":31,"VioletLotus":34,"PureWater":0,"FossilizedHelix":24,"Unceasing Top":55},{"Lantern":6,"Tiny House":9,"Calipers":28,"Vajra":4,"TeardropLocket":13,"Boot":22,"Medical Kit":29,"Peace Pipe":20,"OrangePellets":28,"CaptainsWheel":22,"Nunchaku":23,"Anchor":28,"TheAbacus":28,"Shuriken":28,"MutagenicStrength":13,"Gambling Chip":21,"Pandora\u0027s Box":0,"Molten Egg 2":15,"VioletLotus":16,"PureWater":0,"FossilizedHelix":12,"Unceasing Top":29},{"Lantern":44,"Tiny House":52,"Calipers":85,"Vajra":30,"TeardropLocket":59,"Boot":70,"Medical Kit":86,"Peace Pipe":68,"OrangePellets":85,"CaptainsWheel":70,"Nunchaku":71,"Anchor":85,"TheAbacus":85,"Shuriken":85,"MutagenicStrength":59,"Gambling Chip":69,"Pandora\u0027s Box":0,"Molten Egg 2":61,"VioletLotus":62,"PureWater":0,"FossilizedHelix":58,"Unceasing Top":87}],"Unceasing Top":[4]},"card_choices":[{"not_picked":["Wallop","CarveReality"],"picked":"MentalFortress","floor":1.0},{"not_picked":["CrushJoints","Evaluate","ThirdEye"],"picked":"SKIP","floor":3.0},{"not_picked":["Indignation","FearNoEvil","EmptyBody"],"picked":"SKIP","floor":4.0},{"not_picked":["FearNoEvil","Swivel","Protect"],"picked":"SKIP","floor":7.0},{"not_picked":["FlurryOfBlows","ThirdEye"],"picked":"Adaptation","floor":10.0},{"not_picked":["Wish","WindmillStrike","DeceiveReality"],"picked":"SKIP","floor":12.0},{"not_picked":["ClearTheMind","Evaluate"],"picked":"InnerPeace","floor":13.0},{"not_picked":["CrushJoints","Evaluate","DeceiveReality"],"picked":"SKIP","floor":14.0},{"not_picked":["FlurryOfBlows","PathToVictory"],"picked":"Tantrum","floor":17.0},{"not_picked":["BowlingBash","ForeignInfluence","Protect"],"picked":"SKIP","floor":18.0},{"not_picked":["EmptyBody+1","JustLucky","FollowUp+1"],"picked":"SKIP","floor":22.0},{"not_picked":["EmptyBody+1","JustLucky","FollowUp+1"],"picked":"SKIP","floor":22.0},{"not_picked":["Brilliance","Weave","PathToVictory"],"picked":"SKIP","floor":24.0},{"not_picked":["Collect","Omniscience","ReachHeaven"],"picked":"SKIP","floor":27},{"not_picked":["EmptyBody","InnerPeace","PathToVictory"],"picked":"SKIP","floor":29},{"not_picked":["DeceiveReality","Tantrum+1","Halt"],"picked":"SKIP","floor":31},{"not_picked":["CarveReality+1","CrushJoints+1","Tantrum+1"],"picked":"SKIP","floor":35},{"not_picked":["FollowUp+1","Pray","FlyingSleeves+1"],"picked":"SKIP","floor":36},{"not_picked":["Crescendo","Wireheading+1","Conclude+1"],"picked":"SKIP","floor":38},{"not_picked":["FollowUp+1","ClearTheMind","Alpha"],"picked":"SKIP","floor":40},{"not_picked":["Worship","CutThroughFate+1","Ragnarok+1"],"picked":"SKIP","floor":42},{"not_picked":["Meditate","CarveReality+1","Halt"],"picked":"SKIP","floor":44},{"not_picked":["CutThroughFate+1","SashWhip+1","FollowUp+1"],"picked":"SKIP","floor":46},{"not_picked":["Tantrum+1","Protect+1","WaveOfTheHand"],"picked":"SKIP","floor":47},{"not_picked":["FlyingSleeves+1","Nirvana","Blasphemy"],"picked":"SKIP","floor":48},{"not_picked":["EmptyBody+1","Halt","Adaptation"],"picked":"SKIP","floor":55}],"player_experience":1870946,"relics_obtained":[{"floor":9.0,"key":"Vajra"},{"floor":12.0,"key":"Lantern"},{"floor":24.0,"key":"FossilizedHelix"},{"floor":27,"key":"TeardropLocket"},{"floor":31,"key":"Molten Egg 2"},{"floor":39,"key":"Peace Pipe"},{"floor":40,"key":"Gambling Chip"},{"floor":42,"key":"CaptainsWheel"},{"floor":43,"key":"Boot"},{"floor":44,"key":"Nunchaku"},{"floor":55,"key":"Unceasing Top"}],"event_choices":[{"damage_healed":0.0,"max_hp_gain":0.0,"max_hp_loss":0.0,"gold_gain":0.0,"event_name":"Living Wall","player_choice":"Grow","floor":2.0,"gold_loss":0.0,"damage_taken":0.0,"cards_upgraded":["Eruption"]},{"damage_healed":0.0,"max_hp_gain":0.0,"max_hp_loss":0.0,"gold_gain":0.0,"event_name":"Liars Game","player_choice":"Ignored","floor":5.0,"gold_loss":0.0,"damage_taken":0.0},{"cards_removed":["Vigilance"],"damage_healed":0.0,"max_hp_gain":0.0,"max_hp_loss":0.0,"gold_gain":0.0,"event_name":"Beggar","player_choice":"Gave Gold","floor":19.0,"gold_loss":75.0,"damage_taken":0.0},{"damage_healed":0.0,"max_hp_gain":0.0,"max_hp_loss":0.0,"gold_gain":0.0,"event_name":"The Mausoleum","player_choice":"Ignored","floor":20.0,"gold_loss":0.0,"damage_taken":0.0},{"damage_healed":0,"gold_gain":0,"player_choice":"Inject Mutagens","damage_taken":0,"relics_obtained":["MutagenicStrength"],"max_hp_gain":0,"max_hp_loss":0,"event_name":"Drug Dealer","floor":28,"gold_loss":0},{"damage_healed":0,"gold_gain":50,"player_choice":"Pray","damage_taken":0,"max_hp_gain":0,"max_hp_loss":0,"event_name":"Golden Shrine","floor":30,"gold_loss":0},{"cards_removed":["InnerPeace"],"damage_healed":0,"gold_gain":0,"player_choice":"Removed Skill","damage_taken":0,"max_hp_gain":0,"max_hp_loss":0,"event_name":"Falling","floor":37,"gold_loss":0},{"damage_healed":0,"gold_gain":0,"player_choice":"Fight","damage_taken":0,"max_hp_gain":0,"max_hp_loss":0,"event_name":"Mysterious Sphere","floor":39,"gold_loss":0}],"is_beta":false,"boss_relics":[{"not_picked":["Ectoplasm","Velvet Choker"],"picked":"Tiny House"},{"not_picked":["Calling Bell","Coffee Dripper"],"picked":"VioletLotus"}],"items_purged_floors":[21],"is_endless":false,"potions_floor_spawned":[1,3,10,14,18,22,36,38,44,46,47,48,55],"ascension_level":20}}