{"host":"qwttrqaysb380yri","time":1609670029,"event":{"mods":["BaseMod","Custom Start","Minty Spire (QoL Compilation)","Permanent Neow","Puzzle Mod","Relic Stats","StSLib","The Hierophant"],"gold_per_floor":[118,131,142,217,22,22,22,22],"floor_reached":7,"playtime":174,"items_purged":[],"score":72,"play_id":"073308ce-5253-40e4-973a-b104f30f8858","local_time":"20210103113349","is_ascension_mode":true,"campfire_choices":[{"floor":6,"key":"REST"}],"circlet_count":0,"master_deck":["AscendersBane","Strike_G","Strike_G","Strike_G","Strike_G","Strike_G","Defend_G","Defend_G","Defend_G","Defend_G","Defend_G","Survivor","Neutralize","Poisoned Stab","Eviscerate","Deadly Poison","Prepared"],"relics":["Ring of the Snake","Potion Belt","PrismaticShard"],"acts_visited":["Exordium"],"potions_floor_usage":[],"damage_taken":[{"damage":3,"enemies":"Small Slimes","floor":1,"turns":4},{"damage":0,"enemies":"2 Louse","floor":2,"turns":2},{"damage":7,"enemies":"Jaw Worm","floor":3,"turns":4},{"damage":48,"enemies":"Lagavulin","floor":7,"turns":6}],"seed_played":"-8627295512808577546","potions_obtained":[],"is_trial":false,"path_per_floor":["M","M","M","?","$","R","E"],"character_chosen":"THE_SILENT","items_purchased":["PrismaticShard","Prepared"],"campfire_rested":1,"item_purchase_floors":[5,5],"current_hp_per_floor":[56,56,49,38,38,57,9,9],"gold":22,"neow_bonus":"RANDOM_COMMON_RELIC","is_daily":false,"chose_seed":false,"campfire_upgraded":0,"win_rate":0.0,"timestamp":1609670029,"path_taken":["M","M","M","?","$","R","E"],"items_purchased_type":["Relic","Card"],"build_version":"2020-12-22","purchased_purges":0,"victory":false,"max_hp_per_floor":[66,66,66,66,66,66,66,66],"relic_stats":{"counters":[4,16],"obtain_stats":[{"Potion Belt":0,"PrismaticShard":5,"Ring of the Snake":0},{"Potion Belt":0,"PrismaticShard":3,"Ring of the Snake":0},{"Potion Belt":0,"PrismaticShard":10,"Ring of the Snake":0}],"Ring of the Snake":[8]},"card_choices":[{"not_picked":["Deflect","Catalyst"],"picked":"Poisoned Stab","floor":1},{"not_picked":["Acrobatics","Concentrate"],"picked":"Eviscerate","floor":2},{"not_picked":["Sucker Punch","PiercingWail"],"picked":"Deadly Poison","floor":3}],"player_experience":1992876,"relics_obtained":[],"event_choices":[{"damage_healed":0,"gold_gain":75,"player_choice":"Gather Gold","damage_taken":11,"max_hp_gain":0,"max_hp_loss":0,"event_name":"World of Goop","floor":4,"gold_loss":0}],"is_beta":false,"boss_relics":[],"items_purged_floors":[],"is_endless":false,"potions_floor_spawned":[],"killed_by":"Lagavulin","ascension_level":15}}