{"host":"utqe55yv0jihe4d6","time":1609692475,"event":{"mods":["2.2 Compatiblity","AchievementEnabler","BaseMod","Block Reminder","Colored Map","Colored Powertips","Minty Spire (QoL Compilation)","Quick Restart","Rare Cards Sparkle","Relic Stats","SuperFastMode"],"gold_per_floor":[113,130,130,205,355,355,392,412,493,65,91,133,133,161,161,249,249,274,292,320,349,239,239,265,265,289,308,351,351,74,114,114,201,228,253,274,59,26,35,79,108,146,146,146,171,182,182,215,215,215,215,215,215,5,48,48],"floor_reached":57,"playtime":2461,"items_purged":["Doubt"],"score":2980,"play_id":"8da24341-59b6-46e1-829a-ba05d56ddc1a","local_time":"20210103114755","is_ascension_mode":true,"campfire_choices":[{"data":"Bash","floor":6.0,"key":"SMITH"},{"floor":13.0,"key":"REST"},{"floor":15.0,"key":"REST"},{"data":"Fire Breathing","floor":23.0,"key":"SMITH"},{"data":"Immolate","floor":25.0,"key":"SMITH"},{"data":"Feel No Pain","floor":29.0,"key":"SMITH"},{"data":"Barricade","floor":32.0,"key":"SMITH"},{"floor":47.0,"key":"RECALL"},{"data":"Demon Form","floor":49.0,"key":"SMITH"},{"data":"Body Slam","floor":53.0,"key":"SMITH"}],"circlet_count":0,"master_deck":["AscendersBane","Defend_R","Bash+1","Anger+1","Feel No Pain+1","Fire Breathing+1","Carnage","Finesse+1","Whirlwind","Impervious+1","Disarm+1","Double Tap+1","Power Through+1","Immolate+1","Brutality","Flame Barrier+1","Headbutt","Havoc+1","Flame Barrier+1","Infernal Blade+1","Barricade+1","Offering+1","Thunderclap+1","Flame Barrier+1","Intimidate+1","Uppercut","Evolve+1","Dark Embrace","Blind+1","Body Slam+1","Seeing Red+1","Shrug It Off+1","Havoc+1","Warcry+1","Burning Pact+1","Demon Form+1","Barricade","Shrug It Off+1"],"relics":["Burning Blood","CeramicFish","Toxic Egg 2","Gremlin Horn","Matryoshka","Mark of Pain","Bronze Scales","Boot","Centennial Puzzle","Self Forming Clay","Ancient Tea Set","Astrolabe","HornCleat","Ornamental Fan","Orichalcum","Thread and Needle","Bag of Marbles"],"acts_visited":["Exordium","TheCity","TheBeyond","TheEnding"],"potions_floor_usage":[],"damage_taken":[{"damage":10.0,"enemies":"Small Slimes","floor":1.0,"turns":4.0},{"damage":4.0,"enemies":"2 Louse","floor":2.0,"turns":4.0},{"damage":41.0,"enemies":"Gremlin Nob","floor":7.0,"turns":5.0},{"damage":6.0,"enemies":"Jaw Worm","floor":8.0,"turns":4.0},{"damage":6.0,"enemies":"2 Fungi Beasts","floor":11.0,"turns":4.0},{"damage":6.0,"enemies":"3 Sentries","floor":12.0,"turns":5.0},{"damage":18.0,"enemies":"Lots of Slimes","floor":14.0,"turns":4.0},{"damage":25.0,"enemies":"Slime Boss","floor":16.0,"turns":9.0},{"damage":0.0,"enemies":"3 Byrds","floor":18.0,"turns":5.0},{"damage":29.0,"enemies":"Shell Parasite","floor":20.0,"turns":8.0},{"damage":13.0,"enemies":"3 Cultists","floor":21.0,"turns":5.0},{"damage":15.0,"enemies":"Snake Plant","floor":24.0,"turns":3.0},{"damage":2.0,"enemies":"Centurion and Healer","floor":27.0,"turns":4.0},{"damage":1.0,"enemies":"Gremlin Leader","floor":28.0,"turns":5.0},{"damage":5.0,"enemies":"Book of Stabbing","floor":31.0,"turns":5.0},{"damage":27.0,"enemies":"Collector","floor":33.0,"turns":10.0},{"damage":6.0,"enemies":"3 Shapes","floor":35.0,"turns":5.0},{"damage":10.0,"enemies":"Orb Walker","floor":36.0,"turns":4.0},{"damage":12.0,"enemies":"Nemesis","floor":40.0,"turns":7.0},{"damage":1.0,"enemies":"Jaw Worm Horde","floor":41.0,"turns":4.0},{"damage":6.0,"enemies":"Reptomancer","floor":42.0,"turns":5.0},{"damage":6.0,"enemies":"Spire Growth","floor":45.0,"turns":5.0},{"damage":5.0,"enemies":"Sphere and 2 Shapes","floor":46.0,"turns":4.0},{"damage":15.0,"enemies":"Giant Head","floor":48.0,"turns":6.0},{"damage":24.0,"enemies":"Donu and Deca","floor":50.0,"turns":10.0},{"damage":6.0,"enemies":"Time Eater","floor":51.0,"turns":9.0},{"damage":22.0,"enemies":"Shield and Spear","floor":55.0,"turns":6.0},{"damage":41,"enemies":"The Heart","floor":56,"turns":9}],"seed_played":"-5731454433432205588","potions_obtained":[{"floor":0.0,"key":"Fire Potion"},{"floor":0.0,"key":"Block Potion"},{"floor":7.0,"key":"SpeedPotion"},{"floor":11.0,"key":"Block Potion"},{"floor":14.0,"key":"Block Potion"},{"floor":16.0,"key":"SteroidPotion"},{"floor":28.0,"key":"AttackPotion"},{"floor":33.0,"key":"SkillPotion"},{"floor":42.0,"key":"BloodPotion"},{"floor":45.0,"key":"BlessingOfTheForge"}],"is_trial":false,"path_per_floor":["M","M","?","?","?","R","E","M","T","$","M","E","R","M","R","B",null,"M","?","M","M","?","R","M","R","T","M","E","R","$","E","R","B",null,"M","M","$","$","?","E","M","E","T","?","M","M","R","E","R","B","B",null,"R","$","E","B",null],"character_chosen":"IRONCLAD","items_purchased":["Gremlin Horn","Finesse+1","Self Forming Clay","Dark Embrace","Blind+1","Body Slam","Seeing Red+1","Barricade","PowerPotion"],"campfire_rested":2,"item_purchase_floors":[10,10,30,37,37,37,38,54,54],"current_hp_per_floor":[64,66,59,48,48,48,13,13,13,13,13,13,35,23,45,26,63,69,69,46,39,39,39,30,30,30,34,39,39,39,40,40,19,61,61,57,57,57,57,51,56,56,56,56,70,71,71,62,62,44,44,64,64,64,48,13],"gold":48,"neow_bonus":"THREE_SMALL_POTIONS","is_daily":false,"chose_seed":false,"campfire_upgraded":7,"win_rate":0.0,"timestamp":1609692475,"path_taken":["M","M","?","?","?","R","E","M","T","$","M","E","R","M","R","BOSS","M","?","M","M","?","R","M","R","T","M","E","R","$","E","R","BOSS","M","M","?","$","?","E","?","E","T","?","M","M","R","E","R","BOSS","BOSS","R","$","E","BOSS"],"items_purchased_type":["Relic","Card","Relic","Card","Card","Card","Card","Card","Potion"],"build_version":"2020-12-22","purchased_purges":1,"victory":true,"max_hp_per_floor":[75,75,75,75,75,75,75,75,75,75,75,75,75,75,75,75,75,75,75,75,75,75,75,75,75,75,75,75,75,75,75,75,75,75,75,75,75,75,75,75,75,75,75,71,71,71,71,71,71,71,71,71,71,71,71,71],"relic_stats":{"Centennial Puzzle":[42],"Gremlin Horn":[29,31],"counters":[28,158],"Self Forming Clay":[150],"Ornamental Fan":[44],"CeramicFish":297,"Bronze Scales":[358],"Astrolabe":["Thunderclap","Flame Barrier","Intimidate"],"Orichalcum":[0],"Boot":[17],"obtain_stats":[{"Gremlin Horn":10,"Self Forming Clay":30,"CeramicFish":7,"Astrolabe":34,"Thread and Needle":48,"Orichalcum":43,"Boot":26,"Ancient Tea Set":31,"Burning Blood":0,"Centennial Puzzle":28,"Matryoshka":12,"HornCleat":40,"Ornamental Fan":42,"Bronze Scales":26,"Mark of Pain":17,"Bag of Marbles":55,"Toxic Egg 2":9},{"Gremlin Horn":4,"Self Forming Clay":14,"CeramicFish":3,"Astrolabe":16,"Thread and Needle":24,"Orichalcum":21,"Boot":12,"Ancient Tea Set":15,"Burning Blood":0,"Centennial Puzzle":14,"Matryoshka":6,"HornCleat":19,"Ornamental Fan":21,"Bronze Scales":12,"Mark of Pain":8,"Bag of Marbles":27,"Toxic Egg 2":4},{"Gremlin Horn":17,"Self Forming Clay":69,"CeramicFish":13,"Astrolabe":84,"Thread and Needle":124,"Orichalcum":109,"Boot":60,"Ancient Tea Set":74,"Burning Blood":0,"Centennial Puzzle":69,"Matryoshka":26,"HornCleat":100,"Ornamental Fan":109,"Bronze Scales":60,"Mark of Pain":39,"Bag of Marbles":149,"Toxic Egg 2":17}],"Burning Blood":168},"card_choices":[{"not_picked":["Evolve","Clash"],"picked":"Anger","floor":1.0},{"not_picked":["Perfected Strike","Fire Breathing"],"picked":"Feel No Pain","floor":2.0},{"not_picked":["Headbutt","Clothesline"],"picked":"Fire Breathing","floor":7.0},{"not_picked":["Warcry","Combust"],"picked":"Carnage","floor":8.0},{"not_picked":["Limit Break+1","Perfected Strike"],"picked":"Whirlwind","floor":11.0},{"not_picked":["Inflame","Shrug It Off+1"],"picked":"Impervious+1","floor":12.0},{"not_picked":["Body Slam","Reckless Charge"],"picked":"Disarm+1","floor":14.0},{"not_picked":["Limit Break+1","Impervious+1"],"picked":"Double Tap+1","floor":16.0},{"not_picked":["Heavy Blade+1","Fire Breathing"],"picked":"Power Through+1","floor":18.0},{"not_picked":["Twin Strike","Iron Wave"],"picked":"Flame Barrier+1","floor":20.0},{"not_picked":["Combust","Perfected Strike"],"picked":"Headbutt","floor":21.0},{"not_picked":["Headbutt","Flex+1"],"picked":"Havoc+1","floor":24.0},{"not_picked":["Rupture","Combust"],"picked":"Flame Barrier+1","floor":27.0},{"not_picked":["Havoc+1","Perfected Strike"],"picked":"Infernal Blade+1","floor":28.0},{"not_picked":["Sentinel+1","Bloodletting+1"],"picked":"Barricade","floor":31.0},{"not_picked":["Impervious+1","Bludgeon"],"picked":"Offering+1","floor":33.0},{"not_picked":["Twin Strike","Iron Wave+1"],"picked":"Uppercut","floor":35.0},{"not_picked":["Combust","Carnage"],"picked":"Evolve+1","floor":36.0},{"not_picked":["Sever Soul","Whirlwind"],"picked":"Havoc+1","floor":40.0},{"not_picked":["Anger","Hemokinesis"],"picked":"Warcry+1","floor":41.0},{"not_picked":["Twin Strike","Pommel Strike"],"picked":"Burning Pact+1","floor":42.0},{"not_picked":["Twin Strike","Evolve"],"picked":"Demon Form","floor":45.0},{"not_picked":["Heavy Blade+1","Thunderclap","Dark Embrace"],"picked":"SKIP","floor":46.0},{"not_picked":["Perfected Strike","Metallicize","Rampage"],"picked":"SKIP","floor":48.0},{"not_picked":["Heavy Blade","Uppercut"],"picked":"Shrug It Off+1","floor":55.0}],"player_experience":2931992,"relics_obtained":[{"floor":7.0,"key":"CeramicFish"},{"floor":9.0,"key":"Toxic Egg 2"},{"floor":12.0,"key":"Matryoshka"},{"floor":26.0,"key":"Bronze Scales"},{"floor":26.0,"key":"Boot"},{"floor":28.0,"key":"Centennial Puzzle"},{"floor":31.0,"key":"Ancient Tea Set"},{"floor":40.0,"key":"HornCleat"},{"floor":42.0,"key":"Ornamental Fan"},{"floor":43.0,"key":"Orichalcum"},{"floor":48.0,"key":"Thread and Needle"},{"floor":55.0,"key":"Bag of Marbles"}],"event_choices":[{"cards_removed":["Strike_R"],"damage_healed":0.0,"max_hp_gain":0.0,"max_hp_loss":0.0,"gold_gain":0.0,"event_name":"Golden Wing","player_choice":"Card Removal","floor":3.0,"gold_loss":0.0,"damage_taken":7.0},{"damage_healed":0.0,"max_hp_gain":0.0,"max_hp_loss":0.0,"gold_gain":75.0,"event_name":"World of Goop","player_choice":"Gather Gold","floor":4.0,"gold_loss":0.0,"damage_taken":11.0},{"damage_healed":0.0,"max_hp_gain":0.0,"max_hp_loss":0.0,"gold_gain":150.0,"event_name":"Liars Game","player_choice":"AGREE","floor":5.0,"gold_loss":0.0,"damage_taken":0.0,"cards_obtained":["Doubt"]},{"damage_healed":0.0,"max_hp_gain":0.0,"max_hp_loss":0.0,"gold_gain":0.0,"cards_transformed":["Strike_R","Strike_R"],"event_name":"Drug Dealer","player_choice":"Became Test Subject","floor":19.0,"gold_loss":0.0,"damage_taken":0.0,"cards_obtained":["Immolate","Brutality"]},{"cards_removed":["Strike_R"],"damage_healed":0.0,"max_hp_gain":0.0,"max_hp_loss":0.0,"gold_gain":0.0,"event_name":"Designer","player_choice":"Upgrade and Remove","floor":22.0,"gold_loss":110.0,"damage_taken":0.0,"cards_upgraded":["Anger"]},{"damage_healed":0.0,"max_hp_gain":0.0,"max_hp_loss":0.0,"gold_gain":0.0,"cards_transformed":["Defend_R"],"event_name":"Transmorgrifier","player_choice":"Transformed","floor":39.0,"gold_loss":0.0,"damage_taken":0.0,"cards_obtained":["Shrug It Off"]},{"damage_healed":0.0,"max_hp_gain":0.0,"max_hp_loss":4.0,"gold_gain":0.0,"event_name":"Winding Halls","player_choice":"Max HP","floor":44.0,"gold_loss":0.0,"damage_taken":0.0}],"is_beta":false,"boss_relics":[{"not_picked":["Velvet Choker","Runic Dome"],"picked":"Mark of Pain"},{"not_picked":["Black Star","SlaversCollar"],"picked":"Astrolabe"}],"items_purged_floors":[10],"is_endless":false,"potions_floor_spawned":[7,11,14,16,18,24,28,33,36,40,42,45,48],"ascension_level":20}}